3284 4459
531 534 572 574 nn
586 533 728 579 c1v1rnan
741 533 795 574 nna
807 533 911 578 buxea
926 533 949 574 c.
963 535 995 576 aa.
1009 535 1041 574 aa.
1227 519 1291 583 ltu

286 676 315 746 te
337 668 495 728 Dominam
514 668 611 728 Deam
628 671 714 729 caeti
734 675 764 728 et
786 668 946 728 Dumium
969 675 1081 741 terrae,
1103 674 1138 728 at
1159 685 1219 728 aea
1241 686 1289 729 aa·

285 773 349 827 mas
376 773 503 816 caerem
527 758 592 828 filio
619 773 683 816 meo
712 756 804 817 Isaac
831 775 851 816 a
876 758 999 829 filiabus
1030 757 1292 836 Obaaaaaecram,

286 846 342 904 nisi
372 842 528 904 [lominum
551 842 644 905 Deum
673 843 746 904 caeli
776 854 806 904 et
828 843 986 904 [lominum
1012 852 1109 905 terrae
1138 846 1292 925 incarne,

286 950 360 1011 quae
383 950 419 992 ex
441 931 490 991 illa
513 933 625 992 lemare
650 932 834 1012 trahebatur,
862 933 953 994 luisse
977 927 1156 1008 reatinum?
1200 931 1289 994 Num-

286 1020 355 1098 quid
379 1020 452 1081 haec
474 1037 563 1099 parra
581 1030 652 1081 sunt
670 1023 891 1099 praenuntiatae
912 1021 1020 1082 indicia
1037 1021 1178 1100 veritatis,
1202 1034 1324 1099 quama

286 1107 415 1187 conpleri
440 1109 572 1169 uidemus
594 1110 626 1168 in
648 1104 788 1169 Christo?

642 1331 757 1398 aaran
780 1331 931 1401 XXXIV.

289 1463 370 1534 Ouid
391 1464 623 1536 inteileaeadana
650 1463 692 1521 sit
712 1463 744 1521 ia
767 1477 815 1541 eo,
843 1462 925 1535 qaod
945 1461 1102 1522 Abrabam
1120 1470 1192 1538 past
1212 1435 1289 1524 mcrss

447 1557 505 1610 tem
529 1551 648 1611 Sarrae
673 1549 828 1609 Cetturam
851 1551 970 1625 accepit
991 1567 1125 1611 uxorem.

374 1671 451 1743 Quid
478 1681 577 1733 autem
607 1671 663 1732 sibi
690 1670 765 1752 unilt,
792 1671 870 1750 quud
899 1671 1043 1732 Abrabam
1070 1681 1138 1752 pust
1164 1681 1290 1736 martem
1311 1687 1343 1734 10

287 1759 392 1820 Sarrae
416 1759 567 1820 Cetturam
589 1760 674 1820 duxit
695 1756 842 1820 uxorem?
873 1759 929 1820 Ubi
952 1759 1028 1820 absit
1050 1771 1084 1822 ut
1105 1763 1288 1823 incontinen-

285 1851 356 1910 tiam
379 1850 579 1929 suspicemur,
606 1849 781 1927 praesertim
808 1850 839 1908 in
866 1847 914 1908 illa
938 1849 993 1909 iam
1018 1851 1113 1910 aetate
1136 1859 1166 1911 et
1188 1853 1218 1910 in
1241 1849 1289 1910 illa

285 1937 353 1997 lidei
382 1940 544 1997 sanctitate.
591 1938 634 1996 bn
662 1935 757 1997 adbuc
784 1936 960 2015 procreandi
990 1937 1041 1997 tilii
1064 1937 1290 2019 quaerebantur,

285 2043 352 2085 eum
380 2027 437 2084 iam
461 2023 522 2084 Dec
550 2027 740 2104 promittente
767 2034 848 2085 tanta
878 2023 1080 2104 multiplicatio
1104 2025 1229 2086 liliorum
1253 2023 1289 2087 ex'

284 2112 443 2192 laaacper
461 2111 560 2174 stellas
578 2113 651 2172 caeli
674 2121 704 2173 et
722 2113 861 2173 harenam
884 2121 981 2174 terrae
1005 2112 1061 2172 lide
1084 2112 1289 2192 probatissima
1310 2126 1342 2176 15

284 2197 466 2263 teneretur?
497 2200 562 2260 Sed·
578 2202 711 2280 proiecto
735 2204 760 2261 si
783 2202 859 2280 Agar
882 2208 914 2261 et
935 2199 1054 2281 ismael,
1078 2201 1198 2262 ductore
1222 2220 1289 2282 apa·

284 2289 375 2369 stolo,
402 2289 639 2368 significaverunt
662 2289 794 2349 carnales
816 2291 925 2350 veteris
948 2291 1130 2369 testamenti,
1153 2307 1207 2351 cur
1230 2309 1290 2351 nan

284 2380 374 2439 etiam
398 2376 519 2437 Cettura
545 2387 575 2437 et
603 2376 654 2437 lilii
677 2379 742 2438 eius
764 2377 930 2456 significent
953 2377 1097 2458 carnales,
1124 2380 1175 2456 qui
1198 2395 1230 2438 se
1253 2377 1289 2438 ad

283 2474 496 2526 testamentum
519 2483 627 2524 truttam
650 2468 817 2526 existimant
840 2461 1012 2544 pertinere?
1047 2464 1156 2526 Ambae
1179 2469 1288 2546 quippe

283 2565 316 2614 et
344 2571 452 2614 errares
474 2552 606 2613 Abrahae
636 2562 666 2614 et
693 2554 873 2614 concubinae
902 2563 972 2614 sunt
999 2553 1172 2633 appellatae3
1201 2553 1288 2615 Sarra
1307 2567 1342 2616 20

282 2661 356 2702 vera
375 2658 535 2719 numquam
553 2640 632 2701 dicta
650 2651 696 2702 est
718 2640 890 2702 concubina.
936 2640 1008 2701 Nam
1032 2651 1061 2702 et
1084 2643 1199 2720 quaudo
1223 2642 1288 2704 data

283 2743 331 2791 est
350 2731 427 2809 Agar
445 2728 587 2808 Abrahae,
609 2731 649 2790 ita
673 2731 815 2808 scriptum
839 2737 898 2790 est:
920 2729 961 2790 Et
983 2731 1185 2806 adprehendit
1207 2732 1289 2792 Sara

281 2837 367 2880 acor
385 2819 499 2880 Abram
517 2820 603 2892 Aper
626 2820 804 2894 Aeayptiam
827 2821 970 2880 ancillam
991 2835 1077 2880 saara
1097 2826 1166 2898 past
1187 2822 1290 2882 decem

282 2925 400 2987 annae,
432 2923 522 2982 qaam
544 2907 737 2967 habitaverat
757 2909 873 2968 Abram
897 2909 928 2967 ia
955 2914 1041 2967 terra
1068 2907 1228 2983 obuncare,
1260 2917 1290 2970 et

282 2997 368 3056 dedit
401 3011 467 3055 eam
491 2995 605 3055 Abram
636 2997 702 3055 aira
732 3012 787 3056 sao
820 2997 880 3071 a'psi
910 3011 1064 3058 acorem.
1094 2993 1136 3055 De
1169 2995 1289 3057 Cettura
1309 3008 1341 3056 25

281 3094 394 3164 autem,
418 3100 504 3160 quam
523 3089 591 3160 past
615 3079 727 3143 ebitum
747 3081 852 3142 Sarrae
875 3084 997 3163 accepit,
1016 3069 1062 3154 sic
1086 3083 1205 3164 iegitur:
1228 3087 1287 3146 Ad-

281 3175 380 3234 icieas
404 3180 503 3232 autem
526 3171 682 3230 Abrabam
703 3173 829 3246 sumpsit
851 3188 990 3243 aaarera,
1018 3174 1071 3232 cai
1092 3189 1197 3234 nemea
1224 3173 1288 3236 Uat-

280 3270 365 3320 tara.
412 3256 488 3318 Ecce
521 3257 621 3318 ambae
654 3257 793 3318 dicuntur
820 3275 941 3338 tinores3
974 3257 1074 3318 ambae
1101 3278 1190 3338 porro
1220 3279 1288 3322 con-

280 3346 410 3408 cubinae
425 3347 517 3407 luisse
536 3347 735 3426 reperiuntur,
760 3354 862 3425 pastea
880 3345 997 3407 dicente
1017 3349 1176 3426 scriptura:
1198 3347 1290 3409 Iledit

353 3472 380 3537 2)
400 3467 468 3521 Gen.
488 3473 530 3535 24,
546 3473 612 3536 leq.
668 3471 711 3536 17)
731 3468 791 3522 Gal.
810 3476 836 3536 4,
851 3475 893 3523 24.
949 3471 992 3536 25)
1012 3468 1079 3522 Gen.
1100 3473 1142 3535 16,
1158 3471 1181 3521 3.

354 3641 368 3689 1
389 3635 533 3689 dominum
554 3637 659 3692 VR¹F
674 3636 798 3706 (ἐξορκιῶ
812 3655 843 3692 σε
857 3637 977 3706 κύριον);
996 3654 1046 3707 per
1064 3635 1207 3690 dominum
1222 3634 1290 3690 R’A

278 3725 441 3796 Gabeqpa
460 3727 471 3794 ΙΙ
488 3727 522 3786 ni
545 3742 595 3780 om.
614 3725 645 3780 F
662 3728 708 3794 112
730 3726 765 3780 de
782 3725 820 3780 fil.
840 3722 949 3780 ΨΜ
968 3727 978 3794 ΙΙ
998 3730 1014 3778 8
1032 3727 1097 3794 poet
1115 3737 1207 3778 serrae
1227 3740 1290 3777 eon-

275 3796 392 3867 iugium
409 3797 445 3866 sq
458 3797 468 3865 fl
482 3801 515 3850 25
534 3811 596 3850 earn
615 3813 664 3851 ora.
686 3798 715 3850 V

1028 3885 1078 3938 12¹
