3284 4459
333 497 398 569 268
592 539 594 544 .
734 508 755 548 s.
769 507 935 550 sconsum
997 525 1032 538 -›
1080 523 1086 532 ,

332 643 434 706 Martis
462 651 493 705 et
519 645 586 722 pagi
614 644 698 722 quasi
713 641 823 702 ,Martis
849 659 956 720 pagum
980 644 1148 705 nominasse
1171 643 1341 724 credantur,

332 736 364 794 in
382 734 520 792 iniuriam
538 730 673 792 videlicet
691 733 856 810 numinum,
879 748 897 790 a
919 729 1026 808 quihus
1050 731 1140 810 litigia
1164 731 1209 792 rei
1231 730 1341 793 iudicia

287 813 291 820 ’
334 822 481 882 existimat
503 820 609 899 alieua3
637 836 696 888 non
723 821 822 888 minus
844 818 916 899 hoc,
944 818 1023 896 quod
1046 817 1082 879 de
1106 818 1198 879 Marte
1220 819 1342 901 dicitur,

334 909 438 970 ialsum
467 925 532 973 esse
561 908 750 986 adseverans,
777 925 865 985 quam
895 905 967 967 illud
990 906 1069 985 quod
1092 907 1129 967 de
1153 907 1250 968 tribus
1272 908 1340 968 dea·

298 996 399 1078 abus,
422 995 534 1057 lunone
554 995 667 1060 scilicet
690 1004 720 1056 et
737 995 868 1063 Minerva
892 1003 923 1054 et
942 993 1063 1076 Venere,
1087 1013 1161 1074 quae
1185 1014 1240 1075 pro
1264 997 1342 1062 malo

334 1103 425 1146 aureo
453 1084 641 1163 adipiscendo
669 1083 746 1163 apud
775 1083 904 1143 iudicem
926 1081 1062 1144 Paridem
1086 1084 1123 1144 de
1146 1084 1340 1163 pulchritudi-

333 1176 380 1234 nis
410 1173 582 1234 excellentia
609 1180 738 1236 certasse
772 1180 931 1230 narrantur
958 1179 988 1230 et
1014 1170 1050 1232 ad
1077 1171 1235 1250 placandos
1263 1172 1342 1233 ludis

334 1262 415 1342 deos,
438 1264 489 1341 qui
512 1260 697 1321 delectantur
720 1278 772 1320 seu
796 1261 875 1328 veris
898 1277 951 1320 seu
975 1259 1055 1319 faisis
1078 1262 1143 1321 istis
1166 1260 1342 1322 criminibus

334 1353 412 1430 suis,
444 1352 523 1410 iuter
554 1349 714 1410 theatricos
740 1347 862 1426 plausus
889 1355 1046 1408 cantantur
1072 1357 1159 1427 atque
1188 1347 1342 1417 saltantur.

284 1453 316 1502 ιο
334 1438 414 1498 Haec
436 1436 529 1498 Varro
557 1454 615 1498 non
644 1437 751 1516 credit,
778 1435 963 1504 acdeorum
987 1446 1109 1497 naturae
1131 1455 1186 1496 seu
1208 1437 1343 1521 moribus

335 1525 436 1587 credat
462 1528 638 1604 incongrua3
671 1533 700 1585 et
728 1535 826 1586 tamen
853 1542 913 1584 non
942 1523 1103 1584 fabulosam
1110 1572 1129 1605 „
1148 1524 1200 1584 sed
1222 1525 1342 1588 histori-

335 1632 399 1675 cam
431 1615 576 1676 rationem
613 1612 650 1672 de
681 1612 861 1673 Athenarum
894 1610 1035 1672 vocabulo
1072 1613 1198 1675 reddens
1230 1621 1342 1676 tantam

338 1701 468 1781 Neptuni
497 1711 527 1762 et
548 1700 695 1761 Minervae
722 1701 804 1761 litem
832 1702 895 1761 suis
918 1700 1026 1768 litteris
1048 1703 1166 1782 inserit,
1196 1701 1232 1762 de
1256 1705 1343 1763 cuius

335 1792 453 1850 nomine
477 1792 576 1868 potius
599 1788 647 1849 iila
671 1790 772 1849 civitas
795 1796 960 1863 vocaretur,
983 1797 1025 1868 ut,
1048 1807 1115 1849 cum
1139 1790 1343 1868 prodigiorum

285 1893 316 1942 15
337 1880 534 1939 ostentatione
562 1876 789 1956 contenderent,
816 1879 895 1936 inter
922 1895 973 1936 eos
1000 1875 1131 1937 iudicare
1161 1894 1216 1937 nec
1239 1879 1343 1956 Apollo

337 1965 489 2026 consultus
517 1966 655 2046 auderet,
683 1964 733 2024 sed
762 1965 887 2026 deorum
913 1966 1042 2042 iurgium
1066 1965 1241 2046 finiendum,
1264 1969 1345 2028 sicut

336 2063 563 2115 memoratarum
593 2055 683 2132 trium
710 2053 834 2128 dearum·
856 2052 890 2113 ad
914 2052 1049 2113 Paridem
1072 2052 1217 2134 Iuppiter,
1248 2056 1290 2113 ita
1313 2065 1344 2116 et

336 2146 392 2203 iste
416 2143 451 2202 ad
475 2142 609 2202 homiues
638 2143 780 2217 mitteret,
808 2139 860 2200 ubi
888 2140 1171 2218 vinceret'biinerv'a
1194 2142 1344 2221 suffragiis

337 2241 367 2292 et
397 2233 429 2290 iu
462 2248 556 2309 poena
584 2247 704 2290 suarum
732 2230 979 2306 suffragatricium
1002 2231 1185 2311 vinceretur,
1213 2233 1344 2308 quaein

283 2333 317 2383 20
337 2320 512 2380 adversariis
540 2320 602 2379 suis
631 2319 701 2377 viris
729 2316 864 2377 obtinere
887 2316 1015 2377 Athenas
1043 2321 1154 2397 potuit,
1180 2326 1211 2379 et
1234 2321 1345 2379 amicas

336 2426 405 2469 suas
429 2407 552 2467 seminas
575 2405 739 2466 Athenaeas
761 2404 870 2464 habere
894 2423 953 2464 non
976 2408 1080 2484 potuit.
1125 2405 1179 2466 His
1201 2411 1343 2486 tempori-

335 2495 400 2577 bus,
424 2504 458 2556 ut
476 2494 566 2555 Varro
585 2492 696 2574 scribit,
720 2501 861 2571 regnante
884 2493 1112 2554 Atheniensibus
1131 2493 1252 2569 Cranao,
1275 2510 1344 2556 such.

336 2603 454 2645 cessore
484 2582 638 2661 Cecropis,
669 2591 702 2642 ut
720 2590 826 2641 ¹autem
847 2583 949 2640 nostri
971 2579 1118 2642 Eusebius
1145 2591 1177 2642 et
1198 2582 1342 2664 Hierony·

336 2689 411 2752 mars,
429 2671 525 2733 adhuc
539 2670 642 2730 eodem
658 2668 788 2749 Cecrope
802 2677 1003 2749 permanente,
1022 2670 1164 2730 diluvium
1178 2670 1243 2750 fuit,
1262 2673 1343 2750 quod

284 2773 317 2822 25
337 2759 514 2839 appellatum
546 2767 592 2819 est
624 2756 842 2837 lierrcaliouis,¹
864 2775 899 2817 eo
932 2756 1011 2835 quod
1042 2759 1106 2836 ipse
1138 2758 1280 2837 regnabat
1311 2763 1343 2821 in

335 2866 436 2908 earum
465 2857 611 2908 terrarum
626 2891 627 2896 η
641 2844 788 2925 partibus,
819 2844 870 2905 ubi
899 2848 1023 2905 maxime
1047 2847 1156 2906 iactum
1179 2856 1233 2908 est.
1278 2847 1344 2910 Hoc

335 2945 432 2997 autem
460 2934 601 2995 diluvium
629 2951 814 3012 nequaquam
842 2933 879 2994 ad
906 2936 1069 3012 Aegyptum
1096 2943 1185 3012 atque
1212 2934 1248 2996 ad
1278 2939 1345 2998 eius

335 3025 430 3083 vicina
452 3024 594 3102 pervenit.

634 3155 635 3158 ’
740 3144 857 3211 Garun
879 3145 934 3212 xl.

281 3275 314 3323 30
337 3263 401 3334 Quo
426 3271 557 3339 tempore
581 3265 703 3340 Moyses
717 3269 866 3341 populum
889 3267 948 3327 Dei
971 3285 1011 3328 ex
1026 3269 1172 3342 Aeqypto
1190 3269 1344 3345 eduxerit,

333 3359 362 3412 et
382 3352 468 3412 Iesos
485 3354 579 3426 Nove,
602 3357 655 3428 qui
677 3355 774 3414 eidem
791 3358 948 3430 ,successit
969 3371 1097 3429 quorum
1110 3373 1223 3430 ¹repom
1242 3364 1345 3418 aetate

733 3445 774 3501 sit
795 3450 940 3502 mortona.

421 3552 531 3614 Eduxit
558 3571 628 3631 ergo
651 3553 764 3632 Moyses
793 3573 829 3614 ex
851 3556 981 3634 Aegypto
1004 3538 1146 3636 populum
1168 3556 1222 3617 Dei
1244 3560 1343 3617 novis·

333 3643 408 3701 simo
431 3651 564 3734 tempore
584 3640 724 3721 Cecropis
742 3643 966 3704 Atheniensium
989 3646 1078 3722 regis,
1101 3663 1170 3705 cum
1192 3643 1270 3723 apud
1288 3646 1343 3706 As·

404 3760 448 3822 23)
466 3757 565 3811 Eusab.
586 3755 685 3812 Chron.
702 3757 747 3812 ad.
768 3754 829 3812 Scb.
848 3776 875 3827 p.
891 3763 933 3827 27,
948 3776 981 3822 o„

299 3945 318 3976 „-
335 3947 353 3976 .·
404 3893 438 3941 30
457 3887 503 3961 dei
522 3904 555 3960 ex
573 3891 620 3959 fp3
639 3889 674 3942 de
689 3905 751 3957 ppo
764 3891 773 3959 ΙΙ
788 3895 820 3942 31
841 3892 870 3942 et
887 3889 982 3944 hiesus
996 3891 1043 3961 f93
1062 3894 1133 3960 et(?)
1152 3892 1188 3945 de
1205 3893 1266 3946 iesu
1276 3909 1344 3962 ραν
