3284 4459
342 484 407 549 604
745 494 946 539 s.soousrna1

342 632 429 694 daces
457 648 562 713 curae,
584 629 839 711 perturbationes,
861 648 1021 712 maerores,
1044 630 1227 712 formidines,
1249 633 1363 693 insana

342 720 461 802 gaudia,
483 718 662 801 discordiae,
684 719 765 800 lites,
787 718 877 801 bella,
899 718 1031 799 insidiae,
1053 718 1233 799 iracundiae,
1255 721 1362 781 inimi·

342 810 438 888 eitiae,
456 806 577 887 fallacia,
596 806 734 887 adulatio,
757 808 848 889 lraus,
870 807 992 888 lurtum,
1015 808 1126 886 rapina,
1149 807 1281 888 pertidia,
1304 826 1361 868 su-

341 894 453 977 perbia,
471 894 602 978 ambitio,
621 896 791 978 invidentia,
809 894 976 977 homicidia,
993 893 1160 975 parricidia,
1184 895 1364 976 crudelitas,

307 996 323 1047 t
343 985 472 1066 saevitia,
494 986 635 1065 nequitia,
658 983 787 1065 luxuria,
810 983 982 1065 petulantia,
1003 982 1185 1064 inpudentia,
1207 984 1360 1063 inpudici·

341 1074 397 1147 tia,
429 1073 656 1153 fornicationes,
688 1072 849 1152 adulteria,
880 1075 994 1133 incesta
1022 1080 1053 1133 et
1084 1081 1187 1132 contra
1216 1080 1361 1133 naturam

342 1163 500 1241 utriusque
523 1178 613 1222 serus
635 1168 680 1221 tot
704 1170 806 1241 stupra
830 1170 919 1239 atque
942 1158 1145 1241 inmunditiae,
1168 1177 1242 1239 quaa
1263 1168 1361 1240 turpe

342 1256 389 1311 est
412 1253 501 1311 etiam
524 1250 639 1330 dicere,
661 1247 826 1329 sacrilegia,
847 1248 1001 1329 haereses,
1023 1247 1231 1329 blasphemiae,
1253 1250 1359 1327 periu-

343 1339 395 1419 ria,
418 1340 627 1419 oppressiones
645 1340 858 1418 innocentium,
881 1336 1053 1417 calumniae,
1075 1339 1363 1418 circumventiones,

292 1438 324 1487 ιο
342 1429 625 1507 praevaricationes,
652 1424 722 1486 ialsa
751 1428 936 1506 testimonia,
963 1427 1064 1504 iniqua
1090 1424 1215 1507 iudicia,
1242 1424 1358 1486 violen-

343 1516 415 1597 tiae,
451 1515 606 1576 latrocinia
638 1521 668 1574 et
704 1513 847 1593 quidquid
888 1512 991 1575 talium
1023 1512 1167 1575 malorum
1203 1515 1235 1574 ln
1271 1531 1358 1574 men·

343 1610 404 1664 tem
427 1621 487 1664 non
508 1605 590 1664 venit
617 1612 647 1663 et
669 1610 768 1663 tamen
791 1602 828 1662 de
851 1604 910 1663 vita
932 1603 988 1662 ista
1010 1601 1165 1662 hominum
1187 1618 1247 1661 non
1269 1619 1358 1663 rece·

343 1687 408 1752 dit?
452 1689 560 1753 Verum
584 1689 657 1751 haec
679 1689 832 1751 hominum
855 1698 926 1751 sunt
947 1688 1102 1772 malorum,
1124 1688 1161 1751 ab
1182 1688 1230 1750 illa
1254 1698 1358 1750 tamen

343 1780 456 1839 erroris
487 1788 518 1840 et
548 1780 681 1858 perversi
713 1780 822 1839 amoris
858 1778 956 1839 radice
992 1780 1158 1859 venientia,
1195 1796 1264 1839 cum
1296 1796 1359 1858 qua

291 1878 324 1929 15
344 1868 440 1927 omnis
458 1866 536 1928 illius
554 1867 645 1928 tram
665 1868 804 1928 nascitur.
841 1865 915 1927 Nam
933 1868 1000 1946 quis
1018 1868 1135 1946 ignorat
1152 1885 1221 1927 cum
1244 1874 1358 1944 quanta

343 1957 508 2034 ignorantia
532 1958 679 2035 veritatis,
703 1972 777 2034 quae
800 1957 912 2016 iamin
934 1954 1098 2017 infantibus
1120 1956 1275 2016 manifesta
1299 1965 1359 2037 est,

344 2051 375 2105 et
397 2060 466 2105 cum
485 2052 594 2123 quanta
612 2042 789 2104 abundantia
813 2061 903 2103 vanae
926 2042 1105 2124 cupiditatis,
1129 2061 1204 2122 quae
1227 2045 1258 2103 in
1280 2061 1356 2122 pue-

343 2134 386 2195 ris
413 2134 517 2211 incipit
545 2150 701 2213 apparere,
729 2131 816 2192 homo
846 2134 944 2192 veniat
970 2134 1001 2191 in
1024 2131 1099 2191 hanc
1122 2134 1224 2211 vitam,
1246 2134 1286 2192 ita
1313 2140 1359 2212 ut,

344 2223 370 2282 si
393 2221 557 2283 dimittatur
585 2223 682 2282 vivere
711 2229 743 2281 ut
771 2220 841 2280 velit
868 2229 899 2281 et
921 2219 1020 2280 iacere
1043 2219 1186 2299 quidquid
1209 2218 1295 2300 velit,
1324 2222 1357 2280 in

292 2320 326 2371 ad
344 2309 417 2371 haec
438 2309 567 2371 facinora
587 2317 618 2370 et
634 2307 751 2389 ssagitia,
774 2326 849 2387 quac
873 2310 1099 2368 commemoravi
1121 2317 1152 2368 et
1175 2326 1250 2387 quae
1273 2325 1355 2368 com·

345 2416 510 2459 memorare
533 2416 593 2459 non
615 2399 708 2477 potui,
731 2396 777 2458 vel
799 2403 907 2457 cuncta
929 2395 975 2456 vel
997 2395 1089 2458 multa
1111 2392 1288 2475 perveniat?

435 2486 492 2547 Sed
520 2487 617 2547 divina
644 2484 857 2565 gubernatione
885 2502 946 2545 non
973 2486 1053 2545 omni
1080 2484 1167 2545 modo
1195 2483 1357 2545 deserente

345 2575 497 2636 damnatos
525 2584 555 2635 et
577 2574 637 2635 Deo
667 2592 725 2633 non
753 2574 924 2634 continente
950 2573 982 2633 in
1004 2574 1048 2633 ira
1071 2589 1124 2633 sua
1146 2574 1358 2633 miserationes

345 2680 414 2723 suas
440 2664 471 2722 in
499 2664 572 2741 ipsis
596 2660 732 2723 sensibus
759 2662 877 2741 generis
904 2660 1026 2722 humani
1048 2659 1209 2740 prohibitio
1232 2667 1263 2721 et
1286 2678 1354 2722 eru·

293 2760 327 2811 ab
346 2749 418 2810 ditio
442 2758 545 2810 contra
568 2752 649 2830 istae,
672 2768 740 2811 crim
760 2747 868 2829 quibus
890 2750 1050 2827 nascimur,
1072 2747 1210 2809 tenebras
1232 2749 1356 2828 vigilant

346 2844 376 2896 et
403 2846 506 2897 contra
535 2836 590 2898 hos
619 2841 747 2917 impetus
770 2846 978 2917 opponuntur,
1006 2835 1110 2916 plenae
1138 2847 1236 2897 tamen
1265 2838 1355 2897 etiam

345 2927 426 3004 ipsae
449 2923 584 2985 laborum
607 2933 637 2985 et
659 2925 802 2987 dolorum.
849 2925 925 2996 Quid
949 2926 1029 2986 enim
1052 2923 1109 2986 sibi
1132 2925 1233 2986 volunt
1256 2925 1354 2986 multi·

346 3013 448 3075 modae
477 3012 662 3093 formidines,
692 3032 767 3093 quae
797 3012 969 3073 cohibendis
1000 3012 1190 3092 parvulorum
1220 3015 1354 3074 vanitati-

345 3101 402 3163 bus
425 3096 624 3162 adhibentur?
661 3100 737 3172 Quid
760 3101 936 3182 paedagogi,
959 3100 1030 3179 quid
1053 3103 1194 3181 magistri,
1217 3102 1288 3181 quid
1313 3103 1354 3162 ie·

292 3202 326 3253 to
346 3189 444 3271 rulae,
477 3188 547 3268 quid
574 3187 652 3271 lora,
680 3189 750 3268 quid
779 3191 891 3269 virgae,
919 3188 990 3268 quid
1022 3188 1176 3269 disciplina
1204 3189 1267 3270 illa,
1297 3208 1355 3268 quia

346 3278 494 3357 scriptura
516 3284 617 3339 saneta
639 3277 712 3340 dicit
734 3277 835 3339 dilecti
856 3277 908 3337 dlii
930 3275 1021 3339 latera
1045 3295 1111 3338 esse
1134 3276 1294 3360 tundenda,
1317 3296 1355 3337 ne

408 3452 452 3518 aa)
471 3450 514 3504 Pe.
536 3455 577 3515 aa,
594 3455 634 3505 10.
690 3454 733 3527 aa)
752 3448 838 3504 uasti.
857 3456 900 3518 ao,
917 3456 957 3505 12.

339 3560 553 3569 ——--—-—-

409 3629 426 3677 4
448 3622 558 3676 inuidia
581 3625 609 3678 R
630 3626 639 3693 li
663 3630 678 3677 ὁ
701 3623 871 3690 inpudicitia
897 3641 947 3681 om.
967 3626 1019 3696 Rp
1038 3628 1047 3694 ΙΙ
1068 3631 1084 3681 d
1107 3626 1245 3680 incestum
1272 3628 1323 3697 Rp
1342 3629 1353 3697 Ι

339 3698 373 3749 16
391 3691 512 3746 infantia
527 3693 638 3761 R¹1124
656 3692 772 3746 humani
791 3694 841 3748 sed
859 3696 1012 3763 prohibitio
1027 3698 1107 3764 Reb3
1125 3698 1242 3751 humani
1256 3698 1280 3769 l!
1308 3713 1351 3751 ro-

337 3762 396 3818 hib.
413 3762 439 3817 G
457 3761 583 3831 (humani
601 3765 631 3816 eh
647 3761 754 3831 probi)
