3284 4459
392 502 457 565 548
800 513 821 553 s.
836 512 1001 555 cucusum

392 659 440 710 tus
473 648 586 724 sumu,
617 651 691 723 quio
719 646 824 722 frater
856 655 926 707 tuus
959 648 1050 707 nodet
1086 649 1205 721 aliquid
1239 649 1408 707 aduersum

392 746 433 812 te,
464 740 601 811 relinque
627 738 672 796 ibi
696 753 806 795 munus
833 742 917 795 tuum
944 737 987 795 od
1015 738 1115 795 altore
1144 743 1175 795 et
1200 737 1279 795 uode
1302 739 1407 811 prius,

392 828 595 886 reconciliare
618 823 718 901 fratri
743 831 808 897 too,
842 832 872 883 et
903 830 976 884 tune
1003 826 1124 883 veniens
1154 824 1265 897 offeres
1293 840 1408 883 munus

392 907 506 994 tuum).·
532 914 574 973 ita
602 929 707 991 parum
729 920 776 972 est
797 911 981 990 elemosynas
1004 909 1201 989 quiantaslihet
1224 911 1324 971 lacere
1349 931 1406 989 pro

357 1015 580 1081 aquocumque
613 1000 726 1060 scelere
765 1006 796 1059 et
836 998 1114 1091 in'cousuetudine
1156 998 1304 1058 scelerum
1337 1019 1406 1078 per-

392 1108 520 1150 manere.

481 1176 582 1237 Oratio
604 1194 675 1236 vero
698 1175 856 1256 cotidiana,
879 1193 967 1252 quiam
991 1176 1091 1235 docuit
1113 1177 1177 1254 ipse
1200 1173 1298 1254 lesus,
1325 1177 1405 1236 uude

392 1276 423 1328 et
451 1266 598 1326 dominica
627 1267 810 1344 nominatur,
840 1262 919 1323 delet
949 1263 1067 1342 quidem
1096 1264 1242 1323 cotidiana
1271 1273 1405 1344 peccata,

391 1373 459 1415 cum
488 1354 596 1414 cotidie
623 1354 745 1414 dicitur:
775 1353 899 1413 Dimitte
925 1354 1011 1413 nodis
1039 1353 1141 1412 dedito
1163 1358 1285 1425 nostra,
1314 1361 1405 1430 atque

341 1454 374 1504 10
391 1443 421 1503 id
446 1442 523 1521 quod
548 1443 683 1519 sequitur
706 1458 766 1500 non
789 1439 885 1500 solum
908 1438 1031 1521 dicitur,
1054 1439 1105 1499 sed
1130 1442 1218 1499 etiam
1240 1440 1287 1500 m:
1316 1441 1406 1501 Siout

392 1540 422 1593 et
441 1548 496 1592 nos
514 1533 688 1591 dimittimus
706 1530 893 1590 debitoribus
916 1531 1044 1598 nostris;
1067 1526 1119 1587 sed
1143 1530 1211 1606 quia
1234 1528 1311 1588 fiunt
1334 1547 1404 1607 pec-

392 1627 472 1699 cata,
499 1618 565 1677 ideo
593 1616 718 1696 dicitur,
745 1634 804 1677 non
828 1616 951 1677 ntideo
974 1616 1060 1696 fiant,
1087 1617 1156 1695 quia
1178 1615 1297 1676 dicitur.
1344 1616 1406 1677 Per

391 1708 468 1767 hanc
495 1707 574 1765 enim
603 1703 689 1764 nobis
718 1704 811 1764 voluit
834 1703 966 1765 Salvator
989 1704 1161 1785 ostendere,
1185 1704 1405 1783 quantumlibet

391 1797 470 1855 iuste
501 1797 532 1854 in
564 1792 653 1853 huius
685 1795 760 1853 vitae
793 1792 917 1871 caligine
947 1804 1035 1871 atque
1064 1792 1234 1852 infirmitate
1261 1795 1405 1874 vivamus,

342 1895 373 1943 15
392 1900 452 1943 non
475 1880 561 1942 nobis
583 1880 688 1941 deesse
710 1887 844 1961 peccata,
871 1899 926 1960 pro
955 1880 1063 1960 quibus
1091 1879 1273 1941 dimittendis
1296 1880 1404 1942 debea-

392 1988 459 2031 mus
481 1986 568 2029 orare
592 1972 701 2051 etsie,
729 1972 834 2048 quiin
858 1986 912 2029 nos
935 1977 1072 2048 peccant,
1100 1978 1184 2030 utet
1209 1968 1296 2029 nobis
1318 1972 1404 2048 igno·

392 2067 501 2137 scatur,
524 2060 687 2136 ignoscere.
732 2057 798 2118 Non
820 2060 920 2136 itaque
942 2066 1100 2137 propterea
1122 2056 1267 2119 [lominus
1290 2060 1345 2120 ait:
1369 2060 1406 2119 Si

392 2150 567 2209 dimiseritis
595 2153 727 2221 peceato
758 2148 945 2226 dominibus,
977 2148 1106 2208 dimittet
1135 2147 1218 2206 vodis
1249 2153 1280 2207 et
1309 2154 1405 2223 pater

392 2244 491 2298 vester
518 2242 651 2311 peccato
677 2241 791 2308 oestro,
820 2243 854 2294 ut
880 2232 917 2293 dc
940 2234 994 2293 hac
1018 2236 1150 2295 oratione
1174 2234 1279 2294 confisi
1302 2237 1405 2295 securi

340 2337 375 2385 20
393 2324 538 2385 cotidiana
562 2322 674 2383 scelera
698 2324 872 2402 laceremus,
895 2322 940 2383 vel
962 2324 1095 2401 potentia
1117 2339 1175 2399 qua
1199 2340 1257 2382 non
1281 2324 1403 2383 timere-

391 2431 458 2474 mus
485 2412 638 2471 hominum
669 2409 750 2488 leges
780 2410 825 2469 vel
848 2412 954 2470 astutia
977 2428 1035 2487 qua
1057 2412 1138 2490 ipsos
1161 2409 1296 2470 homines
1320 2411 1402 2471 salle·

392 2519 507 2581 remus;
530 2500 582 2561 sed
605 2507 639 2559 ut
661 2497 816 2578 perillam
839 2499 1022 2559 disceremus
1045 2516 1104 2558 non
1127 2506 1233 2578 putare
1255 2517 1310 2558 nos
1335 2518 1402 2560 esse

393 2592 457 2649 sine
479 2590 618 2667 peccatis,
641 2588 791 2647 etiamsia
815 2585 989 2646 criminibus
1012 2604 1146 2646 essemus
1168 2589 1321 2667 inmunes;
1346 2590 1402 2647 sic·

391 2685 426 2737 ut
457 2679 544 2736 etiam
576 2673 650 2753 legis
686 2677 794 2736 veteris
832 2675 1000 2735 sacerdotes
1032 2674 1088 2734 hoc
1120 2677 1218 2753 ipsum
1251 2674 1332 2735 lleus
1365 2675 1402 2735 de

340 2776 373 2823 25
392 2764 543 2824 sacrificiis
574 2761 741 2838 admonuit,
774 2780 849 2841 quae
881 2765 968 2823 iussit
1000 2780 1051 2822 eos
1083 2764 1211 2842 primum
1243 2780 1297 2842 pro
1330 2766 1403 2844 suis,

392 2850 498 2912 deinde
526 2868 581 2929 pro
608 2850 711 2929 populi
737 2852 845 2911 olierre
873 2852 1011 2929 peccatis.
1060 2850 1134 2911 Nam
1164 2860 1193 2911 et
1220 2852 1284 2930 ipsa
1311 2850 1404 2912 verba

392 2941 466 2999 tanti
494 2940 626 3015 magistri
655 2948 685 2998 ct
712 2938 828 2998 Domini
857 2941 950 2999 nostri
979 2938 1134 3016 vigilanter
1156 2938 1297 2999 intuenda
1321 2950 1401 3001 stunt.

392 3027 457 3086 Non
481 3028 631 3087 enimait:
652 3024 704 3106 „Si
727 3026 897 3087 dimiseritis
919 3036 1038 3106 peccata
1061 3026 1239 3108 hominihus,
1263 3038 1293 3088 et
1315 3039 1402 3107 pater

392 3124 490 3175 vester
508 3115 636 3175 dimittet
654 3115 737 3175 vobis
756 3113 979 3194 qualiacumque
997 3110 1149 3196 peccata“‚
1172 3115 1223 3175 sed
1248 3118 1301 3176 ait:
1326 3118 1402 3178 Pec-

339 3215 373 3263 so
392 3210 465 3264 coto
496 3210 604 3264 oestro.
659 3201 840 3263 Cotidianam
874 3206 981 3283 quippe
1018 3206 1181 3266 orationem
1213 3203 1340 3265 docebat
1372 3216 1403 3265 ct

392 3292 558 3352 iustificatis
589 3292 691 3370 utique
720 3290 872 3370 discipulis
901 3290 1085 3369 loquebatur.
1132 3288 1209 3363 Quid
1239 3300 1286 3353 est
1315 3311 1403 3371 ergo:

311 3383 315 3391 '
393 3380 528 3441 Peccata
554 3387 656 3440 uestro
683 3380 741 3440 nisi
768 3388 906 3458 „peccata
934 3382 997 3440 siue
1022 3379 1130 3457 quibus
1153 3397 1209 3439 nec
1233 3397 1284 3439 vos
1307 3382 1402 3461 eritis,

394 3470 445 3546 qui
463 3468 613 3528 iustificati
631 3475 662 3527 ot
684 3467 857 3527 sattctificati
880 3462 991 3528 estis“?
1021 3466 1080 3527 Ubi
1102 3485 1174 3546 ergo
1196 3466 1248 3546 un,
1271 3469 1325 3547 qui
1347 3487 1403 3549 per

460 3582 488 3650 4)
506 3580 556 3633 Mt.
572 3586 689 3647 seseq.
728 3580 771 3648 11)
787 3578 837 3632 Mt.
854 3584 878 3647 a,
890 3586 931 3634 12.
971 3584 1013 3647 m)
1029 3578 1069 3633 Π).
1087 3586 1127 3633 14.
1166 3580 1405 3651 26)Levit.16‚o.

462 3706 489 3771 e)
506 3702 687 3755 sconsum
705 3701 896 3772 (statianam)
915 3692 1041 3757 noan*
1059 3702 1153 3774 (usn.
1165 3720 1194 3772 ρ.
1211 3708 1406 3773 116,15H.);

390 3787 566 3843 reconciliari
588 3785 716 3857 Aeg¹ltlv
737 3790 747 3856 ll
769 3787 852 3841 offers
876 3779 981 3842 AeE¹⁰
1001 3791 1010 3858 ΙΙ
1033 3795 1046 3843 7
1070 3790 1159 3863 Iesus]
1182 3790 1313 3846 domiuus
1338 3811 1379 3848 oo
1398 3798 1406 3864 ΙΙ

393 3882 425 3930 17
444 3877 541 3943 itaque
554 3874 813 3944 aduocatum
833 3876 930 3943 utique
944 3878 995 3945 Ap
1009 3878 1113 3944 Hoffnt.
1134 3882 1143 3948 ΙΙ
1159 3884 1191 3932 18
1211 3883 1241 3934 et
1258 3897 1310 3935 om.
1330 3882 1406 3938 Aa*
1456 3932 1457 3935 ,
