3284 4459
368 509 435 571 564
770 518 791 557 s.
805 516 971 559 33333333

368 657 443 717 blica
469 655 614 735 disputari
642 652 756 713 nullum
784 651 894 713 bellurn
921 652 1033 731 suscipi
1062 668 1077 709 3
1113 652 1229 711 31311313
1258 654 1384 730 optima,

368 747 426 805 nisi
452 752 503 803 aut
528 759 584 822 pro
611 741 668 801 11313
695 749 747 802 331
768 757 824 819 pro
847 740 950 800 salute.
996 737 1074 809 Quid
1098 748 1197 799 autem
1222 738 1301 799 dicat
1324 758 1384 819 pro

368 833 463 893 salute
484 830 532 891 vel
552 829 683 909 intellegi
711 847 799 909 quam
830 828 954 889 salutern
977 826 1060 905 velit,
1088 826 1145 887 alio
1168 826 1233 888 loco
1256 826 1383 888 demon·

343 909 481 981 'stranst
511 917 593 1000 „Sed
620 917 666 978 his
694 919 811 996 poenis,
844 918 952 996 iuquit,
988 932 1060 994 quas
1091 917 1180 976 etiam
1210 915 1381 977 stultissimi

335 1011 518 1086 oscntiuut,
549 1014 680 1085 egestate
713 1005 813 1084 exilio,
845 1004 970 1065 vinculis
1000 1003 1188 1083 verberibus,
1221 1002 1382 1065 elabuntur

369 1115 457 1177 saepe
487 1097 593 1175 privati
624 1094 720 1155 oblata
751 1095 857 1153 mortis
885 1093 1049 1172 celeritate3
1082 1091 1251 1153 civitatibus
1279 1101 1380 1155 autem

370 1204 451 1245 mors
473 1187 536 1263 ipsa
559 1202 654 1263 poena
676 1192 735 1263 est,
765 1199 840 1259 quac
863 1181 981 1241 ridetur
1003 1198 1019 1240 a
1042 1198 1137 1260 poena
1162 1180 1294 1259 singulos
1318 1184 1381 1241 vin-

370 1274 477 1335 dicare.
523 1270 714 1332 113133133133
732 1272 892 1330 constituta
913 1271 955 1329 sio
979 1286 1045 1329 esse
1068 1270 1179 1350 civitas,
1202 1276 1237 1330 nt
1259 1278 1381 1330 3313333

371 1365 418 1423 311.
464 1360 566 1439 ltaque
588 1359 848 1420 331133131331133
871 1365 918 1418 est
940 1358 984 1417 rei
1007 1356 1141 1436 publicae
1165 1358 1324 1438 naturalis,
1349 1368 1382 1419 31

320 1462 353 1511 10
371 1451 508 1530 hominis,
525 1450 557 1509 iu
571 1466 630 1527 quo
644 1464 725 1507 mors
738 1463 798 1506 nou
813 1446 900 1506 modo
915 1446 1082 1506 necessaria
1097 1455 1151 1527 est,
1169 1464 1273 1506 rernm
1292 1449 1383 1507 etiam

372 1538 497 1618 optanda
515 1554 666 1615 persaepe.
701 1533 811 1596 Civitas
830 1545 928 1596 autem
951 1552 1019 1594 curn
1037 1533 1160 1617 tollitur,
1182 1532 1308 1615 deletur,
1332 1553 1381 1595 ex·

372 1628 532 1706 tinguitur:
554 1623 649 1684 simile
668 1630 714 1684 est
735 1622 863 1702 quodam
886 1623 983 1703 modo,
1007 1630 1040 1683 ut
1062 1640 1150 1702 parva
1173 1625 1287 1700 magnis
1311 1642 1381 1684 con-

372 1715 515 1792 seramus,
545 1730 578 1772 33
606 1714 632 1771 31
661 1714 757 1771 omnis
784 1711 833 1771 hic
863 1710 993 1773 mundus
1015 1712 1143 1771 intereat
1166 1718 1196 1770 31
1218 1707 1383 1772 concidat.“

373 1801 435 1862 lloc
453 1801 520 1862 ideo
538 1800 613 1861 dixit
630 1797 743 1881 Cicero,
766 1802 835 1878 quia
855 1799 996 1860 mtrndum
1016 1816 1075 1858 333
1097 1799 1289 1859 interiturum
1313 1817 1383 1861 cum

322 1900 355 1949 15
374 1890 532 1950 Platonicis
550 1890 648 1948 sentit
685 1885 807 1948 Constat
827 1906 897 1967 ergo
917 1905 985 1948 eum
1003 1904 1058 1966 pro
1079 1904 1113 1947 33
1136 1886 1229 1947 331313
1253 1887 1383 1950 33131333

373 1978 483 2039 bellurn
510 1978 622 2055 suscipi
648 1994 665 2036 a
692 1978 822 2055 civitate,
850 1994 907 2055 qua
936 1976 968 2036 111
994 1982 1029 2035 31
1058 1983 1175 2035 maneat
1196 1975 1245 2036 hio
1268 1979 1383 2058 civitas,

374 2069 452 2128 sicut
478 2065 562 2144 dicit,
589 2072 722 2138 3313333,
750 2067 883 2143 quamvis
913 2063 1108 2124 morientibus
1136 2071 1167 2124 et
1189 2064 1384 2126 nascentibus

375 2154 512 2233 singulis,
534 2156 613 2214 siout
634 2154 774 2231 perennis
798 2161 844 2212 cst
866 2154 996 2231 opacitas
1019 2152 1100 2212 oleae
1126 2151 1170 2212 vel
1193 2151 1270 2214 lauri
1293 2162 1384 2234 atque

373 2245 464 2304 huius
487 2242 566 2302 modi
585 2249 752 2302 ceterarum
775 2240 914 2301 arborum
938 2240 1122 2319 singulorum
1145 2239 1230 2320 lapsu
1253 2250 1387 2321 ortuque

322 2344 356 2393 3ο
376 2332 522 2393 loliorum.
567 2329 646 2389 llors
670 2331 795 2409 quippe,
826 2338 859 2390 ut
882 2329 965 2409 dicit,
993 2346 1053 2389 non
1077 2327 1230 2389 hominurn
1253 2331 1384 2409 singulo-

375 2439 461 2501 mm,
491 2418 544 2479 sed
575 2420 730 2478 universae
761 2435 856 2496 poena
888 2426 934 2477 est
965 2418 1106 2497 civitatis,
1135 2435 1210 2496 quae
1241 2436 1258 2477 3
1287 2437 1385 2498 poena

374 2509 550 2589 plerumque
564 2505 696 2584 singulos
714 2505 850 2565 vindicat.
882 2504 966 2565 Unde
982 2507 1086 2565 merito
1101 2507 1264 2588 quaeritur,
1282 2516 1385 2568 utrum

376 2605 457 2657 recte
476 2595 602 2656 iecerint
621 2593 784 2674 Saguntini,
807 2594 924 2672 quando
943 2595 1110 2654 universam
1128 2596 1277 2654 civitatem
1300 2613 1386 2656 suant

376 2685 498 2746 interire
530 2681 698 2742 maluerunt
728 2700 815 2761 quam
843 2681 929 2742 1131333
957 2682 1109 2762 frangere,
1139 2700 1196 2760 quta
1224 2701 1293 2743 cnm
1320 2685 1386 2763 ipsa

323 2783 358 2832 33
377 2772 507 2831 Romana
529 2788 563 2829 rc
585 2768 702 2848 publica
725 2769 917 2851 tenebantur3
943 2772 974 2829 in
1002 2787 1061 2848 qno
1085 2787 1139 2829 suo
1163 2771 1241 2830 iacto
1264 2771 1385 2833 1333133-

376 2868 426 2920 133
453 2857 489 2918 ab
518 2856 655 2917 omnibns
681 2865 818 2918 terrenae
845 2859 890 2919 331
917 2856 1051 2937 publicae
1074 2858 1196 2919 civibus.
1242 2858 1301 2920 Sed
1324 2879 1386 2939 quo

378 2946 464 3007 modo
487 2946 556 3006 huic
579 2944 769 3023 disputationi
795 2956 917 3025 possent
940 2944 1093 3027 oboedire,
1122 2964 1182 3007 non
1205 2947 1305 3030 rideo,
1333 2948 1387 3009 nbi

377 3036 486 3096 dicitur
518 3033 630 3094 nullum
659 3034 879 3112 suscipiendum
911 3052 976 3095 esse
1010 3033 1120 3095 bellum
1153 3037 1211 3095 nisi
1248 3045 1299 3096 331
1329 3056 1386 3117 pro

378 3123 435 3183 sule
462 3132 513 3183 331
534 3139 588 3201 pro
612 3121 721 3202 salute,
748 3139 803 3182 nec
827 3122 949 3204 dicitur,
977 3124 1002 3182 si
1025 3124 1056 3182 in
1079 3140 1171 3184 unum
1195 3124 1282 3185 simul
1305 3129 1386 3206 peri·

325 3225 360 3273 33
379 3211 478 3273 culum
504 3213 545 3271 ita
572 3210 630 3270 duo
657 3212 712 3269 ista
740 3212 959 3290 concurrerint,
989 3220 1022 3271 nt
1054 3213 1149 3272 teneri
1172 3211 1296 3273 alterum
1321 3215 1386 3275 sine

379 3300 501 3361 31133133
524 3300 681 3359 amissione
709 3315 768 3357 non
795 3301 902 3379 possit,
931 3298 1000 3378 quid
1025 3302 1063 3360 sit
1085 3301 1184 3380 potius
1207 3300 1386 3379 eligendum.

379 3388 516 3449 Proiecto
548 3388 627 3447 enirn
655 3385 810 3465 Saguntini
842 3389 867 3446 si
896 3387 1021 3448 salutem
1049 3387 1209 3469 eligerent,
1241 3389 1314 3450 113133
1342 3393 1387 3451 313

381 3478 477 3538 luerat
494 3474 670 3555 deserenda3
694 3476 719 3534 si
738 3474 811 3534 113133
830 3475 964 3556 tenenda,
987 3475 1145 3536 amittenda
1168 3479 1273 3556 utique
1297 3477 1387 3559 salus,

375 3568 453 3626 sicut
489 3566 599 3626 iactum
631 3573 684 3625 est
738 3564 824 3625 Salus
856 3574 955 3626 autem
988 3568 1115 3626 civitatis
1147 3564 1200 3625 Dei
1232 3564 1299 3625 talis
1333 3574 1390 3645 est,

448 3769 592 3839 9113333]
611 3768 653 3821 ite
671 3768 699 3821 R
716 3770 725 3836 ΙΙ
744 3772 777 3820 26
796 3767 956 3822 hominibus
977 3770 1125 3839 0131134
1144 3770 1218 3824 31331
1237 3772 1300 3826 elo

457 4093 636 4159 A
