3284 4459
354 496 419 559 456
758 508 779 548 s.
794 506 957 549 anousrmt

356 642 407 702 Dei
434 645 593 702 novissimo
621 643 709 701 etiam
740 642 905 721 prophetici
933 650 1048 702 veteres
1077 642 1144 702 iibri
1173 642 1244 721 quid
1276 662 1360 723 prae·

354 733 562 811 nuntiaverint,
585 738 728 808 quantum
746 733 817 790 satis
837 748 902 790 esse
922 729 1077 811 videbitur,
1100 730 1242 791 debemus
1260 741 1361 793 osten-

352 819 439 898 dere3
467 837 555 899 qnae,
582 820 659 877 siout
687 817 829 899 arbitror,
857 836 916 878 non
946 828 1023 879 tanta
1052 836 1133 879 mora
1156 838 1279 880 necesse
1303 824 1361 882 erit

354 909 474 967 tractari
492 915 523 966 et
541 908 657 987 exponi,
679 908 706 966 si
723 908 798 987 istis,
821 924 896 984 quae
919 908 1134 988 praemisimus,
1159 908 1253 968 ieotor
1276 927 1360 970 cura·

319 1015 335 1060 ε,
354 998 429 1055 verit
451 995 591 1055 adiuvari.

746 1167 862 1233 Oaros
882 1167 967 1232 XXI.

360 1296 440 1369 Ouid
456 1296 566 1356 Esaias
579 1297 731 1372 propheta
754 1298 792 1355 de
814 1302 1001 1355 mortuorunt
1023 1302 1249 1359 resurrectione
1272 1308 1302 1360 et
1325 1304 1364 1361 de

588 1385 787 1444 retributione
810 1386 920 1443 iudicii
940 1386 979 1443 sit
1001 1387 1125 1453 locutus.

442 1506 590 1586 Propheta
608 1505 723 1566 Esaias:
747 1508 927 1581 Besurpeut,
951 1509 1054 1587 inquit,
1077 1511 1189 1569 mortui
1206 1516 1236 1570 et
1257 1530 1362 1572 resur-

303 1616 337 1662 to
353 1604 426 1672 aeut
455 1599 510 1670 qui
535 1604 625 1655 erunt
651 1599 682 1655 in
710 1598 870 1671 sepulcris,
902 1602 932 1655 et
958 1597 1153 1656 laetabuntur
1180 1614 1280 1659 omnes
1309 1606 1366 1676 qui

354 1692 424 1745 sunt
447 1687 478 1744 in
496 1691 600 1753 terrm
622 1700 673 1743 ros
691 1686 777 1757 eninr,
801 1688 855 1758 qui
876 1685 930 1743 uis
953 1691 982 1743 te
1004 1690 1056 1757 est,
1078 1688 1195 1746 sanitas
1219 1690 1277 1748 illis
1301 1698 1364 1761 est;

355 1781 441 1833 terro
473 1788 544 1832 uero
576 1774 735 1847 impiorum
766 1775 864 1832 cadet.
915 1770 1023 1831 Totum
1055 1771 1126 1831 iliud
1156 1778 1295 1852 superius
1326 1778 1363 1837 ad

355 1861 604 1920 resurrectionem
623 1862 753 1937 pertinet
770 1859 933 1920 beatorum.
971 1858 1055 1930 Quod
1070 1870 1168 1921 antem
1188 1864 1240 1923 ait:
1264 1864 1363 1927 Terra

355 1965 427 2009 uero
451 1950 609 2024 impiorum
632 1950 737 2020 cadet,
760 1947 836 2007 bene
860 1947 1039 2026 intellegitur
1063 1949 1187 2010 dictum:
1210 1949 1363 2033 „Corpora

304 2054 336 2100 15
356 2054 425 2096 vero
453 2038 610 2114 impiorum
638 2038 724 2095 ruina
752 2037 946 2096 damnationis
975 2032 1135 2115 excipiet.“
1180 2036 1239 2098 lam
1270 2060 1363 2120 porro

355 2128 381 2185 si
404 2124 440 2184 de
463 2122 608 2183 bonorum
636 2126 854 2184 resurrectione
883 2124 961 2203 quod
988 2122 1099 2185 dictum
1123 2134 1169 2186 est
1191 2126 1364 2207 diligentius

356 2222 387 2274 et
408 2212 576 2273 distinctius
599 2212 723 2271 velimus
746 2215 869 2292 intueri,
897 2214 931 2272 ad
956 2214 1078 2290 primam
1103 2215 1292 2276 referendum
1316 2229 1364 2279 est

356 2301 434 2381 quod
462 2299 573 2361 dictum
601 2309 659 2361 est:
686 2300 861 2375 ilesuraent
887 2303 1014 2371 mortui,·
1041 2301 1077 2361 ad
1108 2302 1267 2363 secundam
1292 2326 1363 2367 vero

356 2389 434 2469 quod
454 2391 602 2467 sequitur:
626 2390 665 2448 Et
683 2396 845 2463 resurpent
867 2392 921 2463 qul
942 2397 1032 2449 erunt
1054 2392 1085 2450 in
1107 2395 1263 2467 sepulcris.
1301 2393 1363 2456 iam
1464 2430 1465 2435 κ

304 2496 338 2545 2ο
357 2483 382 2539 si
405 2487 435 2539 et
458 2477 523 2537 iilos
545 2479 729 2554 inquiramus
753 2486 883 2557 sanctos,
912 2495 986 2555 quos
1009 2477 1057 2538 hio
1082 2480 1163 2537 vivos
1185 2481 1364 2544 inventurus

356 2556 580 2644 est'iiominuS,
608 2567 651 2625 eis
678 2583 809 2643 congrue
839 2564 1028 2643 deptutabitur
1051 2566 1129 2644 quod
1153 2567 1298 2632 adiunxit:
1323 2574 1366 2633 Et

357 2655 552 2715 laetabuntur
573 2670 673 2713 ornnes
695 2657 750 2728 qui
769 2661 841 2713 sunt
863 2658 893 2713 in
917 2661 1020 2725 terra;
1048 2672 1099 2715 ros
1121 2659 1208 2730 enirn,
1231 2662 1286 2733 qui
1308 2663 1365 2721 abs

356 2750 464 2814 tecet,
491 2744 608 2801 sonitus
638 2744 695 2801 illis
718 2749 770 2801 est.
816 2741 976 2801 Sanitatem
1000 2742 1065 2803 loco
1088 2745 1145 2803 isto
1168 2746 1362 2808 inmortalita-

357 2837 416 2890 tem
436 2830 599 2889 rectissime
618 2830 793 2908 accipimns3
817 2847 850 2889 ea
873 2848 999 2908 namque
1024 2838 1070 2890 est
1092 2831 1260 2909 plenissima
1285 2841 1363 2897 sani·

305 2931 338 2981 eo
358 2928 410 2996 tas,
434 2934 508 2995 quae
528 2934 587 2976 non
605 2917 738 2976 reficitur
756 2917 902 2978 alimentis
920 2926 1068 2997 tamquam
1091 2920 1247 2982 cotidianis
1270 2925 1363 2986 metii-
1464 2912 1465 2991 i

356 3007 507 3065 camentis.
553 3003 626 3064 item
656 3004 693 3064 de
723 3005 824 3065 iudicii
855 3006 902 3066 die
934 3025 1016 3085 spem
1048 3009 1132 3086 prins
1162 3008 1235 3070 dans
1266 3011 1365 3095 bonis,

357 3093 463 3154 deinde
491 3102 607 3152 terrens
636 3092 726 3152 maios
754 3093 831 3153 idem
859 3095 1002 3173 propheta
1030 3098 1073 3155 sio
1102 3096 1246 3175 loquitur:
1276 3102 1366 3163 Huec

357 3185 432 3243 dicit
454 3181 613 3241 Dominus:
637 3182 718 3241 Ecce
740 3198 796 3255 epo
819 3183 937 3243 declino
961 3187 991 3243 ln
1014 3202 1064 3246 eos
1087 3192 1121 3244 ut·
1139 3188 1252 3259 flumen
1272 3195 1365 3266 pacis
1461 3204 1465 3258 .’

357 3278 387 3330 et
414 3277 448 3329 ut
473 3277 593 3330 torrens
621 3272 773 3328 inunrluns
799 3273 930 3344 aleriam
959 3275 1102 3346 nentium.
1155 3276 1228 3335 Filii
1258 3296 1366 3339 eorum

303 3373 338 3422 30
357 3376 449 3434 super
467 3374 586 3418 umeros
600 3358 807 3432 portabuntur
830 3365 860 3419 et
881 3376 973 3435 snper
993 3377 1096 3434 renuo
1119 3366 1365 3427 consolabuntur.

362 3448 453 3518 (luem
476 3448 519 3506 ad
540 3446 659 3504 modun
680 3447 710 3505 si
730 3462 817 3519 quem
839 3454 937 3507 mater
960 3452 1145 3523 consoletur,
1168 3454 1211 3512 itu
1235 3472 1289 3527 epo
1314 3473 1367 3515 uos

426 3556 469 3623 12)
487 3554 562 3607 Esui.
582 3559 681 3620 26,19.

425 3698 458 3746 10
482 3697 562 3747 erunt
580 3695 626 3747 Ae
648 3696 657 3760 ΙΙ
681 3699 712 3745 11
737 3710 820 3761 super
843 3698 946 3749 terrum
965 3699 1035 3752 Aah
1058 3701 1067 3767 Η
1091 3705 1124 3753 to
1147 3700 1206 3753 Iam
1228 3718 1278 3755 ont.
1298 3702 1341 3756 1t¹
1359 3705 1370 3773 ΙΙ
1464 3672 1465 3717 ἕ

356 3770 387 3818 19
407 3766 489 3817 erunt
506 3766 533 3818 A
547 3766 556 3832 ΙΙ
570 3769 603 3815 22
623 3767 827 3830 superterram
846 3768 885 3819 ob
1464 3770 1465 3777 ’
