<?xml version="1.0" encoding="UTF-8"?>
<!DOCTYPE html PUBLIC "-//W3C//DTD XHTML 1.0 Transitional//EN"
    "http://www.w3.org/TR/xhtml1/DTD/xhtml1-transitional.dtd">
<html xmlns="http://www.w3.org/1999/xhtml" xml:lang="en" lang="en">
 <head>
  <title>
</title>
<meta http-equiv="Content-Type" content="text/html;charset=utf-8" />
  <meta name='ocr-system' content='tesseract 3.04.00' />
  <meta name='ocr-capabilities' content='ocr_page ocr_carea ocr_par ocr_line ocrx_word'/>
</head>
<body>
  <div class='ocr_page' id='page_1' title='image "./sanctiaureliiau11augugoog_0541.png"; bbox 0 0 3284 4459; ppageno 0'>
   <div class='ocr_carea' id='block_1_1' title="bbox 559 486 1292 550">
    <p class='ocr_par' dir='ltr' id='par_1_1' title="bbox 559 486 1292 550">
     <span class='ocr_line' id='line_1_1' title="bbox 559 486 1292 550; baseline 0.004 -10"><span class='ocrx_word' id='word_1_1' title='bbox 559 502 599 541; x_wconf 84' lang='lat' dir='ltr'><strong>nn</strong></span> <span class='ocrx_word' id='word_1_2' title='bbox 613 500 756 541; x_wconf 75' lang='lat' dir='ltr'><strong>c1v1nsnn</strong></span> <span class='ocrx_word' id='word_1_3' title='bbox 769 501 823 540; x_wconf 77' lang='lat' dir='ltr'><strong>nni</strong></span> <span class='ocrx_word' id='word_1_4' title='bbox 837 500 862 541; x_wconf 87' lang='lat' dir='ltr'><strong>n.</strong></span> <span class='ocrx_word' id='word_1_5' title='bbox 876 500 937 540; x_wconf 73' lang='lat' dir='ltr'><strong>xxo</strong></span> <span class='ocrx_word' id='word_1_6' title='bbox 952 500 975 541; x_wconf 92' lang='lat' dir='ltr'><strong>c.</strong></span> <span class='ocrx_word' id='word_1_7' title='bbox 990 502 1021 540; x_wconf 76' lang='grc' dir='ltr'><strong>ιε.</strong></span> <span class='ocrx_word' id='word_1_8' title='bbox 1227 486 1292 550; x_wconf 84' lang='grc'><strong>523</strong></span> 
     </span>
    </p>
   </div>
   <div class='ocr_carea' id='block_1_2' title="bbox 282 631 1292 713">
    <p class='ocr_par' dir='ltr' id='par_1_2' title="bbox 282 631 1292 713">
     <span class='ocr_line' id='line_1_2' title="bbox 282 631 1292 713; baseline -0.003 -15"><span class='ocrx_word' id='word_1_9' title='bbox 282 655 350 697; x_wconf 90' lang='lat' dir='ltr'><strong>rum</strong></span> <span class='ocrx_word' id='word_1_10' title='bbox 380 638 535 697; x_wconf 76' lang='lat' dir='ltr'><strong>sanctitate</strong></span> <span class='ocrx_word' id='word_1_11' title='bbox 566 635 679 695; x_wconf 92' lang='lat' dir='ltr'><strong>nullum</strong></span> <span class='ocrx_word' id='word_1_12' title='bbox 707 637 838 693; x_wconf 91' lang='lat' dir='ltr'><strong>inveniet</strong></span> <span class='ocrx_word' id='word_1_13' title='bbox 861 636 1002 694; x_wconf 89' lang='lat' dir='ltr'><strong>orationis</strong></span> <span class='ocrx_word' id='word_1_14' title='bbox 1026 631 1292 713; x_wconf 80' lang='lat' dir='ltr'><strong>impedimentum?</strong></span> 
     </span>
    </p>
   </div>
   <div class='ocr_carea' id='block_1_3' title="bbox 282 722 1347 3531">
    <p class='ocr_par' dir='ltr' id='par_1_3' title="bbox 282 722 1346 1771">
     <span class='ocr_line' id='line_1_3' title="bbox 283 722 1293 802; baseline -0.003 -17"><span class='ocrx_word' id='word_1_15' title='bbox 283 726 499 785; x_wconf 88' lang='lat' dir='ltr'><strong>Testimonium</strong></span> <span class='ocrx_word' id='word_1_16' title='bbox 529 742 598 783; x_wconf 92' lang='lat' dir='ltr'><strong>vero</strong></span> <span class='ocrx_word' id='word_1_17' title='bbox 628 722 732 802; x_wconf 81' lang='lat' dir='ltr'><strong>psalmi</strong></span> <span class='ocrx_word' id='word_1_18' title='bbox 760 731 790 781; x_wconf 91' lang='lat' dir='ltr'><strong>et</strong></span> <span class='ocrx_word' id='word_1_19' title='bbox 817 722 858 781; x_wconf 92' lang='lat' dir='ltr'><strong>illi</strong></span> <span class='ocrx_word' id='word_1_20' title='bbox 882 722 1014 802; x_wconf 89' lang='lat' dir='ltr'><strong>quidem,</strong></span> <span class='ocrx_word' id='word_1_21' title='bbox 1043 725 1094 800; x_wconf 82' lang='lat' dir='ltr'><strong>qui</strong></span> <span class='ocrx_word' id='word_1_22' title='bbox 1116 724 1293 801; x_wconf 89' lang='lat' dir='ltr'><strong>permittunt</strong></span> 
     </span>
     <span class='ocr_line' id='line_1_4' title="bbox 282 810 1291 890; baseline -0.002 -17"><span class='ocrx_word' id='word_1_23' title='bbox 282 813 416 874; x_wconf 85' lang='lat' dir='ltr'><strong>infideles</strong></span> <span class='ocrx_word' id='word_1_24' title='bbox 439 821 527 890; x_wconf 90' lang='lat' dir='ltr'><strong>atque</strong></span> <span class='ocrx_word' id='word_1_25' title='bbox 547 814 652 890; x_wconf 91' lang='lat' dir='ltr'><strong>impios</strong></span> <span class='ocrx_word' id='word_1_26' title='bbox 672 811 807 870; x_wconf 88' lang='lat' dir='ltr'><strong>homines</strong></span> <span class='ocrx_word' id='word_1_27' title='bbox 831 810 933 870; x_wconf 89' lang='lat' dir='ltr'><strong>saltem</strong></span> <span class='ocrx_word' id='word_1_28' title='bbox 958 810 1044 889; x_wconf 89' lang='lat' dir='ltr'><strong>longo</strong></span> <span class='ocrx_word' id='word_1_29' title='bbox 1068 819 1200 889; x_wconf 91' lang='lat' dir='ltr'><strong>tempore</strong></span> <span class='ocrx_word' id='word_1_30' title='bbox 1225 829 1291 871; x_wconf 92' lang='lat' dir='ltr'><strong>cru-</strong></span> 
     </span>
     <span class='ocr_line' id='line_1_5' title="bbox 283 897 1292 980; baseline -0.004 -18"><span class='ocrx_word' id='word_1_31' title='bbox 283 904 355 962; x_wconf 91' lang='lat' dir='ltr'><strong>ciari</strong></span> <span class='ocrx_word' id='word_1_32' title='bbox 378 910 408 961; x_wconf 94' lang='lat' dir='ltr'><strong>et</strong></span> <span class='ocrx_word' id='word_1_33' title='bbox 430 909 533 980; x_wconf 89' lang='lat' dir='ltr'><strong>postea</strong></span> <span class='ocrx_word' id='word_1_34' title='bbox 552 900 588 959; x_wconf 94' lang='lat' dir='ltr'><strong>de</strong></span> <span class='ocrx_word' id='word_1_35' title='bbox 607 899 691 959; x_wconf 93' lang='lat' dir='ltr'><strong>malis</strong></span> <span class='ocrx_word' id='word_1_36' title='bbox 714 898 852 958; x_wconf 91' lang='lat' dir='ltr'><strong>omnibus</strong></span> <span class='ocrx_word' id='word_1_37' title='bbox 876 900 950 978; x_wconf 92' lang='lat' dir='ltr'><strong>erui,</strong></span> <span class='ocrx_word' id='word_1_38' title='bbox 974 897 1025 958; x_wconf 91' lang='lat' dir='ltr'><strong>sed</strong></span> <span class='ocrx_word' id='word_1_39' title='bbox 1049 900 1141 976; x_wconf 90' lang='lat' dir='ltr'><strong>magis</strong></span> <span class='ocrx_word' id='word_1_40' title='bbox 1164 901 1214 959; x_wconf 90' lang='lat' dir='ltr'><strong>isti</strong></span> <span class='ocrx_word' id='word_1_41' title='bbox 1237 916 1292 977; x_wconf 91' lang='lat' dir='ltr'><strong>pro</strong></span> 
     </span>
     <span class='ocr_line' id='line_1_6' title="bbox 283 987 1328 1069; baseline -0.002 -20"><span class='ocrx_word' id='word_1_42' title='bbox 283 1008 316 1050; x_wconf 89' lang='lat' dir='ltr'><strong>se</strong></span> <span class='ocrx_word' id='word_1_43' title='bbox 335 990 438 1049; x_wconf 89' lang='lat' dir='ltr'><strong>dicunt</strong></span> <span class='ocrx_word' id='word_1_44' title='bbox 456 1007 532 1069; x_wconf 87' lang='lat' dir='ltr'><strong>esse,</strong></span> <span class='ocrx_word' id='word_1_45' title='bbox 555 987 606 1048; x_wconf 91' lang='lat' dir='ltr'><strong>ubi</strong></span> <span class='ocrx_word' id='word_1_46' title='bbox 624 987 746 1066; x_wconf 86' lang='lat' dir='ltr'><strong>legitur:</strong></span> <span class='ocrx_word' id='word_1_47' title='bbox 768 988 923 1061; x_wconf 82' lang='lat' dir='ltr'><strong>Numquid</strong></span> <span class='ocrx_word' id='word_1_48' title='bbox 941 988 1135 1047; x_wconf 85' lang='lat' dir='ltr'><strong>obliviscetur</strong></span> <span class='ocrx_word' id='word_1_49' title='bbox 1153 990 1294 1048; x_wconf 88' lang='lat' dir='ltr'><strong>misereri</strong></span> <span class='ocrx_word' id='word_1_50' title='bbox 1311 998 1328 1047; x_wconf 83' lang='lat' dir='ltr'><strong>t</strong></span> 
     </span>
     <span class='ocr_line' id='line_1_7' title="bbox 283 1071 1293 1138; baseline -0.004 0"><span class='ocrx_word' id='word_1_51' title='bbox 283 1080 366 1138; x_wconf 81' lang='lat' dir='ltr'><strong>Deus</strong></span> <span class='ocrx_word' id='word_1_52' title='bbox 389 1083 445 1138; x_wconf 84' lang='lat' dir='ltr'><strong>out</strong></span> <span class='ocrx_word' id='word_1_53' title='bbox 472 1078 638 1137; x_wconf 81' lang='lat' dir='ltr'><strong>continebit</strong></span> <span class='ocrx_word' id='word_1_54' title='bbox 664 1080 696 1135; x_wconf 87' lang='lat' dir='ltr'><strong>in</strong></span> <span class='ocrx_word' id='word_1_55' title='bbox 725 1078 775 1136; x_wconf 84' lang='lat' dir='ltr'><strong>iro</strong></span> <span class='ocrx_word' id='word_1_56' title='bbox 797 1092 855 1135; x_wconf 85' lang='lat' dir='ltr'><strong>sna</strong></span> <span class='ocrx_word' id='word_1_57' title='bbox 878 1077 1087 1135; x_wconf 80' lang='lat' dir='ltr'><strong>miserationes</strong></span> <span class='ocrx_word' id='word_1_58' title='bbox 1109 1071 1202 1135; x_wconf 80' lang='lat' dir='ltr'><strong>suos?</strong></span> <span class='ocrx_word' id='word_1_59' title='bbox 1246 1074 1293 1135; x_wconf 90' lang='lat' dir='ltr'><strong>ira</strong></span> 
     </span>
     <span class='ocr_line' id='line_1_8' title="bbox 285 1162 1293 1244; baseline -0.003 -18"><span class='ocrx_word' id='word_1_60' title='bbox 285 1168 350 1227; x_wconf 91' lang='lat' dir='ltr'><strong>eius</strong></span> <span class='ocrx_word' id='word_1_61' title='bbox 369 1173 423 1244; x_wconf 87' lang='lat' dir='ltr'><strong>est,</strong></span> <span class='ocrx_word' id='word_1_62' title='bbox 441 1166 588 1242; x_wconf 90' lang='lat' dir='ltr'><strong>inquiunt,</strong></span> <span class='ocrx_word' id='word_1_63' title='bbox 607 1173 641 1223; x_wconf 92' lang='lat' dir='ltr'><strong>ut</strong></span> <span class='ocrx_word' id='word_1_64' title='bbox 659 1181 762 1223; x_wconf 89' lang='lat' dir='ltr'><strong>omnes</strong></span> <span class='ocrx_word' id='word_1_65' title='bbox 780 1164 893 1241; x_wconf 78' lang='lat' dir='ltr'><strong>indIgni</strong></span> <span class='ocrx_word' id='word_1_66' title='bbox 912 1162 1093 1223; x_wconf 89' lang='lat' dir='ltr'><strong>beatitudine</strong></span> <span class='ocrx_word' id='word_1_67' title='bbox 1113 1166 1293 1241; x_wconf 89' lang='lat' dir='ltr'><strong>sempiterna</strong></span> 
     </span>
     <span class='ocr_line' id='line_1_9' title="bbox 284 1249 1293 1332; baseline -0.003 -19"><span class='ocrx_word' id='word_1_68' title='bbox 284 1256 350 1332; x_wconf 92' lang='lat' dir='ltr'><strong>ipso</strong></span> <span class='ocrx_word' id='word_1_69' title='bbox 368 1251 516 1313; x_wconf 91' lang='lat' dir='ltr'><strong>iudicante</strong></span> <span class='ocrx_word' id='word_1_70' title='bbox 535 1254 697 1331; x_wconf 86' lang='lat' dir='ltr'><strong>puniantur</strong></span> <span class='ocrx_word' id='word_1_71' title='bbox 716 1251 861 1330; x_wconf 91' lang='lat' dir='ltr'><strong>supplicio</strong></span> <span class='ocrx_word' id='word_1_72' title='bbox 880 1253 1070 1328; x_wconf 86' lang='lat' dir='ltr'><strong>sempiterno.</strong></span> <span class='ocrx_word' id='word_1_73' title='bbox 1116 1249 1175 1310; x_wconf 89' lang='lat' dir='ltr'><strong>Sed</strong></span> <span class='ocrx_word' id='word_1_74' title='bbox 1199 1253 1225 1310; x_wconf 91' lang='lat' dir='ltr'><strong>si</strong></span> <span class='ocrx_word' id='word_1_75' title='bbox 1248 1251 1293 1311; x_wconf 94' lang='lat' dir='ltr'><strong>vel</strong></span> 
     </span>
     <span class='ocr_line' id='line_1_10' title="bbox 284 1338 1294 1419; baseline -0.001 -19"><span class='ocrx_word' id='word_1_76' title='bbox 284 1341 404 1419; x_wconf 90' lang='lat' dir='ltr'><strong>longum</strong></span> <span class='ocrx_word' id='word_1_77' title='bbox 434 1340 479 1400; x_wconf 91' lang='lat' dir='ltr'><strong>vel</strong></span> <span class='ocrx_word' id='word_1_78' title='bbox 508 1358 632 1419; x_wconf 91' lang='lat' dir='ltr'><strong>prorsus</strong></span> <span class='ocrx_word' id='word_1_79' title='bbox 660 1339 752 1401; x_wconf 90' lang='lat' dir='ltr'><strong>ullum</strong></span> <span class='ocrx_word' id='word_1_80' title='bbox 781 1357 847 1399; x_wconf 90' lang='lat' dir='ltr'><strong>esse</strong></span> <span class='ocrx_word' id='word_1_81' title='bbox 876 1341 1057 1418; x_wconf 82' lang='lat' dir='ltr'><strong>permiserit,</strong></span> <span class='ocrx_word' id='word_1_82' title='bbox 1085 1338 1232 1418; x_wconf 88' lang='lat' dir='ltr'><strong>proiecto,</strong></span> <span class='ocrx_word' id='word_1_83' title='bbox 1261 1349 1294 1399; x_wconf 94' lang='lat' dir='ltr'><strong>ut</strong></span> 
     </span>
     <span class='ocr_line' id='line_1_11' title="bbox 284 1427 1346 1508; baseline -0.002 -19"><span class='ocrx_word' id='word_1_84' title='bbox 284 1432 378 1508; x_wconf 88' lang='lat' dir='ltr'><strong>possit</strong></span> <span class='ocrx_word' id='word_1_85' title='bbox 404 1429 461 1489; x_wconf 91' lang='lat' dir='ltr'><strong>hoc</strong></span> <span class='ocrx_word' id='word_1_86' title='bbox 488 1429 565 1508; x_wconf 89' lang='lat' dir='ltr'><strong>lieri,</strong></span> <span class='ocrx_word' id='word_1_87' title='bbox 593 1427 757 1488; x_wconf 81' lang='lat' dir='ltr'><strong>continebit</strong></span> <span class='ocrx_word' id='word_1_88' title='bbox 783 1430 813 1487; x_wconf 93' lang='lat' dir='ltr'><strong>in</strong></span> <span class='ocrx_word' id='word_1_89' title='bbox 844 1430 888 1485; x_wconf 89' lang='lat' dir='ltr'><strong>ira</strong></span> <span class='ocrx_word' id='word_1_90' title='bbox 911 1445 964 1487; x_wconf 91' lang='lat' dir='ltr'><strong>sua</strong></span> <span class='ocrx_word' id='word_1_91' title='bbox 987 1429 1193 1487; x_wconf 88' lang='lat' dir='ltr'><strong>miserationes</strong></span> <span class='ocrx_word' id='word_1_92' title='bbox 1216 1440 1346 1500; x_wconf 88' lang='lat' dir='ltr'><strong>suas,10</strong></span> 
     </span>
     <span class='ocr_line' id='line_1_12' title="bbox 285 1514 1294 1595; baseline -0.003 -18"><span class='ocrx_word' id='word_1_93' title='bbox 285 1517 364 1595; x_wconf 90' lang='lat' dir='ltr'><strong>quod</strong></span> <span class='ocrx_word' id='word_1_94' title='bbox 393 1535 462 1577; x_wconf 90' lang='lat' dir='ltr'><strong>eum</strong></span> <span class='ocrx_word' id='word_1_95' title='bbox 490 1516 620 1595; x_wconf 92' lang='lat' dir='ltr'><strong>psalmus</strong></span> <span class='ocrx_word' id='word_1_96' title='bbox 648 1516 720 1575; x_wconf 93' lang='lat' dir='ltr'><strong>dicit</strong></span> <span class='ocrx_word' id='word_1_97' title='bbox 747 1534 806 1575; x_wconf 96' lang='lat' dir='ltr'><strong>non</strong></span> <span class='ocrx_word' id='word_1_98' title='bbox 836 1534 900 1575; x_wconf 90' lang='lat' dir='ltr'><strong>esse</strong></span> <span class='ocrx_word' id='word_1_99' title='bbox 925 1517 1081 1575; x_wconf 84' lang='lat' dir='ltr'><strong>lucturum.</strong></span> <span class='ocrx_word' id='word_1_100' title='bbox 1125 1514 1192 1575; x_wconf 89' lang='lat' dir='ltr'><strong>Non</strong></span> <span class='ocrx_word' id='word_1_101' title='bbox 1215 1517 1294 1574; x_wconf 88' lang='lat' dir='ltr'><strong>enim</strong></span> 
     </span>
     <span class='ocr_line' id='line_1_13' title="bbox 285 1597 1295 1686; baseline -0.001 -22"><span class='ocrx_word' id='word_1_102' title='bbox 285 1608 339 1665; x_wconf 87' lang='lat' dir='ltr'><strong>ait:</strong></span> <span class='ocrx_word' id='word_1_103' title='bbox 356 1603 525 1686; x_wconf 80' lang='lat' dir='ltr'><strong>„Numquid</strong></span> <span class='ocrx_word' id='word_1_104' title='bbox 540 1603 591 1665; x_wconf 92' lang='lat' dir='ltr'><strong>diu</strong></span> <span class='ocrx_word' id='word_1_105' title='bbox 605 1603 769 1664; x_wconf 87' lang='lat' dir='ltr'><strong>continebit</strong></span> <span class='ocrx_word' id='word_1_106' title='bbox 782 1606 813 1663; x_wconf 99' lang='lat' dir='ltr'><strong>in</strong></span> <span class='ocrx_word' id='word_1_107' title='bbox 827 1606 871 1663; x_wconf 93' lang='lat' dir='ltr'><strong>ira</strong></span> <span class='ocrx_word' id='word_1_108' title='bbox 891 1622 943 1663; x_wconf 91' lang='lat' dir='ltr'><strong>sua</strong></span> <span class='ocrx_word' id='word_1_109' title='bbox 962 1605 1168 1663; x_wconf 89' lang='lat' dir='ltr'><strong>miserationes</strong></span> <span class='ocrx_word' id='word_1_110' title='bbox 1187 1597 1295 1663; x_wconf 81' lang='lat' dir='ltr'><strong>suas?“</strong></span> 
     </span>
     <span class='ocr_line' id='line_1_14' title="bbox 284 1690 1020 1771; baseline -0.003 -18"><span class='ocrx_word' id='word_1_111' title='bbox 284 1692 337 1753; x_wconf 91' lang='lat' dir='ltr'><strong>scd</strong></span> <span class='ocrx_word' id='word_1_112' title='bbox 361 1693 440 1771; x_wconf 85' lang='lat' dir='ltr'><strong>quod</strong></span> <span class='ocrx_word' id='word_1_113' title='bbox 465 1710 588 1771; x_wconf 91' lang='lat' dir='ltr'><strong>prorsus</strong></span> <span class='ocrx_word' id='word_1_114' title='bbox 612 1710 670 1752; x_wconf 95' lang='lat' dir='ltr'><strong>non</strong></span> <span class='ocrx_word' id='word_1_115' title='bbox 695 1691 859 1752; x_wconf 83' lang='lat' dir='ltr'><strong>continebit</strong></span> <span class='ocrx_word' id='word_1_116' title='bbox 882 1690 1020 1752; x_wconf 91' lang='lat' dir='ltr'><strong>ostendit.</strong></span> 
     </span>
    </p>

    <p class='ocr_par' dir='ltr' id='par_1_4' title="bbox 282 1779 1347 3531">
     <span class='ocr_line' id='line_1_15' title="bbox 374 1779 1294 1858; baseline 0.001 -18"><span class='ocrx_word' id='word_1_117' title='bbox 374 1780 423 1840; x_wconf 90' lang='lat' dir='ltr'><strong>Sic</strong></span> <span class='ocrx_word' id='word_1_118' title='bbox 451 1798 522 1858; x_wconf 88' lang='lat' dir='ltr'><strong>ergo</strong></span> <span class='ocrx_word' id='word_1_119' title='bbox 549 1782 600 1840; x_wconf 91' lang='lat' dir='ltr'><strong>isti</strong></span> <span class='ocrx_word' id='word_1_120' title='bbox 629 1780 731 1839; x_wconf 92' lang='lat' dir='ltr'><strong>volunt</strong></span> <span class='ocrx_word' id='word_1_121' title='bbox 752 1780 855 1839; x_wconf 94' lang='lat' dir='ltr'><strong>iudicii</strong></span> <span class='ocrx_word' id='word_1_122' title='bbox 877 1779 930 1839; x_wconf 90' lang='lat' dir='ltr'><strong>Dei</strong></span> <span class='ocrx_word' id='word_1_123' title='bbox 953 1781 1211 1840; x_wconf 86' lang='lat' dir='ltr'><strong>comminationem</strong></span> <span class='ocrx_word' id='word_1_124' title='bbox 1235 1799 1294 1841; x_wconf 95' lang='lat' dir='ltr'><strong>non</strong></span> 
     </span>
     <span class='ocr_line' id='line_1_16' title="bbox 284 1868 1346 1949; baseline -0.001 -21"><span class='ocrx_word' id='word_1_125' title='bbox 284 1887 350 1928; x_wconf 89' lang='lat' dir='ltr'><strong>esse</strong></span> <span class='ocrx_word' id='word_1_126' title='bbox 375 1869 559 1949; x_wconf 90' lang='lat' dir='ltr'><strong>mendacem,</strong></span> <span class='ocrx_word' id='word_1_127' title='bbox 584 1871 716 1946; x_wconf 89' lang='lat' dir='ltr'><strong>quamvis</strong></span> <span class='ocrx_word' id='word_1_128' title='bbox 739 1869 778 1928; x_wconf 89' lang='lat' dir='ltr'><strong>sit</strong></span> <span class='ocrx_word' id='word_1_129' title='bbox 800 1870 950 1927; x_wconf 89' lang='lat' dir='ltr'><strong>neminem</strong></span> <span class='ocrx_word' id='word_1_130' title='bbox 973 1868 1181 1948; x_wconf 87' lang='lat' dir='ltr'><strong>damnaturus,</strong></span> <span class='ocrx_word' id='word_1_131' title='bbox 1204 1886 1294 1946; x_wconf 88' lang='lat' dir='ltr'><strong>quem</strong></span> <span class='ocrx_word' id='word_1_132' title='bbox 1314 1880 1346 1928; x_wconf 80' lang='lat'><strong>15</strong></span> 
     </span>
     <span class='ocr_line' id='line_1_17' title="bbox 285 1956 1294 2036; baseline 0.001 -20"><span class='ocrx_word' id='word_1_133' title='bbox 285 1956 465 2017; x_wconf 91' lang='lat' dir='ltr'><strong>admodum</strong></span> <span class='ocrx_word' id='word_1_134' title='bbox 493 1958 559 2016; x_wconf 90' lang='lat' dir='ltr'><strong>eius</strong></span> <span class='ocrx_word' id='word_1_135' title='bbox 587 1957 859 2036; x_wconf 79' lang='lat' dir='ltr'><strong>comminationem,</strong></span> <span class='ocrx_word' id='word_1_136' title='bbox 887 1973 945 2034; x_wconf 85' lang='lat' dir='ltr'><strong>qua</strong></span> <span class='ocrx_word' id='word_1_137' title='bbox 968 1956 1041 2015; x_wconf 85' lang='lat' dir='ltr'><strong>dixit</strong></span> <span class='ocrx_word' id='word_1_138' title='bbox 1064 1974 1238 2016; x_wconf 90' lang='lat' dir='ltr'><strong>eversurum</strong></span> <span class='ocrx_word' id='word_1_139' title='bbox 1262 1976 1294 2017; x_wconf 90' lang='lat' dir='ltr'><strong>se</strong></span> 
     </span>
     <span class='ocr_line' id='line_1_18' title="bbox 285 2043 1294 2125; baseline 0 -21"><span class='ocrx_word' id='word_1_140' title='bbox 285 2063 351 2105; x_wconf 91' lang='lat' dir='ltr'><strong>esse</strong></span> <span class='ocrx_word' id='word_1_141' title='bbox 374 2044 507 2104; x_wconf 89' lang='lat' dir='ltr'><strong>Nineven</strong></span> <span class='ocrx_word' id='word_1_142' title='bbox 531 2045 693 2121; x_wconf 91' lang='lat' dir='ltr'><strong>civitatem,</strong></span> <span class='ocrx_word' id='word_1_143' title='bbox 721 2043 892 2103; x_wconf 90' lang='lat' dir='ltr'><strong>mendacem</strong></span> <span class='ocrx_word' id='word_1_144' title='bbox 916 2062 974 2103; x_wconf 92' lang='lat' dir='ltr'><strong>non</strong></span> <span class='ocrx_word' id='word_1_145' title='bbox 999 2062 1157 2123; x_wconf 92' lang='lat' dir='ltr'><strong>possumus</strong></span> <span class='ocrx_word' id='word_1_146' title='bbox 1181 2044 1294 2125; x_wconf 86' lang='lat' dir='ltr'><strong>dicere;</strong></span> 
     </span>
     <span class='ocr_line' id='line_1_19' title="bbox 284 2131 1294 2210; baseline -0.001 -18"><span class='ocrx_word' id='word_1_147' title='bbox 284 2142 316 2192; x_wconf 91' lang='lat' dir='ltr'><strong>et</strong></span> <span class='ocrx_word' id='word_1_148' title='bbox 338 2142 437 2192; x_wconf 90' lang='lat' dir='ltr'><strong>tamen</strong></span> <span class='ocrx_word' id='word_1_149' title='bbox 460 2132 570 2191; x_wconf 87' lang='lat' dir='ltr'><strong>lactum</strong></span> <span class='ocrx_word' id='word_1_150' title='bbox 591 2148 650 2191; x_wconf 94' lang='lat' dir='ltr'><strong>non</strong></span> <span class='ocrx_word' id='word_1_151' title='bbox 675 2139 729 2209; x_wconf 89' lang='lat' dir='ltr'><strong>est,</strong></span> <span class='ocrx_word' id='word_1_152' title='bbox 751 2134 899 2210; x_wconf 89' lang='lat' dir='ltr'><strong>inquiunt,</strong></span> <span class='ocrx_word' id='word_1_153' title='bbox 922 2132 1002 2209; x_wconf 87' lang='lat' dir='ltr'><strong>quod</strong></span> <span class='ocrx_word' id='word_1_154' title='bbox 1025 2133 1088 2191; x_wconf 91' lang='lat' dir='ltr'><strong>sine</strong></span> <span class='ocrx_word' id='word_1_155' title='bbox 1112 2131 1171 2192; x_wconf 91' lang='lat' dir='ltr'><strong>ulla</strong></span> <span class='ocrx_word' id='word_1_156' title='bbox 1194 2132 1294 2191; x_wconf 91' lang='lat' dir='ltr'><strong>condi·</strong></span> 
     </span>
     <span class='ocr_line' id='line_1_20' title="bbox 284 2218 1294 2299; baseline 0.001 -19"><span class='ocrx_word' id='word_1_157' title='bbox 284 2223 370 2281; x_wconf 90' lang='lat' dir='ltr'><strong>cione</strong></span> <span class='ocrx_word' id='word_1_158' title='bbox 389 2219 543 2299; x_wconf 84' lang='lat' dir='ltr'><strong>praedixit.</strong></span> <span class='ocrx_word' id='word_1_159' title='bbox 588 2218 654 2278; x_wconf 91' lang='lat' dir='ltr'><strong>Non</strong></span> <span class='ocrx_word' id='word_1_160' title='bbox 673 2222 752 2278; x_wconf 91' lang='lat' dir='ltr'><strong>enim</strong></span> <span class='ocrx_word' id='word_1_161' title='bbox 775 2222 828 2279; x_wconf 88' lang='lat' dir='ltr'><strong>ait:</strong></span> <span class='ocrx_word' id='word_1_162' title='bbox 849 2219 979 2298; x_wconf 88' lang='lat' dir='ltr'><strong>„Nineve</strong></span> <span class='ocrx_word' id='word_1_163' title='bbox 1004 2228 1163 2299; x_wconf 91' lang='lat' dir='ltr'><strong>evertetur,</strong></span> <span class='ocrx_word' id='word_1_164' title='bbox 1186 2222 1212 2279; x_wconf 89' lang='lat' dir='ltr'><strong>si</strong></span> <span class='ocrx_word' id='word_1_165' title='bbox 1235 2238 1294 2281; x_wconf 96' lang='lat' dir='ltr'><strong>non</strong></span> 
     </span>
     <span class='ocr_line' id='line_1_21' title="bbox 283 2302 1347 2387; baseline 0 -19"><span class='ocrx_word' id='word_1_166' title='bbox 283 2310 401 2387; x_wconf 87' lang='lat' dir='ltr'><strong>egerint</strong></span> <span class='ocrx_word' id='word_1_167' title='bbox 422 2309 633 2385; x_wconf 89' lang='lat' dir='ltr'><strong>paenitentiam</strong></span> <span class='ocrx_word' id='word_1_168' title='bbox 651 2324 744 2384; x_wconf 89' lang='lat' dir='ltr'><strong>seque</strong></span> <span class='ocrx_word' id='word_1_169' title='bbox 767 2302 983 2387; x_wconf 79' lang='lat' dir='ltr'><strong>correxerint“;</strong></span> <span class='ocrx_word' id='word_1_170' title='bbox 1007 2306 1058 2366; x_wconf 91' lang='lat' dir='ltr'><strong>sed</strong></span> <span class='ocrx_word' id='word_1_171' title='bbox 1082 2307 1139 2366; x_wconf 89' lang='lat' dir='ltr'><strong>hoc</strong></span> <span class='ocrx_word' id='word_1_172' title='bbox 1161 2324 1221 2367; x_wconf 90' lang='lat' dir='ltr'><strong>non</strong></span> <span class='ocrx_word' id='word_1_173' title='bbox 1245 2308 1293 2366; x_wconf 94' lang='lat' dir='ltr'><strong>ad·</strong></span> <span class='ocrx_word' id='word_1_174' title='bbox 1313 2319 1347 2368; x_wconf 77' lang='lat'><strong>20</strong></span> 
     </span>
     <span class='ocr_line' id='line_1_22' title="bbox 284 2393 1294 2474; baseline -0.003 -17"><span class='ocrx_word' id='word_1_175' title='bbox 284 2398 345 2457; x_wconf 93' lang='lat' dir='ltr'><strong>dito</strong></span> <span class='ocrx_word' id='word_1_176' title='bbox 360 2397 578 2474; x_wconf 88' lang='lat' dir='ltr'><strong>praenuntiavit</strong></span> <span class='ocrx_word' id='word_1_177' title='bbox 591 2395 721 2455; x_wconf 83' lang='lat' dir='ltr'><strong>futuram</strong></span> <span class='ocrx_word' id='word_1_178' title='bbox 734 2397 918 2455; x_wconf 89' lang='lat' dir='ltr'><strong>eversionem</strong></span> <span class='ocrx_word' id='word_1_179' title='bbox 937 2394 1016 2455; x_wconf 92' lang='lat' dir='ltr'><strong>illius</strong></span> <span class='ocrx_word' id='word_1_180' title='bbox 1034 2396 1167 2455; x_wconf 92' lang='lat' dir='ltr'><strong>civitatis.</strong></span> <span class='ocrx_word' id='word_1_181' title='bbox 1200 2393 1294 2467; x_wconf 86' lang='lat' dir='ltr'><strong>Quam</strong></span> 
     </span>
     <span class='ocr_line' id='line_1_23' title="bbox 284 2481 1293 2562; baseline -0.002 -17"><span class='ocrx_word' id='word_1_182' title='bbox 284 2485 543 2545; x_wconf 88' lang='lat' dir='ltr'><strong>comminationem</strong></span> <span class='ocrx_word' id='word_1_183' title='bbox 566 2491 723 2561; x_wconf 89' lang='lat' dir='ltr'><strong>propterea</strong></span> <span class='ocrx_word' id='word_1_184' title='bbox 746 2501 881 2543; x_wconf 87' lang='lat' dir='ltr'><strong>veracem</strong></span> <span class='ocrx_word' id='word_1_185' title='bbox 904 2491 1017 2562; x_wconf 91' lang='lat' dir='ltr'><strong>putant,</strong></span> <span class='ocrx_word' id='word_1_186' title='bbox 1040 2485 1109 2560; x_wconf 89' lang='lat' dir='ltr'><strong>quia</strong></span> <span class='ocrx_word' id='word_1_187' title='bbox 1131 2481 1188 2543; x_wconf 91' lang='lat' dir='ltr'><strong>hoc</strong></span> <span class='ocrx_word' id='word_1_188' title='bbox 1210 2501 1293 2562; x_wconf 93' lang='lat' dir='ltr'><strong>prae-</strong></span> 
     </span>
     <span class='ocr_line' id='line_1_24' title="bbox 284 2570 1294 2652; baseline -0.001 -20"><span class='ocrx_word' id='word_1_189' title='bbox 284 2573 358 2633; x_wconf 81' lang='lat' dir='ltr'><strong>dixit</strong></span> <span class='ocrx_word' id='word_1_190' title='bbox 380 2571 459 2631; x_wconf 90' lang='lat' dir='ltr'><strong>Deus</strong></span> <span class='ocrx_word' id='word_1_191' title='bbox 483 2570 561 2649; x_wconf 90' lang='lat' dir='ltr'><strong>quod</strong></span> <span class='ocrx_word' id='word_1_192' title='bbox 584 2588 653 2630; x_wconf 89' lang='lat' dir='ltr'><strong>vere</strong></span> <span class='ocrx_word' id='word_1_193' title='bbox 686 2571 767 2649; x_wconf 83' lang='lat' dir='ltr'><strong>digni</strong></span> <span class='ocrx_word' id='word_1_194' title='bbox 790 2579 874 2631; x_wconf 91' lang='lat' dir='ltr'><strong>erant</strong></span> <span class='ocrx_word' id='word_1_195' title='bbox 896 2574 969 2652; x_wconf 92' lang='lat' dir='ltr'><strong>pati,</strong></span> <span class='ocrx_word' id='word_1_196' title='bbox 1000 2573 1132 2648; x_wconf 89' lang='lat' dir='ltr'><strong>quamvis</strong></span> <span class='ocrx_word' id='word_1_197' title='bbox 1156 2570 1212 2631; x_wconf 91' lang='lat' dir='ltr'><strong>hoc</strong></span> <span class='ocrx_word' id='word_1_198' title='bbox 1234 2589 1294 2632; x_wconf 90' lang='lat' dir='ltr'><strong>non</strong></span> 
     </span>
     <span class='ocr_line' id='line_1_25' title="bbox 284 2657 1293 2741; baseline 0.001 -22"><span class='ocrx_word' id='word_1_199' title='bbox 284 2668 366 2720; x_wconf 91' lang='lat' dir='ltr'><strong>esset</strong></span> <span class='ocrx_word' id='word_1_200' title='bbox 388 2662 452 2737; x_wconf 91' lang='lat' dir='ltr'><strong>ipse</strong></span> <span class='ocrx_word' id='word_1_201' title='bbox 476 2659 617 2719; x_wconf 83' lang='lat' dir='ltr'><strong>facturus.</strong></span> <span class='ocrx_word' id='word_1_202' title='bbox 661 2658 735 2719; x_wconf 88' lang='lat' dir='ltr'><strong>Nam</strong></span> <span class='ocrx_word' id='word_1_203' title='bbox 759 2662 815 2718; x_wconf 90' lang='lat' dir='ltr'><strong>etsi</strong></span> <span class='ocrx_word' id='word_1_204' title='bbox 837 2657 1057 2736; x_wconf 89' lang='lat' dir='ltr'><strong>paenitentibus</strong></span> <span class='ocrx_word' id='word_1_205' title='bbox 1080 2662 1227 2741; x_wconf 89' lang='lat' dir='ltr'><strong>pepercit,</strong></span> <span class='ocrx_word' id='word_1_206' title='bbox 1250 2662 1293 2720; x_wconf 91' lang='lat' dir='ltr'><strong>in·</strong></span> 
     </span>
     <span class='ocr_line' id='line_1_26' title="bbox 283 2746 1345 2827; baseline 0.002 -20"><span class='ocrx_word' id='word_1_207' title='bbox 283 2750 406 2826; x_wconf 89' lang='lat' dir='ltr'><strong>quiunt,</strong></span> <span class='ocrx_word' id='word_1_208' title='bbox 434 2750 536 2825; x_wconf 90' lang='lat' dir='ltr'><strong>utiquc</strong></span> <span class='ocrx_word' id='word_1_209' title='bbox 564 2746 630 2807; x_wconf 95' lang='lat' dir='ltr'><strong>illos</strong></span> <span class='ocrx_word' id='word_1_210' title='bbox 658 2749 867 2826; x_wconf 88' lang='lat' dir='ltr'><strong>paenitentiam</strong></span> <span class='ocrx_word' id='word_1_211' title='bbox 894 2764 955 2806; x_wconf 91' lang='lat' dir='ltr'><strong>non</strong></span> <span class='ocrx_word' id='word_1_212' title='bbox 985 2746 1138 2824; x_wconf 87' lang='lat' dir='ltr'><strong>ignorabat</strong></span> <span class='ocrx_word' id='word_1_213' title='bbox 1165 2757 1293 2827; x_wconf 89' lang='lat' dir='ltr'><strong>acturos,</strong></span> <span class='ocrx_word' id='word_1_214' title='bbox 1312 2760 1345 2809; x_wconf 77' lang='lat' dir='ltr'><strong>tt</strong></span> 
     </span>
     <span class='ocr_line' id='line_1_27' title="bbox 284 2834 1294 2896; baseline 0.001 -1"><span class='ocrx_word' id='word_1_215' title='bbox 284 2844 316 2895; x_wconf 89' lang='lat' dir='ltr'><strong>et</strong></span> <span class='ocrx_word' id='word_1_216' title='bbox 338 2844 436 2895; x_wconf 91' lang='lat' dir='ltr'><strong>tamen</strong></span> <span class='ocrx_word' id='word_1_217' title='bbox 461 2834 595 2895; x_wconf 91' lang='lat' dir='ltr'><strong>absolute</strong></span> <span class='ocrx_word' id='word_1_218' title='bbox 623 2853 657 2894; x_wconf 91' lang='lat' dir='ltr'><strong>ac</strong></span> <span class='ocrx_word' id='word_1_219' title='bbox 687 2836 805 2895; x_wconf 85' lang='lat' dir='ltr'><strong>definite</strong></span> <span class='ocrx_word' id='word_1_220' title='bbox 830 2853 932 2895; x_wconf 88' lang='lat' dir='ltr'><strong>eorum</strong></span> <span class='ocrx_word' id='word_1_221' title='bbox 957 2837 1140 2894; x_wconf 88' lang='lat' dir='ltr'><strong>eversionem</strong></span> <span class='ocrx_word' id='word_1_222' title='bbox 1164 2837 1294 2896; x_wconf 93' lang='lat' dir='ltr'><strong>luturam</strong></span> 
     </span>
     <span class='ocr_line' id='line_1_28' title="bbox 283 2921 1293 3002; baseline 0.002 -20"><span class='ocrx_word' id='word_1_223' title='bbox 283 2941 350 2983; x_wconf 88' lang='lat' dir='ltr'><strong>esse</strong></span> <span class='ocrx_word' id='word_1_224' title='bbox 378 2922 532 3000; x_wconf 79' lang='lat' dir='ltr'><strong>praedixit.</strong></span> <span class='ocrx_word' id='word_1_225' title='bbox 576 2921 640 2981; x_wconf 85' lang='lat' dir='ltr'><strong>Hoc</strong></span> <span class='ocrx_word' id='word_1_226' title='bbox 667 2941 739 3001; x_wconf 89' lang='lat' dir='ltr'><strong>ergo</strong></span> <span class='ocrx_word' id='word_1_227' title='bbox 766 2932 844 3001; x_wconf 92' lang='lat' dir='ltr'><strong>erat,</strong></span> <span class='ocrx_word' id='word_1_228' title='bbox 873 2924 1025 3002; x_wconf 91' lang='lat' dir='ltr'><strong>inquiunt,</strong></span> <span class='ocrx_word' id='word_1_229' title='bbox 1047 2925 1078 2982; x_wconf 95' lang='lat' dir='ltr'><strong>in</strong></span> <span class='ocrx_word' id='word_1_230' title='bbox 1101 2925 1224 2983; x_wconf 90' lang='lat' dir='ltr'><strong>veritate</strong></span> <span class='ocrx_word' id='word_1_231' title='bbox 1249 2942 1293 2984; x_wconf 93' lang='lat' dir='ltr'><strong>se·</strong></span> 
     </span>
     <span class='ocr_line' id='line_1_29' title="bbox 284 3010 1294 3090; baseline 0.001 -21"><span class='ocrx_word' id='word_1_232' title='bbox 284 3013 432 3090; x_wconf 90' lang='lat' dir='ltr'><strong>veritatis,</strong></span> <span class='ocrx_word' id='word_1_233' title='bbox 456 3012 524 3088; x_wconf 86' lang='lat' dir='ltr'><strong>quia</strong></span> <span class='ocrx_word' id='word_1_234' title='bbox 546 3010 577 3069; x_wconf 94' lang='lat' dir='ltr'><strong>id</strong></span> <span class='ocrx_word' id='word_1_235' title='bbox 600 3020 684 3071; x_wconf 91' lang='lat' dir='ltr'><strong>erant</strong></span> <span class='ocrx_word' id='word_1_236' title='bbox 707 3012 800 3089; x_wconf 75' lang='lat' dir='ltr'><strong>digni,</strong></span> <span class='ocrx_word' id='word_1_237' title='bbox 830 3010 880 3069; x_wconf 93' lang='lat' dir='ltr'><strong>sed</strong></span> <span class='ocrx_word' id='word_1_238' title='bbox 904 3013 935 3070; x_wconf 95' lang='lat' dir='ltr'><strong>in</strong></span> <span class='ocrx_word' id='word_1_239' title='bbox 958 3012 1071 3071; x_wconf 91' lang='lat' dir='ltr'><strong>ratione</strong></span> <span class='ocrx_word' id='word_1_240' title='bbox 1097 3014 1294 3072; x_wconf 87' lang='lat' dir='ltr'><strong>miserationis</strong></span> 
     </span>
     <span class='ocr_line' id='line_1_30' title="bbox 284 3098 1293 3178; baseline 0 -20"><span class='ocrx_word' id='word_1_241' title='bbox 284 3117 344 3159; x_wconf 92' lang='lat' dir='ltr'><strong>non</strong></span> <span class='ocrx_word' id='word_1_242' title='bbox 368 3108 441 3176; x_wconf 89' lang='lat' dir='ltr'><strong>erat,</strong></span> <span class='ocrx_word' id='word_1_243' title='bbox 464 3116 553 3176; x_wconf 87' lang='lat' dir='ltr'><strong>quam</strong></span> <span class='ocrx_word' id='word_1_244' title='bbox 571 3116 629 3158; x_wconf 92' lang='lat' dir='ltr'><strong>non</strong></span> <span class='ocrx_word' id='word_1_245' title='bbox 650 3101 796 3159; x_wconf 89' lang='lat' dir='ltr'><strong>continuit</strong></span> <span class='ocrx_word' id='word_1_246' title='bbox 818 3101 849 3157; x_wconf 93' lang='lat' dir='ltr'><strong>in</strong></span> <span class='ocrx_word' id='word_1_247' title='bbox 872 3100 916 3158; x_wconf 91' lang='lat' dir='ltr'><strong>ira</strong></span> <span class='ocrx_word' id='word_1_248' title='bbox 940 3116 1002 3178; x_wconf 93' lang='lat' dir='ltr'><strong>sua,</strong></span> <span class='ocrx_word' id='word_1_249' title='bbox 1024 3108 1058 3158; x_wconf 93' lang='lat' dir='ltr'><strong>ut</strong></span> <span class='ocrx_word' id='word_1_250' title='bbox 1080 3098 1116 3158; x_wconf 93' lang='lat' dir='ltr'><strong>ab</strong></span> <span class='ocrx_word' id='word_1_251' title='bbox 1141 3117 1176 3158; x_wconf 90' lang='lat' dir='ltr'><strong>ea</strong></span> <span class='ocrx_word' id='word_1_252' title='bbox 1198 3117 1293 3178; x_wconf 89' lang='lat' dir='ltr'><strong>poena</strong></span> 
     </span>
     <span class='ocr_line' id='line_1_31' title="bbox 283 3186 1346 3266; baseline 0.001 -19"><span class='ocrx_word' id='word_1_253' title='bbox 283 3186 470 3265; x_wconf 87' lang='lat' dir='ltr'><strong>supplicibus</strong></span> <span class='ocrx_word' id='word_1_254' title='bbox 487 3195 633 3266; x_wconf 85' lang='lat' dir='ltr'><strong>parceret,</strong></span> <span class='ocrx_word' id='word_1_255' title='bbox 656 3205 744 3264; x_wconf 90' lang='lat' dir='ltr'><strong>quam</strong></span> <span class='ocrx_word' id='word_1_256' title='bbox 767 3188 864 3246; x_wconf 91' lang='lat' dir='ltr'><strong>luerat</strong></span> <span class='ocrx_word' id='word_1_257' title='bbox 886 3186 1111 3247; x_wconf 90' lang='lat' dir='ltr'><strong>contumacibus</strong></span> <span class='ocrx_word' id='word_1_258' title='bbox 1134 3189 1292 3246; x_wconf 89' lang='lat' dir='ltr'><strong>commina·</strong></span> <span class='ocrx_word' id='word_1_259' title='bbox 1311 3200 1346 3248; x_wconf 86' lang='lat'><strong>30</strong></span> 
     </span>
     <span class='ocr_line' id='line_1_32' title="bbox 283 3273 1293 3355; baseline 0 -21"><span class='ocrx_word' id='word_1_260' title='bbox 283 3284 343 3335; x_wconf 79' lang='lat' dir='ltr'><strong>tus,</strong></span> <span class='ocrx_word' id='word_1_261' title='bbox 388 3273 421 3334; x_wconf 88' lang='lat' dir='ltr'><strong>Si</strong></span> <span class='ocrx_word' id='word_1_262' title='bbox 444 3292 515 3352; x_wconf 89' lang='lat' dir='ltr'><strong>ergo</strong></span> <span class='ocrx_word' id='word_1_263' title='bbox 533 3282 607 3335; x_wconf 89' lang='lat' dir='ltr'><strong>tunc</strong></span> <span class='ocrx_word' id='word_1_264' title='bbox 626 3276 769 3354; x_wconf 89' lang='lat' dir='ltr'><strong>pepercit,</strong></span> <span class='ocrx_word' id='word_1_265' title='bbox 791 3277 883 3355; x_wconf 90' lang='lat' dir='ltr'><strong>aiunt,</strong></span> <span class='ocrx_word' id='word_1_266' title='bbox 906 3274 1022 3352; x_wconf 90' lang='lat' dir='ltr'><strong>quando</strong></span> <span class='ocrx_word' id='word_1_267' title='bbox 1046 3282 1181 3334; x_wconf 89' lang='lat' dir='ltr'><strong>sanctum</strong></span> <span class='ocrx_word' id='word_1_268' title='bbox 1206 3293 1293 3335; x_wconf 91' lang='lat' dir='ltr'><strong>suum</strong></span> 
     </span>
     <span class='ocr_line' id='line_1_33' title="bbox 282 3362 1292 3442; baseline 0.001 -22"><span class='ocrx_word' id='word_1_269' title='bbox 282 3363 458 3442; x_wconf 88' lang='lat' dir='ltr'><strong>prophetam</strong></span> <span class='ocrx_word' id='word_1_270' title='bbox 487 3364 584 3423; x_wconf 88' lang='lat' dir='ltr'><strong>luerat</strong></span> <span class='ocrx_word' id='word_1_271' title='bbox 611 3362 758 3441; x_wconf 89' lang='lat' dir='ltr'><strong>parcendo</strong></span> <span class='ocrx_word' id='word_1_272' title='bbox 787 3365 1030 3441; x_wconf 85' lang='lat' dir='ltr'><strong>contristaturus,</strong></span> <span class='ocrx_word' id='word_1_273' title='bbox 1060 3370 1170 3440; x_wconf 89' lang='lat' dir='ltr'><strong>quanto</strong></span> <span class='ocrx_word' id='word_1_274' title='bbox 1201 3364 1292 3441; x_wconf 86' lang='lat' dir='ltr'><strong>magis</strong></span> 
     </span>
     <span class='ocr_line' id='line_1_34' title="bbox 282 3448 1294 3531; baseline 0.001 -21"><span class='ocrx_word' id='word_1_275' title='bbox 282 3459 355 3510; x_wconf 91' lang='lat' dir='ltr'><strong>tnnc</strong></span> <span class='ocrx_word' id='word_1_276' title='bbox 378 3448 576 3511; x_wconf 77' lang='lat' dir='ltr'><strong>miserabilius</strong></span> <span class='ocrx_word' id='word_1_277' title='bbox 598 3448 833 3529; x_wconf 87' lang='lat' dir='ltr'><strong>supplicantibus</strong></span> <span class='ocrx_word' id='word_1_278' title='bbox 857 3459 974 3531; x_wconf 91' lang='lat' dir='ltr'><strong>parcet,</strong></span> <span class='ocrx_word' id='word_1_279' title='bbox 997 3449 1113 3529; x_wconf 87' lang='lat' dir='ltr'><strong>quando</strong></span> <span class='ocrx_word' id='word_1_280' title='bbox 1137 3460 1171 3511; x_wconf 89' lang='lat' dir='ltr'><strong>ut</strong></span> <span class='ocrx_word' id='word_1_281' title='bbox 1193 3460 1294 3529; x_wconf 89' lang='lat' dir='ltr'><strong>parcat</strong></span> 
     </span>
    </p>
   </div>
   <div class='ocr_carea' id='block_1_4' title="bbox 354 3602 813 3671">
    <p class='ocr_par' dir='ltr' id='par_1_5' title="bbox 354 3602 813 3671">
     <span class='ocr_line' id='line_1_35' title="bbox 354 3602 813 3671; baseline 0.004 -16"><span class='ocrx_word' id='word_1_282' title='bbox 354 3606 381 3667; x_wconf 76' lang='lat' dir='ltr'><strong>c)</strong></span> <span class='ocrx_word' id='word_1_283' title='bbox 400 3602 443 3656; x_wconf 33' lang='lat' dir='ltr'><strong>Psi</strong></span> <span class='ocrx_word' id='word_1_284' title='bbox 463 3608 506 3670; x_wconf 78' lang='lat' dir='ltr'><strong>io,</strong></span> <span class='ocrx_word' id='word_1_285' title='bbox 526 3608 567 3658; x_wconf 87' lang='lat' dir='ltr'><strong>1o</strong></span> <span class='ocrx_word' id='word_1_286' title='bbox 605 3607 649 3671; x_wconf 75' lang='grc' dir='ltr'><strong>ιτ)</strong></span> <span class='ocrx_word' id='word_1_287' title='bbox 669 3603 725 3659; x_wconf 71' lang='lat' dir='ltr'><strong>ton</strong></span> <span class='ocrx_word' id='word_1_288' title='bbox 744 3608 770 3671; x_wconf 91' lang='lat' dir='ltr'><strong>a,</strong></span> <span class='ocrx_word' id='word_1_289' title='bbox 788 3608 813 3657; x_wconf 78' lang='lat' dir='ltr'><strong>c</strong></span> 
     </span>
    </p>
   </div>
   <div class='ocr_carea' id='block_1_5' title="bbox 281 3714 459 3722">
    <p class='ocr_par' dir='ltr' id='par_1_6' title="bbox 281 3714 459 3722">
     <span class='ocr_line' id='line_1_36' title="bbox 281 3714 459 3722; baseline -0.017 0"><span class='ocrx_word' id='word_1_290' title='bbox 281 3714 459 3722; x_wconf 71' lang='lat'><strong>-—---—.</strong></span> 
     </span>
    </p>
   </div>
   <div class='ocr_carea' id='block_1_6' title="bbox 353 3758 813 3828">
    <p class='ocr_par' dir='ltr' id='par_1_7' title="bbox 353 3758 813 3828">
     <span class='ocr_line' id='line_1_37' title="bbox 353 3758 813 3828; baseline -0.004 -14"><span class='ocrx_word' id='word_1_291' title='bbox 353 3767 378 3826; x_wconf 80' lang='lat' dir='ltr'><strong>b,</strong></span> <span class='ocrx_word' id='word_1_292' title='bbox 399 3766 440 3828; x_wconf 83' lang='lat'><strong>10,</strong></span> <span class='ocrx_word' id='word_1_293' title='bbox 461 3768 493 3815; x_wconf 76' lang='lat'><strong>12</strong></span> <span class='ocrx_word' id='word_1_294' title='bbox 513 3776 563 3816; x_wconf 81' lang='lat' dir='ltr'><strong>sna</strong></span> <span class='ocrx_word' id='word_1_295' title='bbox 579 3776 631 3817; x_wconf 76' lang='grc' dir='ltr'><strong>οηι,</strong></span> <span class='ocrx_word' id='word_1_296' title='bbox 649 3759 689 3826; x_wconf 75' lang='grc' dir='ltr'><strong>Α;</strong></span> <span class='ocrx_word' id='word_1_297' title='bbox 707 3758 743 3826; x_wconf 74' lang='lat' dir='ltr'><strong>ts.</strong></span> <span class='ocrx_word' id='word_1_298' title='bbox 757 3760 813 3813; x_wconf 71' lang='lat'><strong>532</strong></span> 
     </span>
    </p>
   </div>
   <div class='ocr_carea' id='block_1_7' title="bbox 0 0 1646 4459">
    <p class='ocr_par' dir='ltr' id='par_1_8' title="bbox 0 0 1646 4459">
     <span class='ocr_line' id='line_1_38' title="bbox 0 0 1646 4459; baseline 0 0"><span class='ocrx_word' id='word_1_299' title='bbox 0 0 1646 4459; x_wconf 95' lang='lat' dir='ltr'><strong> </strong></span> 
     </span>
    </p>
   </div>
  </div>
 </body>
</html>
