3284 4459
766 502 789 547 S.
800 502 966 547 nuendum

763 738 881 806 Carnu
904 738 961 807 VI.

360 871 449 945 Quod
469 888 529 932 non
557 872 658 930 omnio
685 872 837 930 miraculo
860 872 1017 929 naturalia
1039 872 1113 944 sint,
1142 871 1200 930 sed
1216 873 1366 946 pleraque
1420 876 1424 887 ‘

474 960 605 1020 liumeno
629 961 750 1032 inuenio
773 960 957 1037 modificato,
977 960 1126 1033 pleraque
1149 965 1250 1019 autem

625 1048 804 1107 daemonum
827 1053 895 1106 arte
918 1048 1089 1121 compositu.

320 1179 338 1231 d
445 1169 500 1232 ilic
523 1171 600 1232 forte
627 1168 839 1249 respondeant:
869 1169 1015 1249 „Prorsus
1047 1186 1103 1229 nco
1130 1170 1186 1231 ista
1213 1178 1285 1231 sunt
1311 1190 1366 1231 nee

355 1260 412 1321 ista
435 1258 598 1338 eredimus3
627 1256 697 1318 falsa
725 1256 762 1317 de
784 1256 832 1316 bis
855 1257 946 1337 dicta,
973 1256 1043 1316 falsa
1067 1260 1235 1338 conscripta
1259 1254 1365 1340 sunt“;

356 1356 388 1409 et
418 1348 546 1408 adiciant
576 1347 786 1407 ratiocinantes
817 1355 905 1424 atque
933 1345 1082 1405 dicentes:
1115 1344 1172 1426 „Si
1201 1345 1270 1407 talia
1301 1365 1365 1407 cre-

356 1435 451 1497 denda
481 1444 566 1515 sunt,
598 1434 710 1494 credite
738 1441 770 1495 ct
797 1451 850 1492 vos
878 1432 956 1511 quod
986 1434 1017 1493 in
1041 1432 1159 1494 easdem
1182 1434 1296 1496 litteras
1320 1444 1367 1495 est

356 1525 495 1597 relatum,
526 1523 618 1583 luisse
646 1521 692 1583 rel
725 1539 790 1583 csse
819 1521 965 1600 quoddam
996 1518 1119 1581 Veneris
1148 1523 1248 1583 lantum
1277 1532 1366 1601 atque

305 1623 338 1672 10
356 1611 398 1673 ibi
421 1610 628 1672 candelabrum
657 1618 688 1671 et
713 1612 744 1669 in
771 1628 807 1669 eo
835 1609 985 1669 lucernam
1014 1607 1069 1669 sub
1097 1611 1164 1671 divo
1193 1614 1236 1671 sic
1260 1612 1365 1671 arden·

356 1708 432 1780 tem,
463 1706 497 1760 ut
523 1716 587 1759 cam
617 1698 696 1758 nulla
726 1705 899 1776 tempestas,
929 1696 1027 1757 nullus
1050 1697 1146 1759 imber
1169 1701 1367 1779 extingueret,

356 1787 435 1848 unde
459 1789 538 1847 sicut
559 1786 607 1846 ille
630 1786 717 1867 lapis,
744 1788 785 1846 ita
808 1788 865 1845 ista
886 1780 993 1865 λύχνος
1015 1781 1168 1865 ἄσβεστος,
1199 1786 1229 1848 id
1252 1796 1298 1848 est
1321 1787 1365 1848 lu-

357 1893 447 1936 cerna
465 1874 708 1955 inextinguibilis,
730 1876 879 1934 nominata
898 1868 970 1934 est.“
1015 1873 1100 1944 Quod
1119 1884 1278 1954 propterea
1300 1884 1365 1955 pot-

357 1970 446 2024 erunt
477 1962 592 2042 dicere,
624 1970 657 2023 ut
688 1961 888 2041 respondendi
919 1961 1004 2022 nobis
1034 1965 1184 2040 angustias
1214 1966 1366 2043 ingerant3
1460 1986 1461 2033 3

304 2062 337 2111 1⁶
357 2053 426 2130 quia
448 2053 474 2111 si
497 2051 658 2111 dixerimus
681 2069 740 2111 non
763 2068 829 2110 esso
853 2049 1050 2130 eredendum,
1073 2053 1183 2129 scripta
1206 2051 1255 2112 ilia
1277 2056 1366 2113 mira-

357 2139 492 2200 culorum
515 2138 742 2218 iniirmabimus3
769 2140 795 2198 si
825 2147 923 2199 autem
946 2136 1128 2198 credendum
1152 2158 1217 2201 esse
1242 2158 1364 2202 conces-

356 2230 497 2307 serimus,
520 2227 702 2287 firmabimus
726 2228 846 2287 numina
869 2244 1058 2305 paganorum.
1106 2226 1163 2287 Sed
1187 2245 1256 2308 nos,
1286 2230 1366 2290 sicut

355 2318 467 2377 iamin
490 2315 566 2376 libro
584 2314 843 2376 duodevicensimo
866 2314 955 2375 buius
978 2317 1077 2392 operis
1100 2315 1169 2393 dixi,
1193 2335 1252 2375 non
1275 2315 1365 2377 babe-

274 2462 279 2471 ,
357 2422 423 2465 mus
450 2422 573 2465 necesse
600 2405 698 2462 omnia
726 2402 862 2478 credere,
890 2420 965 2481 quae
993 2402 1115 2462 historia
1140 2406 1273 2464 eontinet
1295 2424 1366 2483 gen·
1459 2444 1460 2465 x

305 2502 338 2553 20
357 2496 440 2572 dum,
464 2511 532 2553 cum
550 2499 582 2551 et
598 2493 656 2570 ipsi
674 2492 753 2552 inter
770 2508 802 2550 se
826 2489 969 2571 historici,
993 2493 1070 2550 sieut
1093 2493 1133 2550 ait
1155 2489 1256 2571 Varro,
1280 2496 1367 2570 quasi
1459 2510 1460 2555 t

357 2580 423 2641 data
450 2598 540 2659 opera
569 2587 600 2640 et
627 2580 709 2657 quasi
738 2596 774 2639 ex
801 2578 947 2639 industria
974 2596 1028 2657 per
1055 2578 1147 2639 multa
1174 2578 1367 2661 dissentiant3

356 2669 409 2729 sed
428 2686 472 2748 ea,
494 2669 520 2727 si
539 2667 681 2745 volumus,
704 2666 862 2747 eredimus,
884 2684 959 2745 quae
978 2685 1037 2726 uon
1056 2665 1250 2728 adversantur
1272 2667 1367 2748 libris,

357 2754 465 2835 quibus
497 2773 558 2814 non
593 2753 763 2815 dubitamus
795 2762 934 2833 oportere
971 2773 1025 2815 nos
1057 2753 1190 2815 credere.
1242 2754 1285 2816 De
1318 2756 1365 2817 bis

357 2851 456 2905 autem
483 2842 693 2904 miraculorum
721 2842 794 2903 loeis
821 2841 907 2902 nobis
933 2842 968 2902 ad
997 2861 1044 2922 ea,
1072 2860 1146 2921 quae
1175 2843 1275 2904 lutura
1297 2862 1365 2923 per·

304 2930 482 2993 abscedere
505 2929 667 2992 incredulis
690 2929 839 3011 volumus,
862 2932 933 2990 satis
956 2930 1004 2990 illa
1028 2931 1188 3011 sufficiant,
1211 2949 1286 3009 quae
1310 2950 1366 2993 nos

359 3037 476 3099 quoque
505 3036 663 3097 possumus
691 3020 833 3098 experiri,
860 3028 890 3079 et
917 3035 1021 3079 eorum
1043 3026 1135 3079 testes
1158 3018 1281 3079 idoneos
1304 3038 1366 3081 non

357 3106 477 3170 difficile
505 3114 551 3167 est
577 3108 719 3167 invenire.
764 3106 806 3166 De
829 3108 886 3167 isto
910 3115 1008 3167 autem
1032 3107 1098 3166 iano
1121 3104 1244 3167 Veneris
1268 3115 1298 3168 et
1321 3107 1365 3169 lu·

358 3213 446 3257 cerna
476 3193 693 3273 inextinguibili
722 3212 780 3254 non
812 3194 906 3254 solum
935 3196 966 3254 in
994 3192 1088 3254 nullas
1119 3202 1287 3255 coartamur
1315 3214 1366 3257 an·

358 3286 485 3363 gustias,
517 3300 620 3343 verum
653 3284 740 3342 etiam
768 3282 931 3343 latitudinis
958 3281 1044 3342 nobis
1071 3299 1192 3360 campus
1222 3286 1366 3361 aperitur.
1457 3286 1458 3293 ’

306 3382 339 3431 30
358 3372 499 3431 Addimus
517 3374 596 3431 enim
615 3369 650 3431 ad
668 3372 755 3431 istam
773 3370 924 3430 lucernam
942 3368 1196 3447 inextinguibilem
1214 3380 1245 3431 ct
1262 3369 1366 3431 buma-

426 3537 469 3604 18)
488 3534 566 3589 018
585 3537 622 3603 (p.
638 3539 698 3600 ers,
719 3536 770 3602 1o).

355 3636 569 3647 ——-——-—-

355 3762 415 3818 AG
427 3698 460 3816 lg
476 3692 648 3745 firmabimus
661 3707 727 3759 ωας
747 3690 868 3745 confirm.
882 3707 899 3745 o
912 3692 922 3759 d
936 3695 970 3744 25
985 3690 1127 3747 sufficiant
1141 3693 1204 3762 Rs,
1223 3691 1372 3747 sufficiunt

420 3780 438 3817 o
465 3778 544 3833 egpe
930 3798 935 3809 ·

337 4079 482 4153 A
