3284 4459
353 480 417 545 186
757 492 779 534 s.
792 493 990 536 annosam1„.

352 628 439 690 [isan.
480 627 603 699 Quando
626 629 705 688 enim
728 626 841 688 diotnm
864 635 922 687 est:
945 627 984 687 Ia
1007 626 1099 688 Isaac
1120 629 1281 688 uocabitur
1304 629 1363 688 tibi

349 735 465 796 semea,
492 718 644 796 pertinens
668 718 771 794 ntique
795 732 897 775 semen
921 713 956 774 ad
980 716 1129 776 civitatem
1152 714 1218 796 net,
1241 731 1359 794 sepera-

352 815 417 867 tum
439 814 485 865 est
507 804 575 866 inde
599 802 677 865 aliud
701 821 802 864 semen
826 801 972 883 nbi-anae,
996 802 1161 882 quoderat
1184 805 1214 864 in
1238 801 1360 864 anciliae

352 893 422 974 diio,
444 901 475 954 et
498 892 576 971 qnod
599 893 733 953 intutum
756 900 820 951 erat
843 893 873 952 in
898 891 963 953 filiis
987 889 1135 952 Cetturae.
1182 891 1239 952 Sed
1253 891 1360 952 adhuc

318 990 419 1042 aetat
439 979 609 1059 ambignum
629 979 668 1040 do
691 978 809 1040 dnobus
832 981 957 1058 geminis
981 979 1047 1039 tiliis
1070 979 1160 1059 Isaac,
1183 979 1218 1040 ad
1243 990 1360 1040 utriun-

354 1088 411 1149 que
438 1087 477 1130 an
503 1069 539 1129 ed
563 1087 655 1130 unum
682 1085 787 1128 eorum
808 1066 857 1127 iila
880 1066 1046 1128 benedictio
1070 1070 1248 1148 pertinerem
1281 1077 1310 1128 ot
1334 1072 1361 1128 si
1468 1099 1469 1150 3

352 1157 389 1218 ad
413 1158 673 1238 unumsqnisnam
695 1165 774 1217 esset
796 1151 924 1216 illinunt,
965 1153 1051 1226 Quod
1074 1174 1153 1216 nunc
1177 1155 1361 1218 deciaratum

343 1253 413 1326 est,
439 1263 509 1306 enm
535 1244 706 1325 prophetice
730 1262 747 1304 a
769 1252 853 1322 petre
876 1243 1063 1304 benedicitur
1085 1242 1173 1304 Iacob
1197 1253 1227 1306 et
1249 1245 1361 1307 dieitur

337 1336 395 1401 dei:
422 1335 464 1394 Et
483 1336 546 1394 eris
568 1337 601 1394 iu
622 1335 874 1408 cauareaatioues
894 1335 1042 1407 acutium,
1066 1339 1097 1393 et
1118 1335 1171 1396 det
1192 1334 1249 1393 tibi
1271 1334 1360 1394 baum

301 1433 335 1483 ιο
353 1425 515 1484 dictionem
538 1423 693 1482 Abraham
713 1422 813 1497 patris
837 1423 889 1480 tui.
919 1471 923 1478 .

442 1509 572 1589 Pangens
604 1512 703 1587 itaque
734 1510 765 1569 in
793 1499 1032 1587 Mesopotamiam
1064 1505 1151 1568 iacob
1183 1510 1214 1569 in
1247 1511 1360 1570 somnis

353 1600 468 1677 aceepit
490 1596 652 1676 ordonium,
673 1596 783 1676 dequo
806 1597 849 1655 sic
872 1598 1015 1675 seriptum
1040 1604 1097 1657 est:
1121 1597 1161 1656 Et
1174 1599 1251 1658 exiit
1264 1598 1360 1658 Iacob

354 1706 374 1748 a
393 1693 486 1764 puteo
508 1688 670 1746 iurationis
687 1692 718 1746 et
735 1682 893 1761 profectus
915 1692 960 1745 est
982 1688 1013 1744 ia
1030 1685 1173 1746 Oharrau
1192 1691 1223 1746 at
1239 1687 1362 1746 deuenit

354 1779 386 1838 iu
409 1778 506 1836 locum
529 1781 560 1835 et
581 1776 722 1835 dormivit
743 1775 802 1843 idi;
824 1774 983 1834 acciderat
1005 1775 1083 1834 emim
1099 1776 1160 1845 sol;
1182 1780 1214 1834 et
1234 1777 1361 1850 sumpsit

301 1875 336 1923 to
354 1881 396 1926 ea
417 1865 568 1940 lapididus
590 1865 650 1923 loci
671 1869 701 1922 et
719 1863 821 1937 potuit
843 1862 886 1922 ad
906 1868 999 1937 eaput
1015 1879 1102 1921 suam
1121 1869 1151 1922 et
1168 1864 1310 1922 dormivit
1321 1865 1361 1924 ‘im

354 1956 420 2014 ioco
452 1955 502 2012 illo
534 1959 564 2011 et
590 1953 755 2011 somniauit.
810 1949 852 2008 Et
879 1964 951 2010 eece
981 1951 1067 2009 scala
1098 1951 1233 2011 stabilita
1264 1969 1360 2028 super

354 2047 478 2112 terram,
502 2042 589 2100 cuias
607 2046 701 2114 caput
714 2037 913 2113 pertimaebat
930 2039 973 2096 ad
986 2040 1119 2109 eaelum;
1142 2047 1170 2099 et
1185 2042 1288 2113 amacii
1302 2041 1362 2100 liei

346 2130 561 2213 ,aseendebaat
585 2134 616 2186 et
641 2126 864 2186 descendebant
885 2141 944 2200 per
970 2127 1064 2198 illam,
1094 2134 1125 2187 et
1146 2127 1290 2188 Dominus
1313 2131 1359 2188 ia-

346 2217 634 2298 aumbebatjtuper‘
649 2216 730 2273 iilam
754 2219 783 2273 et
805 2214 899 2273 diuit:
925 2213 987 2287 Ean
1010 2231 1075 2273 sum
1099 2215 1180 2275 neus
1203 2217 1360 2292 Abraham

302 2317 336 2364 2ο
352 2307 453 2382 patrio
475 2305 573 2364 iniat
595 2303 675 2362 Deus
699 2301 798 2374 Isaac,
821 2302 885 2360 uolt
906 2303 1028 2372 timere;
1050 2309 1174 2375 terram,
1197 2306 1227 2364 iu
1243 2311 1303 2378 qua
1326 2299 1360 2365 tu

355 2395 468 2455 dormis
489 2405 583 2466 super
604 2405 679 2461 eam,
701 2390 757 2448 tibi
778 2389 857 2448 dabo
881 2391 962 2448 iilam
986 2397 1016 2449 et
1036 2393 1144 2451 semini
1165 2397 1234 2460 tuo:
1257 2396 1362 2453 eterit

354 2499 454 2543 samem
481 2481 671 2539 tuum.sicut
698 2479 817 2537 murena
845 2482 961 2550 terrae,
993 2485 1024 2537 et
1052 2480 1232 2540 dilatabitur
1263 2497 1361 2556 supra

355 2569 546 2630 mareotim
565 2564 708 2640 Africum
730 2572 761 2624 et
780 2567 813 2623 ia
836 2567 1006 2638 aquilonem
1029 2572 1059 2626 et
1080 2569 1124 2626 ad
1145 2570 1289 2628 orientem
1295 2589 1306 2638 ;
1330 2575 1363 2628 et

356 2657 573 2718 benedicentur
603 2656 635 2713 iu
667 2661 696 2714 te
726 2669 827 2714 omnes
859 2654 955 2713 tribus
988 2661 1091 2715 terrae
1122 2662 1154 2716 at
1183 2657 1228 2716 iu.
1246 2659 1360 2724 semina

302 2756 336 2804 aa
356 2754 415 2806 tao.
453 2743 494 2802 Et
514 2759 663 2817 acceeqo
685 2757 750 2802 sum
773 2748 880 2813 tecum,
903 2743 1074 2802 custodiens
1097 2749 1126 2803 te
1149 2745 1181 2804 im
1204 2747 1287 2805 ommi.
1308 2747 1360 2806 oia

355 2848 545 2908 quacumque
566 2831 631 2904 ibin,
655 2836 685 2890 et
706 2830 905 2890 reducam'te
919 2831 1079 2890 interram
1094 2832 1182 2903 hamc,
1206 2835 1279 2906 quia
1298 2842 1359 2892 aaa

356 2929 385 2982 te
403 2921 619 2992 derelinquam,
643 2921 739 2978 donea
753 2915 871 2991 faciam
889 2920 1003 2990 amaia,
1026 2935 1105 2992 quaa
1122 2926 1219 2980 tecum
1242 2923 1361 2981 lacuum

354 3026 429 3069 oum.
474 3007 680 3067 Etourrexit
706 3005 799 3077 Iacob
815 3006 867 3065 'de
892 3021 994 3066 somno
1021 3023 1076 3067 suo
1099 3014 1129 3068 et
1150 3010 1245 3068 deaii:
1281 3010 1360 3079 Quia

356 3104 401 3157 eat
414 3097 569 3157 Dominus,
582 3097 613 3153 im
636 3095 785 3166 loaoaoc,
808 3109 864 3166 aaa
883 3101 983 3154 autem
1001 3087 1179 3156 nesciebam.
1203 3096 1244 3156 Et
1261 3099 1362 3156 timuit

303 3196 337 3246 ³0
346 3214 348 3217 ·
357 3192 387 3246 at
400 3186 495 3244 dixit:
522 3183 618 3255 Quam
632 3183 778 3242 terribilis
791 3184 875 3240 loeus
889 3182 961 3241 hiat.
979 3198 1038 3242 mou
1053 3190 1099 3242 ent
1111 3185 1360 3254 haemmi-domus

356 3273 415 3333 liei
436 3272 565 3333 ethaeo
584 3278 677 3346 porta
699 3276 744 3330 est
765 3271 853 3329 caeli.
891 3269 932 3328 Et
953 3272 1098 3331 surremit
1113 3270 1211 3332 lacau
1229 3270 1261 3332 et
1281 3289 1360 3334 eum·

319 3411 323 3417 ·
387 3411 391 3417 ·
426 3386 454 3449 2)
473 3381 540 3436 Gen.
560 3385 603 3445 21,
619 3385 659 3432 tn.

428 3546 444 3596 ὅ
463 3541 500 3594 od
517 3543 571 3594 uir.
593 3537 788 3603 VRAFaau
807 3554 844 3591 nn
862 3537 899 3591 nd
917 3539 971 3591 uir.
990 3537 1072 3606 bopo
1085 3538 1094 3604 ΙΙ
1109 3540 1142 3587 10
1161 3532 1295 3587 abraham
1313 3534 1366 3588 VA

342 3612 537 3682 {Medeam
551 3609 731 3665 abrahoeRu
742 3611 752 3677 ΙΙ
768 3613 800 3661 te
811 3608 930 3661 charran
941 3605 1049 3678 Fp(elc
1058 3603 1177 3674 χαρράνς
1192 3605 1364 3670 efi-147,14);

343 3684 456 3741 eham
476 3681 620 3746 annau
639 3695 747 3733 earnm
760 3680 788 3744 ὸς
807 3678 935 3738 ohortum
949 3695 1010 3749 ayo
1023 3679 1033 3746 il
1047 3683 1080 3730 22
1100 3690 1183 3744 super
1196 3691 1231 3730 eu
1243 3677 1253 3744 lt
1267 3680 1300 3727 23
1315 3675 1365 3747 ad]

341 3755 389 3809 -in
405 3756 450 3820 A3-
464 3752 501 3806 ab
516 3770 538 3824 -q
554 3754 564 3821 i
583 3756 616 3804 30
634 3749 702 3821 hoo]
718 3750 764 3803 hio
783 3751 821 3803 A*
