3284 4459
558 503 598 544 nu
613 499 824 545 mercensem
837 502 864 546 m
879 500 940 544 m
954 501 977 545 o.
990 504 1023 545 ss.
1037 503 1070 545 ar.
1251 489 1315 554 183

308 639 348 699 de
376 639 534 716 scripturis
561 639 671 699 sanctis
699 639 862 717 patrocinia
889 636 1111 717 requirentibus
1126 636 1251 700 uidetur
1274 638 1314 698 ie·

310 729 388 788 cisse
416 723 550 806 libidine3
581 725 688 787 deinde
715 734 750 787 ut
777 727 868 786 etiam
893 724 949 786 hoc
977 728 1159 803 noverimus,
1191 743 1251 786 non
1279 743 1315 786 ex

311 814 399 875 bonis
425 814 551 893 singulis
576 816 657 875 inter
680 811 717 875 ‘se
744 812 880 874 homines
908 830 1083 894 conparare,
1115 813 1167 874 sed
1196 815 1227 876 in
1256 831 1314 875 uno

311 920 429 982 quoqne
462 901 685 963 cousideremns
717 904 863 962 universa.
918 900 996 963 Fieri
1029 904 1107 963 enim
1139 911 1251 983 potest,
1283 901 1315 962 ut

302 990 417 1052 'lrabeat
443 990 553 1070 aliquid
581 992 747 1051 invitaet
770 989 903 1052 moribus
926 989 1085 1070 quispiam,
1112 1009 1171 1069 quo
1195 998 1316 1070 superat
1331 1001 1350 1052 '5

309 1079 410 1159 adom,
433 1078 521 1158 idque
544 1081 585 1140 sit
607 1077 693 1157 longe
715 1077 931 1158 praestabilius,
954 1093 1047 1156 qnam
1065 1088 1111 1140 est
1133 1077 1214 1159 illud,
1238 1077 1315 1139 nude

308 1167 348 1228 ab
371 1166 427 1228 alio
450 1163 617 1247 superatur.
649 1170 690 1227 Ac
713 1184 768 1246 per
789 1165 846 1226 boc
869 1184 940 1228 sano
959 1183 1088 1245 veroque
1106 1165 1225 1249 iudicio,
1247 1185 1316 1228 cnm

303 1258 493 1317 memineritis
516 1257 653 1334 coniugio
676 1255 874 1334 praeferatur,
902 1253 1007 1316 melior
1034 1264 1080 1316 est
1106 1264 1205 1316 tamen
1228 1253 1316 1316 homo

301 1343 407 1404 'tidelis
436 1345 611 1422 coniugatus
638 1361 726 1422 quam
749 1345 905 1404 continens
929 1341 1063 1404 infidelis.
1109 1341 1167 1403 Sed
1190 1341 1316 1403 infidelis

303 1431 400 1493 -bomo
423 1449 483 1493 non
506 1431 601 1493 solnm
625 1434 723 1493 minns
745 1430 921 1512 laudandus,
953 1433 1167 1492 verumetiam
1191 1433 1314 1494 manime
1336 1443 1369 1494 tc

300 1517 504 1581 ¹detestandus
535 1530 591 1582 est.
640 1518 862 1585 Constituamus
890 1517 992 1580 ambos
1019 1518 1136 1598 bonosq
1157 1521 1246 1580 etiam
1272 1522 1316 1580 sic

302 1609 447 1687 prolecto
470 1607 576 1669 melior
598 1617 646 1669 est
666 1609 842 1686 coniugatus
864 1606 1053 1669 lldelissimus
1071 1616 1102 1668 et
1120 1605 1316 1669 oboedientis·

302 1698 406 1757 simus
419 1695 481 1757 Deo
503 1713 593 1776 quam
616 1698 771 1758 continens
794 1698 918 1757 minoris
941 1695 1010 1756 lidei
1034 1697 1216 1775 minorisque
1229 1694 1316 1756 oboe-

309 1783 448 1846 dientiae.
480 1784 513 1845 Si
531 1801 601 1846 vero
619 1787 700 1863 paria
722 1786 783 1846 sint
803 1793 913 1865 cetera,
936 1785 1138 1846 coutinentem
1160 1785 1316 1863 coniugato

310 1873 464 1953 praeferre
488 1875 554 1952 quis
577 1867 726 1952 ambigat?
1003 1915 1005 1920 .
1337 1884 1370 1936 15

661 2059 780 2128 Osrun
802 2061 967 2128 XXXVII.

304 2163 307 2168 ⁵
403 2190 451 2252 ne
471 2191 532 2264 bis,
555 2207 634 2265 quoe
655 2192 690 2271 ia
710 2191 794 2252 Esou
821 2196 852 2251 et
873 2190 967 2254 Iacob
989 2194 1224 2280 mysticoprae
1300 2171 1303 2180 ¹

694 2279 923 2354 [lucrabuntur.

327 2433 330 2437 ›
385 2400 464 2462 -lino
486 2403 578 2481 igitur
599 2400 680 2462 lsaac
702 2399 852 2462 liliillsau
875 2409 906 2462 et
923 2400 1010 2462 iacob
1033 2403 1145 2480 pariter
1167 2412 1315 2464 crescunt.

304 2489 459 2551 Primatns
489 2491 609 2552 maioris
637 2489 856 2550 transfunditur
876 2491 1086 2550 luminosam
1113 2485 1150 2552 e'x
1177 2501 1263 2569 pacto
1286 2499 1316 2554 ot
1334 2496 1369 2554 20

302 2577 419 2658 placito
440 2579 521 2638 inter
542 2576 617 2659 illos,
639 2595 676 2638 eo
694 2574 773 2656 quod
791 2576 972 2658 lenticulam,
994 2595 1083 2656 quem
1102 2576 1201 2638 cibum
1220 2580 1318 2640 minor

310 2675 477 2746 paraverat,
509 2668 603 2727 maior
634 2665 857 2727 inmoderatius
879 2667 1060 2746 concupivit,
1093 2683 1187 2744 eoque
1220 2669 1316 2746 pretio

302 2756 507 2833 ¹primogenita
529 2760 591 2816 sua⁴
606 2753 690 2814 lratri
712 2755 859 2815 iuratione
883 2755 1057 2833 interposita
1081 2754 1227 2816 vendidit:
1244 2753 1316 2816 1Uoi
1327 2799 1345 2810 ,.

302 2842 453 2906 discimus
479 2844 514 2902 in-
537 2841 683 2903 vescendo
710 2859 771 2902 non
798 2841 857 2903 'cibi
880 2860 1003 2922 genere,
1035 2842 1088 2904 sed
1108 2841 1248 2904 aviditate
1271 2843 1315 2905 in·

299 2929 443 2994 modesta
456 2943 605 3009 quemque
619 2929 806 3009 culpandum
830 2929 966 2991 Senescit
979 2929 1060 2992 isaac
1079 2932 1202 3009 eiusque
1221 2931 1315 3006 oculis
1335 2943 1369 2993 to

301 3035 365 3098 'per
388 3028 538 3080 senectam
560 3020 641 3078 visus
663 3018 810 3079 anlertna
852 3016 920 3080 Vult
943 3017 1119 3082 benedicere
1142 3018 1234 3080 libum
1257 3037 1316 3081 ma·

300 3109 404 3174 „iorem
426 3114 457 3167 et
479 3124 534 3186 pro
556 3105 607 3166 illo
630 3107 766 3167 nesciens
790 3103 944 3166 benedicit·
963 3109 1119 3187 minorem,
1147 3122 1202 3186 pro
1227 3108 1315 3169 iratra

299 3196 431 3274 maiore,
445 3196 496 3273 qui
514 3193 718 3274 eratpilosns,
733 3212 768 3254 se
787 3196 919 3272 paternis
938 3194 1073 3266 manibus
1092 3205 1317 3278 supponentem,
1352 3241 1355 3248 .

299 3282 443 3344 baedlnis
465 3281 524 3343 sibi
543 3281 691 3361 pelliculis
714 3284 857 3361 coaptatis
881 3281 960 3343 velut
986 3282 1081 3344 aliena
1105 3294 1315 3364 peccatavpor·

301 3379 430 3432 tantem.
465 3370 524 3432 lste
542 3369 628 3432 dolus
651 3368 737 3430 lacob
761 3388 798 3430 ne
821 3379 978 3449 putaretur
1001 3371 1207 3434 fraudulentus
1221 3371 1315 3433 dolus
1334 3385 1368 3434 ³0

379 3498 425 3573 2'3)
444 3499 512 3560 lien.
531 3501 574 3572 2'5,
593 3503 626 3560 ab
646 3522 703 3575 sqq.

296 3770 300 3784 ι
315 3743 318 3747 »
339 3743 346 3774 3
381 3709 398 3758 8
412 3709 514 3788 eqtom.
526 3707 571 3776 El
582 3712 615 3763 16
625 3706 766 3781 praeferre
773 3707 924 3778 canopo
934 3709 980 3778 (cf,
989 3710 1123 3775 182,21);
1136 3705 1319 3778 proferrem

308 3775 444 3845 praeferri
464 3776 615 3832 V¹Gab¹e
631 3781 641 3847 ll
660 3784 694 3832 at
713 3778 898 3842 immoderate
916 3796 931 3833 o
948 3781 958 3847 ΙΙ
977 3781 1010 3852 30
1029 3777 1112 3866 Iacob
1131 3795 1181 3834 om.
1203 3779 1232 3832 V
1282 3831 1305 3850 M,
