3284 4459
365 529 428 592 132
763 540 785 581 s.
799 539 965 583 eunusrnu

363 685 394 739 et
415 678 527 738 labium
553 693 645 737 unum
673 679 815 749 omnium,
844 683 1011 754 atemere,
1037 692 1071 734 ac
1094 675 1200 736 deinde
1224 675 1369 738 additum:

370 765 474 826 Venite
496 771 526 826 et
547 766 761 826 descendentes
788 762 1011 838 confundamus
1033 765 1078 823 ibi
1098 767 1234 838 linguam
1256 781 1369 839 eorum,

363 852 565 931 recapitulatio
585 855 632 933 sit,
654 852 860 913 demonstrans
879 849 1022 930 quemad
1045 851 1165 912 modum
1189 852 1299 912 iactum
1322 856 1369 934 sit,

363 940 442 1020 quod
470 941 582 1001 dictum
609 941 718 1001 iuerat:
750 941 916 1003 Descendit
941 940 1095 1001 Dominus.
1146 938 1177 1000 Si
1204 943 1283 1000 enim
1312 944 1370 1002 iam
1456 978 1457 981 =

330 1028 575 1109 ndescenderat,
598 1028 668 1107 quid
692 1026 749 1088 sibi
772 1028 846 1089 vult:
885 1027 989 1088 Venite
1010 1034 1040 1089 et
1062 1029 1276 1090 descendentes
1298 1047 1369 1090 cou-
1456 1038 1457 1049 ¹

360 1117 529 1195 fundamus
560 1111 654 1201 (qrrod
685 1115 866 1194 intellegitur
895 1115 1007 1196 angelis
1036 1110 1182 1197 dictum),
1214 1119 1271 1177 nisi
1300 1121 1369 1196 quia

362 1224 418 1286 per
445 1205 564 1286 angelos
596 1204 806 1284 descendebat,
838 1206 890 1282 qrri
919 1206 949 1264 in
980 1203 1091 1282 angelis
1121 1204 1369 1266 descendentibus

363 1289 448 1354 erat?
484 1293 522 1354 Et
543 1293 619 1354 bene
643 1311 702 1353 non
726 1295 778 1352 ait:
805 1291 932 1372 „Venite
955 1300 985 1351 et
1008 1291 1223 1352 descendentes
1245 1293 1369 1354 coniun·
1456 1322 1457 1331 ¹

364 1375 455 1462 dite“,
483 1380 548 1442 sed:
580 1380 805 1456 Confundumus
833 1382 877 1441 ibi
903 1383 1038 1455 linguam
1060 1397 1182 1451 eocum;
1208 1383 1369 1443 ostendens

312 1483 344 1530 ιο
363 1471 403 1530 ita
426 1487 458 1530 se
481 1471 598 1548 operari
628 1487 682 1548 per
705 1471 856 1528 ministros
879 1485 963 1547 suos,
990 1476 1024 1529 ut
1047 1471 1107 1528 sint
1129 1470 1217 1529 etiam
1239 1471 1298 1548 ipsi
1320 1488 1369 1530 cn·
1456 1498 1457 1507 ¹

363 1567 535 1639 operatores
553 1555 616 1640 bei,
638 1559 715 1618 sicut
733 1557 883 1637 apostolus
906 1555 990 1616 dicit:
1013 1556 1073 1617 liei
1093 1559 1172 1618 enim
1193 1575 1296 1619 sumus
1318 1577 1369 1620 co

362 1663 508 1724 operanti.

773 1779 889 1847 Oneur
906 1780 963 1845 VI.

391 1913 495 1984 Qualis
518 1912 720 1986 intellegenda
742 1911 783 1970 sit
795 1926 869 2057 lesse
890 1911 1011 1984 locutio,
1033 1927 1096 1984 oua
1118 1910 1201 1972 Deus
1223 1916 1341 1987 angelis

311 2011 344 2060 15
805 1999 937 2072 oquitur.
1028 2067 1031 2070 ⁴

451 2121 571 2183 Poterat
594 2131 624 2183 et
646 2120 727 2201 illud,
751 2119 867 2198 quando
892 2120 986 2182 lactus
1009 2129 1055 2182 est
1077 2119 1175 2202 bomo,
1197 2122 1233 2182 de
1257 2123 1369 2202 angelis

362 2209 493 2289 intellegi
516 2209 595 2288 anod
623 2209 734 2269 dictum
758 2216 817 2269 est:
844 2209 1007 2270 Faciamus
1028 2210 1189 2285 nominem,
1217 2213 1285 2289 quia
1309 2230 1369 2271 nnn

363 2299 449 2360 dixit:
470 2293 636 2378 ‚‚Faciam“;
661 2297 713 2357 sed
732 2299 800 2376 quia
818 2299 954 2374 sequitur
977 2299 1021 2358 ad
1041 2300 1202 2372 imaginem
1224 2307 1369 2380 nostram,
1456 2310 1457 2365 ἶ

364 2403 420 2448 uec
452 2387 495 2447 las
526 2395 572 2447 est
604 2384 726 2446 credere
759 2383 794 2444 ad
829 2386 984 2464 imaginem
1016 2385 1188 2464 angelorum
1218 2385 1369 2448 bominem
1456 2400 1457 2417 ¹

311 2485 344 2536 2ο
364 2476 490 2555 iactum,
521 2481 573 2534 aut
602 2473 728 2534 eandem·
755 2489 820 2533 esse
852 2474 1010 2550 imaginem
1038 2473 1211 2552 angelorum
1242 2482 1272 2535 et
1302 2475 1369 2537 liei:
1456 2494 1457 2531 i

362 2569 444 2623 recte
477 2560 537 2623 illic
568 2561 750 2640 intellegitur
782 2559 933 2638 pluralitas
961 2563 1111 2622 trinitatis.
1157 2561 1238 2633 Quae
1268 2571 1369 2624 tamen
1456 2628 1457 2643 g

362 2651 479 2711 trinitas
502 2652 569 2728 quia
593 2667 670 2710 unus
693 2646 772 2709 Deus
797 2656 856 2727 est,
878 2649 967 2709 etiam
990 2667 1058 2709 cum
1081 2649 1217 2711 dixisset:
1238 2653 1369 2725 „Facia-
1456 2688 1457 2725 3

361 2738 459 2800 mus“:
480 2738 540 2812 „Et
553 2737 637 2813 fecit,
655 2739 760 2816 inquit,
784 2736 866 2797 Deus
883 2737 1031 2798 bominem
1048 2740 1091 2799 ud
1107 2741 1269 2813 imaginem
1283 2735 1370 2820 Dci‘,

362 2844 421 2886 non
458 2824 532 2886 dixit
564 2826 724 2905 „iecerunt
753 2818 818 2884 dii“
853 2832 903 2884 aut
938 2826 997 2906 „ad
1028 2828 1185 2904 imaginem
1217 2824 1370 2888 deorum“.

310 2927 343 2974 25
362 2913 483 2975 Poterat
515 2922 545 2974 et
574 2912 622 2973 bic
655 2911 757 2972 eadem
784 2911 915 2990 intellegi
941 2915 1074 2993 trinitas,
1103 2923 1251 2994 tamquam
1280 2915 1370 2978 Pater

363 3002 471 3063 dixerit
489 3000 525 3062 ad
543 3001 650 3061 Filium
670 3009 700 3061 et
719 3000 862 3078 Spiritum
881 3009 1029 3061 sanctum:
1060 3001 1171 3078 Venite,
1192 3011 1223 3064 et
1245 3006 1369 3066 descen·

362 3093 465 3152 dentes
488 3088 709 3164 confundamus
733 3089 777 3148 ibi
797 3091 932 3163 linguam
954 3105 1074 3164 eorum,
1097 3091 1124 3150 si
1146 3090 1255 3170 abquid
1278 3101 1369 3172 esset,

363 3177 441 3257 quod
464 3176 583 3256 angelos
610 3174 782 3255 prohiberet
804 3175 948 3256 intellegi,
976 3175 1086 3255 quibus
1107 3180 1206 3258 potius
1229 3184 1370 3242 convenit
1456 3198 1457 3201 ¹

361 3268 463 3326 venire
490 3265 525 3326 ad
554 3262 647 3324 Deum
675 3262 803 3325 motibus
831 3267 954 3344 sanctis,
981 3263 1038 3325 bne
1067 3275 1112 3327 est
1140 3267 1370 3346 cogitationibus

310 3367 343 3415 30
362 3355 428 3434 piis,
451 3351 559 3433 quibus
577 3351 614 3413 ab
633 3354 676 3412 eis
699 3350 864 3412 consulitur
882 3352 1130 3414 incommutabilis
1148 3352 1271 3435 Veritas,
1294 3364 1369 3417 tam·

362 3459 449 3520 quam
476 3440 524 3502 lex
550 3449 670 3502 aeterna
697 3440 728 3500 in
758 3437 807 3500 illa
840 3456 943 3500 eorum
970 3443 1053 3502 curia
1082 3459 1218 3521 superna.
1263 3442 1370 3524 Neque

431 3563 457 3632 2)
476 3559 544 3616 Gau.
564 3567 687 3632 11,6sq.
741 3565 785 3633 12)
805 3569 829 3618 1.
845 3562 903 3618 Gor.
923 3569 949 3632 3,
963 3569 988 3619 2.
1039 3566 1084 3635 16)
1103 3563 1216 3632 Quaeri.
1234 3565 1265 3620 in
1282 3565 1371 3638 Hepb.

360 3635 402 3700 10,
417 3637 451 3686 22
470 3633 553 3702 Zyah.
608 3635 653 3703 23)
672 3632 739 3688 Gen.
761 3641 784 3701 1,
799 3640 833 3688 26
843 3652 884 3702 sq.

430 3797 463 3846 21
483 3792 546 3846 ideo
560 3793 636 3846 racio
649 3808 665 3846 o
678 3793 688 3862 ll
702 3797 736 3846 30
749 3792 910 3847 incommut.
927 3795 1071 3862 rnatu
1090 3795 1188 3851 inmun.
1200 3796 1371 3868 AFaegpr
