3284 4459
543 496 584 534 uu
597 494 740 535 murreum
753 496 807 535 nur
819 496 846 535 u.
859 496 909 535 xx.
924 494 946 535 c.
961 497 993 535 14.
1007 496 1039 537 15.
1233 480 1297 543 441

290 629 378 709 paulo
405 637 473 691 aute
502 636 653 707 posuerat:
682 630 723 689 Et
749 633 880 691 iudicati
907 638 978 691 sunt
999 634 1114 704 strauit
1134 633 1299 690 seeundum

288 718 378 794 sacta
400 735 466 779 sua.
511 716 574 777 Hoc
602 726 648 778 est
674 720 754 777 euim
782 718 861 796 quod
891 718 1133 797 supradixerat:
1159 718 1200 778 Et
1222 720 1299 779 iudi·

290 810 357 867 eati
377 814 448 867 sunt
469 809 582 867 mortui
602 809 767 867 secundum
787 806 876 882 faeta
898 824 963 867 sua.

693 1032 808 1099 Crem*
831 1032 903 1100 XV.

319 1164 379 1235 Qui
399 1165 460 1223 sint
481 1166 601 1242 mortui,
623 1179 698 1237 quos
720 1166 763 1223 ad
785 1165 932 1223 iudicium
955 1162 1094 1222 exhibuit
1115 1178 1210 1235 mare,
1233 1165 1281 1222 vel
1319 1172 1336 1221 5

511 1267 585 1325 quos
607 1268 688 1311 mors
710 1258 740 1311 et
762 1249 858 1325 inseri
879 1252 1088 1311 reddiderunt.

383 1372 440 1433 Sed
465 1376 516 1451 qui
539 1383 608 1433 suut
627 1376 746 1454 mortui,
768 1391 844 1451 quos
868 1372 1001 1433 exhibuit
1024 1390 1114 1453 mare,
1137 1375 1188 1451 qui
1211 1376 1241 1433 iu
1265 1392 1301 1433 eo

293 1458 399 1523 eraut?
444 1461 547 1539 Neque
566 1463 645 1522 euim
668 1464 773 1540 quiin
796 1462 870 1521 meri
894 1463 1070 1541 moriuntur,
1095 1479 1154 1520 nou
1178 1469 1247 1521 suut
1270 1464 1301 1521 iu

293 1551 427 1631 inferno,
450 1558 502 1610 aut
524 1568 648 1629 corpora
672 1567 776 1610 eorum
799 1558 956 1610 servantur
978 1551 1009 1609 iu
1034 1552 1116 1630 meri,
1139 1559 1198 1625 eut,
1222 1549 1301 1628 quod

294 1647 341 1698 est
368 1637 541 1718 absurdius,
568 1655 648 1698 mare
679 1637 804 1698 habebat
831 1637 925 1698 bonos
957 1647 1089 1698 mortuos
1113 1646 1143 1699 et
1165 1638 1301 1700 infernus
1323 1650 1354 1698 10

294 1726 396 1788 melos.
441 1726 514 1797 Quis
541 1726 597 1786 hoc
624 1722 792 1805 putaverit?
843 1726 900 1787 Sed
927 1726 1061 1806 profecto
1092 1728 1302 1787 convenienter

295 1814 414 1894 quidam
434 1814 573 1874 hocloco
593 1833 745 1893 marepro
768 1817 827 1873 istu
851 1815 968 1875 saecuto
990 1818 1122 1894 positum
1144 1817 1300 1894 accipiunt.

295 1904 370 1965 Cum
393 1921 464 1981 ergo
492 1912 522 1962 et
549 1920 624 1981 quos
647 1902 694 1962 hie
718 1905 847 1963 inveniet
871 1902 1006 1963 Christus
1030 1906 1060 1963 iu
1084 1921 1208 1982 corpore
1233 1921 1301 1963 cou-

295 1994 416 2052 stitutos
439 1989 527 2051 simui
549 1992 728 2069 signiticaret
751 2008 818 2050 cum
842 1992 898 2071 eis,
927 1993 977 2069 qui
1001 1993 1201 2052 resurrecturi
1224 2000 1302 2071 suut,

294 2079 481 2159 iudicandos,
504 2081 592 2139 etiem
614 2081 694 2157 ipsos
717 2086 850 2139 mortuos
873 2077 1036 2161 appellavit,
1059 2078 1214 2160 ethome,
1238 2082 1354 2158 qui-15

294 2168 352 2229 bus
375 2168 496 2228 dicitur:
520 2167 639 2228 Mortui
659 2171 738 2228 enim
760 2170 839 2241 ostie,
863 2173 893 2227 et
914 2170 977 2227 vita
1000 2175 1100 2229 vestra
1123 2170 1302 2229 abscondita

294 2265 340 2319 est
371 2274 439 2317 cum
475 2256 594 2316 Chresto
621 2259 653 2315 in
677 2257 755 2328 Deo,
788 2262 818 2316 et
845 2255 950 2336 malos,
982 2255 1019 2316 de
1047 2255 1156 2335 quihus
1180 2256 1302 2316 dicitur:

295 2346 369 2405 Sine
400 2351 533 2405 mortuos
569 2347 698 2420 sepelire
733 2351 866 2404 mortuos
897 2362 975 2405 suos,
1029 2343 1159 2403 Possunt
1192 2345 1302 2403 mortui

295 2436 383 2493 etiam
413 2439 535 2511 propter
563 2430 620 2491 hoe
650 2432 725 2511 diei,
758 2430 836 2509 quod
867 2432 1001 2492 mortalia
1028 2439 1136 2511 gerunt
1163 2449 1301 2511 eorpora3

295 2521 374 2581 unde
394 2520 556 2600 apostolus:
583 2521 697 2597 Corpus
715 2523 842 2595 quidem,
865 2522 970 2600 iuquit,
992 2529 1142 2581 mortuum
1166 2526 1211 2581 est
1228 2537 1300 2596 pro·
1320 2532 1355 2581 20

292 2617 364 2686 pter
382 2617 561 2685 peceatum
582 2612 708 2685 spiritus
726 2616 826 2669 autem
849 2612 911 2668 vita
934 2616 979 2669 est
997 2615 1124 2684 propter
1148 2611 1302 2683 iustitiam,

296 2706 457 2775 utrumque
485 2699 515 2756 iu
544 2696 661 2757 homine
690 2699 803 2756 vivente
831 2704 918 2776 atque
947 2699 978 2756 iu
1005 2696 1061 2756 hoc
1085 2715 1210 2775 corpore
1233 2714 1302 2757 eou-

296 2788 400 2845 stituto
424 2803 489 2845 esse
517 2784 732 2865 demonstrem,
755 2793 784 2845 et
807 2802 916 2863 corpus
940 2794 1088 2845 mortuum
1112 2794 1143 2845 et
1166 2786 1303 2865 spirltum

295 2876 394 2934 vitem.
439 2872 500 2933 Nec
530 2881 628 2933 temen
659 2874 732 2933 dixit
760 2891 868 2950 corpus
900 2873 1037 2954 mortale,
1068 2874 1119 2933 sed
1144 2882 1302 2953 mortuum,

296 2963 430 3041 quamvis
458 2961 560 3021 eedem
588 2960 675 3041 paulo
698 2970 765 3039 post
788 2963 875 3021 etiam
899 2961 1031 3021 mortalia
1056 2980 1195 3044 corpora,
1225 2964 1302 3021 sicut
1320 2970 1354 3019 25

297 3051 436 3111 usitatius
464 3058 619 3129 vocantur,
649 3047 782 3127 appellet.
828 3048 889 3109 Hos
920 3068 990 3128 ergo
1014 3059 1147 3110 mortuos
1169 3049 1303 3111 exhibuit

296 3156 387 3218 mare,
410 3139 515 3218 quiin
538 3157 573 3198 eo
597 3146 695 3217 eraut,
718 3136 746 3196 id
771 3146 824 3217 est,
848 3136 982 3197 exhibuit
1004 3137 1138 3198 homiues
1161 3137 1217 3198 hoc
1241 3155 1302 3197 see·

296 3227 413 3307 cellum,
446 3228 624 3305 quicumque
652 3229 683 3285 in
712 3243 747 3284 eo
772 3233 869 3306 eraut,
902 3228 971 3304 quia
999 3227 1129 3286 noudum
1159 3226 1302 3286 obierant.

298 3316 337 3374 Et
358 3332 440 3376 mors
463 3322 493 3375 et
515 3313 666 3391 infernus,
694 3315 803 3393 iuquit,
831 3316 1034 3374 reddiderunt
1055 3321 1199 3387 mortuos,
1229 3330 1303 3387 quos

296 3407 328 3463 in
351 3420 384 3465 se
406 3404 566 3465 habebant.
611 3401 690 3462 Mare
715 3400 860 3482 exhibuit,
883 3404 967 3481 quia,
991 3403 1068 3461 sicut
1090 3403 1202 3461 inventi
1225 3409 1303 3483 suut,
1321 3412 1356 3461 30

368 3577 411 3643 ιτ)
430 3574 488 3628 cu.
507 3577 534 3640 e,
552 3577 578 3627 e,
617 3572 660 3638 18)
678 3569 727 3624 Mt
748 3575 773 3639 e,
792 3576 835 3628 ee.
873 3576 917 3641 21)
935 3573 1015 3626 Rom.
1034 3574 1059 3638 e,
1079 3576 1120 3625 10.

295 3700 507 3709 ——a—

369 3774 402 3821 14
419 3768 454 3821 iie
472 3782 488 3821 v
