3284 4459
369 492 434 557 546
775 503 798 547 s
812 502 977 546 sconsum

369 643 476 702 Facite
507 656 581 714 erpo
610 638 734 714 fructus
765 641 873 715 diynos
901 642 1123 715 paenitentiae,
1155 638 1261 717 procul
1288 638 1381 699 dubio

369 748 429 789 non
460 730 647 788 invenientur
675 744 725 787 eas
756 727 868 807 facere,
896 730 947 805 qui
979 728 1067 787 vitam
1100 745 1183 787 suam
1215 745 1311 805 usque
1345 728 1381 787 ad

369 826 495 877 mortem
518 816 733 876 cotidianorum
761 817 918 875 criminum
946 817 1167 894 perpetratione
1190 815 1381 896 confodiunt3

371 907 515 985 primum,
538 905 606 983 quia
628 906 660 963 in
684 903 854 963 auferendis
877 903 968 964 rebus
991 903 1095 963 alienis
1118 901 1203 981 longe
1227 903 1313 982 pluro
1336 903 1380 963 di-

336 1003 351 1053 5
371 996 492 1073 ripiunt,
510 1010 546 1053 ex
564 991 673 1070 quibus
690 994 851 1070 perexigua
865 991 1045 1070 pauperibus
1063 990 1213 1070 largiendo
1228 990 1381 1052 Christum

370 1100 403 1143 se
432 1081 468 1141 ad
495 1081 552 1141 hoc
574 1097 696 1159 pascere
719 1081 900 1160 existimant,
928 1088 962 1140 ut
984 1080 1131 1140 licentiam
1155 1079 1381 1139 malefactorum

370 1170 407 1230 ab
433 1169 483 1230 illo
512 1187 544 1230 se
574 1170 681 1229 emisse
709 1166 754 1228 rel
777 1166 886 1228 cotidie
909 1170 1008 1248 potius
1031 1185 1131 1228 emere
1154 1167 1311 1228 credentes
1334 1186 1381 1228 se·

371 1260 436 1319 curi
462 1256 637 1318 damnabilia
664 1262 745 1316 tanta
773 1258 966 1316 committant.
1012 1255 1069 1326 Oui
1097 1256 1123 1315 si
1149 1274 1204 1335 pro
1233 1274 1293 1316 uno
1317 1274 1380 1317 soe·

371 1347 433 1407 lere
451 1348 549 1407 omnia
567 1363 620 1405 sua
639 1342 853 1405 distribuerent
875 1342 1077 1423 indigentibus
1100 1343 1241 1404 membris
1261 1342 1381 1424 Christi,

320 1448 353 1496 ιο
373 1437 430 1495 nisi
452 1435 632 1495 desisterent
658 1450 674 1491 a
703 1431 810 1492 talibus
841 1432 926 1492 factis
948 1431 1083 1492 habendo
1106 1434 1274 1513 caritatem,
1305 1450 1381 1511 quae

372 1541 430 1583 non
455 1525 514 1601 agit
536 1538 700 1601 perperam,
723 1520 833 1599 aliquid
857 1522 900 1580 eis
922 1520 1065 1600 prodesse
1089 1538 1147 1580 non
1171 1530 1280 1599 posset.
1323 1520 1382 1591 Qtri

372 1629 442 1689 ergo
467 1611 569 1688 dignas
592 1627 645 1688 pro
668 1610 731 1668 suis
753 1610 883 1688 peccatis
907 1608 1090 1687 elemosynas
1113 1608 1196 1689 facit,
1223 1611 1307 1688 prius
1331 1627 1383 1670 eas

372 1700 469 1760 farere
501 1698 622 1776 incipiat
649 1714 666 1756 a
693 1713 725 1757 se
754 1699 828 1775 ipso.
873 1695 1029 1774 Indignum
1053 1703 1099 1757 est
1121 1698 1214 1775 enim,
1237 1703 1272 1757 ut
1294 1699 1326 1757 in
1349 1715 1382 1757 se

373 1804 432 1847 non
456 1786 556 1865 faciat,
583 1787 635 1862 qui
661 1784 733 1845 facit
758 1786 788 1844 in
812 1787 994 1864 proximum,
1021 1802 1089 1845 cerm
1112 1783 1211 1845 audiat
1233 1784 1384 1845 dicentem

321 1885 354 1935 to
373 1876 479 1936 ileum:
519 1875 637 1948 Biltoes
669 1876 847 1949 proximum
888 1880 971 1933 tuam
1012 1880 1165 1949 tamquam
1206 1881 1235 1934 te
1267 1877 1385 1949 ipsum

373 1965 503 2040 itemque
522 1959 633 2021 audiat:
652 1960 803 2021 Miserere
820 1964 942 2021 animae
959 1967 1032 2021 tuae
1045 1963 1171 2037 placens
1190 1962 1262 2022 Deo.
1299 1959 1385 2021 Hanc

374 2050 585 2129 elemosynam,
610 2048 725 2127 idest,
752 2056 786 2108 ut
809 2048 869 2108 lleo
895 2048 1021 2128 placeat,
1050 2066 1108 2108 noo
1132 2050 1243 2109 faciens
1266 2052 1383 2111 animae

374 2156 444 2199 suae
473 2155 531 2215 quo
560 2136 646 2196 modo
674 2136 776 2214 dignas
804 2154 859 2216 pro
887 2140 1015 2216 peccatis
1045 2139 1107 2197 suis
1135 2136 1318 2216 elemosynas
1342 2138 1385 2197 fa-

374 2244 442 2287 eere
470 2225 613 2285 dicendus
641 2220 708 2284 est?
752 2224 795 2283 Ad
818 2224 875 2285 hoc
903 2227 981 2284 enim
1010 2235 1039 2285 et
1061 2223 1132 2285 illud
1156 2227 1301 2305 scriptum
1325 2235 1386 2287 est:

322 2328 356 2376 20
379 2317 439 2388 (lot
454 2316 514 2375 sibi
530 2316 680 2387 maliacus
699 2318 751 2386 est,
776 2315 831 2373 eui
847 2314 941 2374 bonas
959 2308 1040 2373 erit?
1057 2310 1077 2353 *
1096 2310 1252 2373 Orationes
1271 2316 1385 2393 quippe

374 2404 513 2464 adiuvant
535 2401 733 2479 elemosynae3
761 2408 792 2460 et
815 2403 917 2478 utique
941 2399 1116 2460 intuendum
1141 2400 1287 2479 estquod
1312 2401 1386 2481 legi·

375 2510 454 2552 mus:
482 2492 554 2563 Fili,
578 2491 729 2568 peccasti,
757 2506 796 2549 oe
818 2491 937 2549 adicies
961 2492 1070 2549 iterum
1096 2496 1126 2549 et
1148 2490 1186 2550 de
1204 2494 1387 2565 praeteritis

375 2584 553 2656 deprecare,
575 2584 610 2637 ut
632 2578 689 2637 tior
705 2577 906 2637 dimittantur.
951 2574 1078 2656 Propter
1101 2576 1157 2636 hoc
1181 2594 1250 2655 ergo
1275 2577 1385 2639 elemo-

376 2686 464 2747 synae
488 2665 637 2726 faciendae
662 2673 746 2744 sunt,
769 2673 816 2746 ut,
839 2682 906 2725 eum
930 2663 966 2723 de
989 2667 1158 2743 praeteritis
1180 2668 1311 2743 peccatis
1334 2666 1385 2727 de·

323 2767 357 2815 25
376 2771 551 2834 precamur,
590 2753 794 2833 exaudiamur3
835 2770 895 2812 non
933 2761 967 2813 ut
1007 2754 1038 2812 in
1079 2754 1122 2813 eis
1159 2762 1386 2832 perseverantes

376 2843 523 2902 licentiam
542 2838 743 2900 malefaciendi
765 2858 819 2900 nos
841 2859 896 2919 per
920 2840 1102 2920 elemosynas
1125 2859 1296 2921 comparare
1321 2860 1386 2903 cre·

376 2930 487 2990 damus.
1185 2960 1189 2968 =

465 3017 534 3079 ldeo
564 3024 663 3077 sutem
693 3016 837 3077 llomious
868 3024 898 3075 et
927 3015 1039 3076 dextris
1067 3016 1249 3096 elemosynas
1277 3016 1314 3077 ab
1342 3022 1389 3079 eis

378 3108 470 3167 factas
498 3113 529 3167 et
555 3105 684 3165 sinistris
712 3122 773 3164 non
801 3104 892 3163 factas
919 3122 951 3164 se
979 3107 1184 3184 inputaturum
1212 3122 1278 3165 esse
1301 3124 1388 3185 prae·

325 3207 360 3257 30
378 3195 464 3268 dixit,
493 3202 527 3255 ut
549 3192 618 3253 hino
641 3192 813 3253 ostenderet
840 3200 982 3270 quantum
1005 3192 1117 3253 valeant
1141 3193 1326 3272 elemosynae
1350 3196 1389 3255 ad

377 3284 478 3364 priora
495 3281 628 3362 delenda,
651 3298 710 3340 non
729 3279 765 3339 ad
787 3289 931 3360 perpetua
954 3284 1064 3359 inpune
1087 3280 1297 3342 committenda
1318 3300 1389 3361 peo-

447 3400 473 3465 1)
490 3398 539 3451 Mi.
561 3403 585 3463 3,
599 3402 628 3462 83
648 3396 692 3450 Le.
714 3403 738 3463 3,
753 3402 777 3451 8.
816 3400 860 3467 11)
881 3403 904 3450 1.
924 3395 984 3451 Cor.
1003 3401 1044 3463 13,
1057 3403 1082 3451 4.
1121 3400 1164 3467 lo)
1183 3397 1393 3467 Levic.1e‚18;

374 3470 424 3607 pp,
438 3474 569 3593 {23⁹}
584 3468 635 3520 Mr.
661 3473 707 3533 12,
727 3473 768 3521 31.
825 3470 868 3537 ie)
891 3466 976 3521 Eooli.
1001 3472 1048 3534 eo,
1068 3474 1109 3521 24.
1166 3471 1210 3537 20)
1234 3469 1273 3522 Io.
1299 3476 1345 3536 14,
1365 3476 1391 3525 o.

446 3678 463 3725 4
485 3671 607 3739 primum
629 3671 666 3724 bo
690 3674 769 3735 (538,
785 3675 827 3737 1);
849 3670 939 3738 primo
963 3687 1017 3725 coss
1039 3671 1095 3725 rell.
1117 3672 1127 3741 ΙΙ
1148 3676 1163 3725 't
1188 3688 1217 3728 se
1239 3690 1288 3731 om.
1306 3675 1395 3746 pEl

377 3747 410 3795 13
424 3740 543 3809 incipiet
557 3740 674 3806 RGno3
691 3739 793 3808 incipit
805 3741 952 3810 AbeppE
963 3743 972 3809 ΙΙ
988 3747 1021 3795 16
1036 3742 1119 3796 deum
1133 3744 1202 3813 (diii)
1217 3762 1282 3813 nees3
1300 3746 1394 3800 domi—

376 3830 443 3865 num
461 3814 547 3879 υ1120
566 3816 629 3865 acte
648 3808 794 3862 Orationes
813 3810 899 3864 deesse
917 3814 1053 3866 reonoulla
1071 3814 1200 3868 videntur

353 4090 511 4151 ‚A
