3284 4459
345 526 408 589 114
750 536 772 580 s.
785 536 951 579 Anonsrnn

342 674 479 752 cogitatio
498 672 704 734 mutandarum
723 690 825 733 rerum
848 679 894 732 est
915 671 1096 733 inmutabilis
1114 675 1199 734 ratio.
1245 672 1351 752 Neque

343 764 422 822 enim
445 763 523 822 siout
545 761 709 842 bominem,
735 763 776 822 ita
799 759 893 821 licum
921 762 1095 839 cuiusquam
1118 763 1189 821 iacti
1211 764 1258 821 sui
1280 781 1349 842 pae-

343 851 431 930 nitet,
462 851 547 910 cuius
576 859 622 910 est
644 849 679 909 de
703 848 840 909 omnibus
863 851 983 909 omnino
1006 848 1097 909 rebus
1119 856 1180 910 tam
1202 850 1260 911 lixa
1282 869 1351 911 sen-

342 939 435 998 tentia
463 955 549 1016 quam
577 945 658 998 certa
689 939 893 1018 praescientia.
939 935 997 997 Sed
1021 939 1046 997 si
1069 954 1128 997 non
1151 946 1253 999 utatrrr
1276 941 1351 999 scri-

308 1035 429 1106 optnra
452 1025 560 1087 talibus
583 1025 690 1107 verbis,
712 1043 771 1085 nou
795 1043 828 1086 se
851 1025 977 1103 quodam
1001 1025 1087 1085 modo
1110 1024 1282 1087 familiarius
1305 1030 1351 1087 in·

344 1113 473 1175 sinuabit
495 1116 575 1174 omni
602 1117 705 1193 generi
733 1113 899 1195 bominum,
926 1112 1035 1192 quibus
1057 1113 1121 1174 vult
1143 1132 1209 1174 esse
1232 1115 1353 1177 consul·

344 1211 417 1284 tum,
440 1211 474 1262 nt
496 1211 527 1263 et
548 1212 714 1281 perterreat
737 1201 943 1280 superbientes
966 1210 997 1262 et
1019 1205 1128 1263 excitet
1150 1202 1354 1284 neglegentes,

344 1298 376 1351 et
393 1299 530 1351 exerceat
547 1300 724 1369 quaerentes
748 1298 779 1350 et
801 1289 859 1350 alat
880 1290 1100 1371 intellegentem
1123 1291 1202 1368 quod
1225 1309 1285 1351 non
1309 1293 1353 1352 ia·

344 1387 435 1460 caret,
458 1381 560 1439 sinon
580 1397 611 1439 se
630 1381 714 1458 prius
737 1378 893 1460 inclinaret
915 1386 946 1441 et
967 1378 1094 1457 quodam
1116 1377 1204 1439 modo
1227 1379 1353 1441 descen·

292 1479 325 1529 10
343 1466 428 1527 deret
451 1467 485 1527 ad
516 1470 655 1528 iacentes.
701 1466 786 1537 Quod
809 1476 908 1527 antem
931 1469 1018 1526 etiam
1041 1469 1194 1527 interitum
1218 1471 1353 1529 omnium

344 1555 511 1615 animalium
542 1564 731 1615 terrenorum
761 1554 980 1633 volatiliumque
1012 1554 1178 1616 denuntiat:
1205 1559 1351 1634 magnitu-

344 1643 443 1703 dinem
466 1644 582 1704 iuturae
601 1641 692 1703 cladis
716 1643 830 1726 ellatur,
852 1661 912 1702 nou
935 1642 1132 1703 animantibus
1154 1645 1277 1704 rationis
1301 1663 1352 1705 er-

343 1730 487 1812 pertibus,
510 1740 658 1809 tamquam
682 1732 797 1810 etipsa
820 1733 1015 1810 peccaverint,
1038 1733 1168 1791 minatur
1190 1734 1321 1793 exitium.

719 1917 836 1987 Oarnr
859 1919 976 1986 XXVI.

293 2063 326 2111 15
386 2050 474 2122 Quod
495 2067 581 2123 orca,
605 2067 695 2124 quom
718 2050 781 2110 Noe
804 2052 903 2110 iussus
925 2056 970 2109 est
988 2047 1106 2124 facere,
1129 2052 1162 2109 in
1184 2052 1320 2111 omnibus

565 2139 716 2198 Christum
738 2141 957 2212 ecclesiamque
978 2140 1137 2212 significet.

431 2260 492 2321 lam
523 2278 592 2320 vero
623 2260 701 2338 quod
729 2260 791 2321 Noe
819 2260 931 2319 bomini
958 2261 1037 2319 iusto
1067 2267 1112 2342 et,
1141 2262 1219 2323 sicut
1241 2262 1278 2323 de
1301 2263 1354 2324 illo
1462 2242 1463 2323 ᾗ

346 2350 492 2428 scriptura
523 2348 650 2410 veridica
681 2348 828 2427 loquitur,
857 2350 888 2408 in
916 2365 969 2408 sua
996 2351 1187 2426 generatione
1216 2351 1354 2430 perlecto
1462 2382 1463 2393 κ

345 2437 419 2512 (uon
449 2439 551 2515 utique
582 2438 659 2498 sicut
687 2436 860 2516 perficiendi
887 2443 957 2495 sunt
984 2438 1063 2496 circs
1091 2438 1217 2499 civitatis
1239 2438 1293 2500 liei
1319 2442 1354 2500 in

292 2538 327 2587 20
345 2525 393 2584 illa
416 2525 638 2604 inmortalitate,
667 2542 724 2602 qna
747 2523 952 2602 aequabuntur
971 2524 1082 2602 angelis
1105 2524 1170 2605 liei,
1198 2526 1250 2586 sed
1273 2529 1354 2590 siun

346 2630 411 2673 esse
430 2621 554 2692 possunt
573 2615 604 2672 iu
618 2612 673 2672 bac
695 2614 933 2690 peregrinatione
956 2607 1096 2693 perlecti)
1119 2615 1245 2693 imperat
1263 2613 1356 2698 Deus,

345 2708 379 2761 ut
402 2718 499 2760 arcam
523 2702 622 2780 iaciat,
649 2703 761 2778 inqua
785 2718 853 2760 cum
875 2701 951 2780 suis,
978 2700 1007 2760 id
1031 2709 1076 2761 est
1099 2719 1204 2782 uxore,
1232 2703 1299 2764 ultis
1321 2714 1354 2766 et

346 2787 484 2868 nuribus,
512 2798 542 2849 et
565 2807 633 2848 cum
656 2787 843 2868 animalibus,
870 2805 945 2865 quae
968 2787 1003 2848 ad
1026 2789 1109 2849 illum
1133 2808 1168 2850 ex
1191 2789 1245 2851 Dei
1267 2809 1354 2871 prae-

347 2885 432 2954 cepto
455 2879 486 2936 iu
510 2895 606 2936 arcam
638 2878 769 2954 ingressa
793 2883 876 2956 sunt,
903 2875 1079 2937 liberaretur
1102 2896 1118 2936 a
1141 2871 1242 2939 diluvii
1265 2883 1354 2941 rasti·

293 2972 421 3025 estate:
442 2963 654 3044 proculdubio
678 2964 771 3042 ligura
794 2972 841 3024 est
862 2966 1078 3042 peregrinantis
1101 2968 1132 3024 in
1154 2966 1211 3026 boc
1234 2968 1354 3029 saeculo

346 3054 472 3112 civitatis
494 3051 556 3132 Dei,
579 3052 636 3112 boc
659 3061 704 3112 est
727 3052 879 3132 ecclesiae,
902 3070 977 3130 quae
999 3053 1033 3113 tit
1055 3052 1133 3113 salva
1155 3072 1209 3133 per
1231 3054 1354 3138 lignum,

345 3141 376 3199 iu
395 3158 454 3218 qno
473 3140 614 3218 pependit
632 3139 776 3200 mediator
797 3139 852 3200 Dei
874 3149 904 3200 et
926 3139 1088 3220 bominum,
1109 3141 1197 3203 bomo
1217 3142 1355 3205 Christus

345 3227 437 3288 lesus.
483 3227 555 3287 Nam
579 3236 609 3288 et
638 3246 794 3288 mensurae
817 3230 898 3307 ipsae
921 3227 1113 3306 longitudinis
1137 3240 1167 3290 et
1189 3229 1358 3294 altitudinis

346 3323 377 3376 et
398 3315 561 3376 latitudinis
589 3318 653 3376 eins
681 3316 847 3395 significant
874 3333 983 3395 corpus
1010 3315 1184 3397 humanum,
1211 3321 1242 3378 in
1267 3323 1358 3382 cuius

291 3415 327 3466 30
345 3406 468 3464 veritate
495 3404 531 3464 ad
559 3403 693 3464 homines
720 3405 944 3484 praenuntiatus
971 3411 1018 3464 est
1046 3414 1189 3466 venturus
1212 3415 1242 3467 et
1265 3411 1358 3470 venit.

417 3520 443 3587 3)
461 3518 543 3572 Num.
563 3525 662 3587 23,19.
718 3522 762 3592 18)
781 3522 849 3576 Gen.
869 3527 893 3588 6,
909 3527 933 3577 9.
988 3524 1032 3592 28)
1053 3528 1076 3577 1.
1096 3523 1165 3577 Tim.
1186 3529 1210 3590 2,
1226 3529 1250 3578 b.

417 3682 432 3730 7
455 3655 567 3750 pteleat
584 3679 661 3746 (sict)
678 3679 715 3747 (33
740 3681 896 3749 perterrent
913 3681 987 3749 bpo;
1014 3681 1120 3735 terreat
1137 3700 1168 3750 ας
1195 3684 1357 3752 praetereat

352 3755 580 3823 VRAFerEP'
596 3769 606 3836 {l
620 3771 653 3819 17
672 3764 732 3822 Noe
753 3784 803 3823 om.
819 3770 848 3824 R
865 3771 874 3838 fl
893 3774 926 3822 18
944 3768 1067 3823 veridica
1086 3787 1136 3824 oen.
1151 3771 1180 3825 R
1193 3773 1249 3840 1122
1269 3773 1298 3826 et
1315 3771 1354 3828 iil.

346 3851 439 3914 nem
452 3857 461 3926 ιι
475 3860 509 3909 ss
522 3855 638 3909 nuribus
653 3857 712 3924 (om.
728 3858 767 3925 ec>
783 3843 859 3911 uni
871 3858 881 3926 p
895 3862 928 3911 es
942 3856 1027 3928 long,
1045 3857 1093 3911 arc.
1107 3857 1323 3929 latitudinisque
1338 3879 1360 3916 o
