3284 4459
755 547 777 590 8.
792 545 956 589 iocosam

727 747 847 814 (incas
870 748 988 814 XXVI.

352 879 398 939 De
424 880 635 951 testificatione
661 877 721 939 Dei
746 879 790 936 ad
815 878 984 952 Abraham,
1016 893 1078 952 qua
1105 878 1201 939 citiam
1229 880 1296 937 seni
1322 879 1361 937 dc

351 969 451 1027 sterili
463 966 564 1026 Sarra
575 969 673 1038 fitium
685 967 814 1042 spondet
823 973 1002 1041 patremque
1020 981 1087 1024 eum
1099 968 1235 1040 pontium
1253 969 1362 1025 statuit

379 1061 409 1116 ct
426 1057 572 1131 promissi
589 1056 682 1126 lidan
704 1059 896 1115 sacramento
919 1056 1160 1114 circumcisionis
1184 1055 1332 1128 obsianat.

318 1194 333 1240 5
440 1176 512 1237 Post
534 1177 607 1238 hacc
630 1185 717 1236 natus
740 1184 786 1236 est
809 1174 913 1236 ismael
936 1194 972 1236 cx
995 1177 1081 1257 Agar,
1109 1179 1139 1236 in
1168 1193 1226 1254 quo
1253 1183 1360 1254 putare

352 1274 454 1344 posset
476 1265 638 1345 impletum,
662 1263 740 1342 quod
759 1266 787 1324 ci
805 1266 985 1342 promissum
1005 1265 1110 1344 iuerat,
1133 1282 1199 1324 cum
1220 1263 1276 1324 sibi
1295 1283 1360 1324 ver·

353 1353 492 1414 naculum
515 1371 603 1413 suum
625 1352 764 1431 adoptare
788 1351 943 1431 voluisset,
973 1352 1033 1412 Deo
1057 1353 1187 1414 dicento:
1210 1353 1276 1414 Non
1301 1355 1362 1413 erit
1452 1409 1453 1412 ,

352 1443 441 1502 heres
463 1448 533 1501 tuus
554 1443 622 1510 iiic;
644 1443 699 1501 sed
720 1442 774 1515 aui
794 1443 877 1500 cuiet
899 1443 937 1501 cie
959 1447 995 1514 te,
1019 1443 1070 1503 iiie
1091 1444 1153 1502 erit
1174 1441 1263 1501 nores
1282 1447 1360 1501 taus.

352 1527 416 1590 Hoc
439 1546 509 1608 crgo
532 1530 712 1608 promissum
735 1545 772 1588 nc
791 1530 823 1587 in
842 1527 962 1589 ancillae
982 1528 1040 1588 tilio
1059 1537 1179 1607 putaret
1196 1526 1360 1608 impletum,

303 1635 334 1682 to
353 1619 412 1678 iam
434 1635 503 1678 cum
526 1625 604 1679 esset
625 1633 776 1677 annorum
798 1620 967 1692 nonapinta
986 1626 1016 1677 et
1032 1633 1144 1690 nouem,
1167 1619 1315 1693 apparuit
1332 1619 1361 1676 ci

353 1706 499 1766 Dominus
522 1712 552 1766 et
574 1707 653 1764 aicit
675 1706 733 1765 iili:
756 1703 822 1778 Epo
839 1721 905 1764 sum
919 1704 1009 1778 Deus,
1028 1706 1120 1781 piace
1143 1707 1174 1765 in
1197 1712 1360 1780 conspectu

353 1809 417 1855 mco
445 1800 475 1854 ct
500 1799 563 1854 esto
584 1796 651 1853 sine
672 1796 821 1868 querella,
850 1800 879 1852 et
897 1808 1010 1868 ponam
1033 1799 1240 1854 testamentum
1263 1810 1361 1853 mcum

354 1885 434 1942 inter
461 1898 508 1942 mo
534 1887 565 1942 ct
591 1883 671 1941 inter
698 1887 727 1941 te
754 1887 785 1941 et
811 1881 936 1956 implebo
964 1887 993 1942 te
1020 1883 1115 1966 iotae.
1161 1881 1203 1942 Et
1225 1884 1363 1957 procidit

353 1969 469 2030 Abram
491 1971 523 2030 in
543 1966 657 2043 sociem
679 1985 774 2029 suam.
811 1969 852 2028 Et
872 1972 990 2029 locutus
1013 1975 1057 2030 est
1080 1971 1125 2030 iili
1138 1969 1220 2030 Deus
1241 1972 1362 2030 dicens:

303 2073 335 2122 lo
355 2058 395 2116 Et
412 2073 477 2132 epo,
500 2074 573 2118 cccc
590 2063 798 2117 testamentum
815 2072 913 2117 mcum
931 2063 1038 2129 tecum,
1057 2065 1088 2117 et
1100 2060 1162 2118 cris
1177 2065 1268 2133 patcr
1286 2062 1360 2118 mul-

354 2147 493 2205 titudinis
508 2148 662 2221 pontium·
683 2153 714 2205 et
731 2161 790 2205 non
809 2144 1013 2220 appellabitur
1032 2147 1134 2206 adhuc
1151 2161 1257 2206 nomen
1277 2153 1361 2205 tuum

354 2234 477 2309 Abram,
499 2236 555 2295 sed
572 2236 751 2294 eritnomen
765 2241 849 2293 tuum
862 2233 1026 2306 Abraham,
1050 2236 1122 2310 quia
1143 2241 1262 2308 patrem
1286 2237 1360 2293 mut·

354 2328 456 2383 tarum
480 2325 616 2396 pontium
641 2324 732 2396 posui
757 2328 803 2391 tc;
835 2329 865 2381 et
891 2338 1021 2395 aupcom
1049 2329 1077 2381 tc
1104 2323 1193 2381 ualde
1220 2324 1308 2381 auide
1332 2329 1363 2382 et
1454 2381 1455 2394 ,

350 2427 463 2487 ponam
486 2412 708 2483 minuentes,
731 2415 762 2469 et
783 2425 872 2482 repes
895 2427 935 2469 ex
958 2417 986 2470 ta
1008 2410 1151 2480 exituum
1178 2417 1208 2469 et
1228 2417 1362 2469 statuam

302 2513 336 2560 to
355 2504 563 2559 testamentum
580 2513 677 2557 mcum
696 2499 776 2556 inter
792 2513 841 2556 me
860 2503 891 2557 ct
908 2491 1031 2574 <intcr>
1054 2503 1083 2558 te
1105 2503 1136 2557 et
1158 2499 1238 2558 inter
1260 2515 1361 2558 semen

355 2594 439 2646 tuum
457 2592 528 2663 post
549 2592 578 2646 tc
601 2588 632 2645 in
644 2586 858 2659 pancrationes
872 2600 977 2645 eorum
991 2588 1022 2644 in
1037 2592 1243 2646 testamentum
1261 2592 1361 2646 aeter·

354 2691 438 2747 num,
466 2681 501 2734 ut
525 2676 581 2734 sim
609 2672 768 2733 titinius
795 2680 825 2732 ei
846 2674 953 2732 semini
975 2679 1026 2733 tuo
1044 2680 1114 2749 post
1136 2679 1173 2733 tc.
1218 2673 1260 2733 Et
1281 2675 1362 2734 dabo

355 2763 413 2821 titi
428 2768 458 2823 ct
474 2764 584 2825 semini
599 2767 650 2821 tuo
666 2766 780 2836 postte
798 2768 922 2834 terram,
947 2764 978 2821 in
991 2777 1053 2835 qua
1068 2763 1168 2821 incolo
1182 2778 1222 2841 es,
1245 2778 1362 2822 omnem

356 2857 471 2910 terram
497 2849 644 2909 Onanaan
672 2851 703 2907 in
727 2851 944 2923 possessionem
972 2855 1141 2922 aeternam,
1173 2856 1204 2910 ct
1225 2866 1279 2909 ero
1302 2853 1363 2910 illis

303 2953 336 3000 ts
356 2938 446 2998 Deus.
478 2938 519 2998 Et
536 2939 617 2996 dicit
628 2936 711 2995 Deus
729 2937 773 2996 ati
785 2937 956 2996 Abraham:
983 2936 1025 2996 iu
1040 2945 1139 2997 autem
1153 2944 1362 2998 testamentum

355 3041 452 3085 mcum
474 3025 675 3096 conservabis,
698 3030 731 3083 tu
752 3031 782 3084 et
798 3041 898 3085 semen
917 3031 1001 3085 tuum
1016 3031 1086 3100 post
1103 3030 1133 3086 tc
1150 3027 1182 3084 in
1197 3029 1363 3100 propenies

354 3130 435 3174 suas.
472 3113 514 3172 Et
533 3114 591 3172 noc
609 3120 654 3172 est
671 3118 887 3186 testamentum,
906 3114 988 3187 quod
1004 3113 1197 3173 conseruatis
1216 3115 1297 3174 inter
1316 3132 1364 3174 mc

355 3209 386 3262 et
406 3218 457 3262 uos
480 3207 509 3261 ct
532 3203 612 3260 inter
633 3217 732 3260 semen
756 3207 840 3259 tuum
854 3207 925 3276 post
943 3207 972 3261 te
991 3203 1021 3260 in
1038 3201 1252 3273 uenerationcs
1270 3219 1363 3262 suas:

359 3290 603 3350 circumcidetur
624 3297 754 3348 uestrum
778 3305 863 3349 omne
884 3290 1091 3361 masculinum,
1114 3295 1144 3348 et
1161 3291 1363 3350 circumcide·

425 3386 452 3453 8)
471 3381 539 3438 Gon.
561 3389 602 3452 lo,
617 3389 642 3437 4.

426 3512 441 3560 3
456 3506 552 3562 ateroli
562 3507 628 3577 Ffp
640 3509 650 3577 fl
663 3512 680 3559 4
694 3505 762 3560 fidos
777 3523 797 3558 a.
813 3522 837 3559 c.
852 3503 1017 3573 obsignatur
1024 3518 1066 3571 pq
1079 3503 1089 3571 ΙΙ
1103 3505 1118 3554 5
1133 3498 1252 3554 ismahel
1261 3497 1366 3568 (hiim.)

359 3577 761 3650 canoipotamon
779 3575 823 3629 Nc
837 3577 909 3644 (sict)
927 3573 980 3628 hoo
999 3588 1065 3642 crgo
1083 3587 1171 3642 prom.
1190 3571 1220 3624 in
1239 3586 1299 3623 nnc.
1317 3569 1367 3640 Gi

355 3653 389 3704 10
410 3648 437 3703 ci
454 3665 505 3703 om.
525 3649 579 3715 V¹3
602 3648 646 3702 illi
665 3649 703 3703 ab
725 3650 735 3716 ΙΙ
758 3652 791 3700 12
815 3644 930 3715 quercla
951 3642 1078 3710 campo
1100 3645 1109 3713 ΙΙ
1134 3648 1167 3695 14
1186 3641 1284 3695 abram
1305 3641 1365 3707 Go3

355 3718 491 3774 abraham
505 3720 659 3788 VRAFcp
672 3721 681 3786 ΙΙ
697 3724 729 3773 18
744 3733 863 3787 augeam
876 3733 942 3780 mss3
957 3715 1092 3786 augebou
1105 3716 1115 3782 11
1128 3712 1213 3766 ualde
1226 3711 1311 3765 ualde
1323 3712 1367 3765 1⁷¹

355 3788 476 3858 (σφόδρα
495 3788 618 3858 epitom
637 3791 671 3855 cf.
691 3794 753 3853 171,
768 3793 808 3856 1);
832 3786 917 3841 ualde
935 3787 992 3840 rell.
1011 3803 1027 3839 u
1049 3787 1059 3854 tt
1082 3789 1116 3838 20
1134 3785 1209 3838 inici
1225 3785 1254 3836 tc
1273 3787 1302 3836 ct
1320 3797 1365 3836 me

355 3863 462 3932 (omisso
475 3862 561 3916 altero
574 3861 657 3924 incer)
673 3861 725 3915 VR
738 3862 747 3928 ss
761 3864 796 3911 24
809 3857 852 3911 illi
868 3857 980 3926 RAb¹p
993 3859 1002 3927 ΙΙ
1017 3860 1050 3910 29
1066 3853 1298 3910 circumcidimini
1312 3855 1366 3909 VR
