3284 4459
575 507 615 547 nn
628 499 773 549 anvarnus
786 506 842 548 nra
854 507 880 547 n.
893 507 956 549 xva.
969 507 993 550 c.
1007 509 1040 551 ιι.
1246 493 1309 557 151

301 639 420 721 quando
443 649 528 720 pater
546 643 617 704 eius,
633 644 848 702 centensimum
872 641 1151 721 quadragensimum
1174 649 1204 702 et
1226 644 1311 721 quin·

302 739 365 792 tum
389 746 497 790 annum
529 729 631 808 agebat
658 723 775 809 aetatis3
804 739 875 790 turno
899 732 979 791 enim
1003 731 1060 791 luit
1082 730 1172 792 huius
1194 741 1310 810 septua-

301 820 453 898 gensimus
472 819 601 895 quintus.
639 816 741 878 Saluta
759 827 806 878 est
824 826 923 878 autern
942 821 999 878 ista
1018 821 1152 897 quaestio
1171 827 1201 880 et
1218 818 1312 898 aliter,

302 916 335 968 nt
354 908 539 985 septuaginta
557 908 689 986 quinque
707 907 776 966 anni
794 905 938 986 Abrahae,
962 905 1080 985 quando
1103 925 1242 985 egressus
1265 916 1312 967 est

300 995 338 1056 de
362 993 486 1072 Charra,
514 1013 550 1054 ex
572 994 622 1054 illo
646 1003 903 1075 computarentur,
934 1012 970 1054 ex
993 1013 1052 1073 qno
1076 994 1144 1055 de
1136 1013 1203 1074 igue
1227 994 1312 1055 Chal·
1329 1006 1351 1055 ts

301 1083 443 1144 daeorum
466 1082 622 1162 liberatus,
649 1100 709 1142 non
732 1101 768 1142 ex
791 1100 851 1161 quo
875 1092 961 1144 natus
984 1092 1043 1163 est,
1067 1093 1216 1162 tamquam
1238 1092 1311 1144 tuno

301 1173 401 1251 potius
424 1180 511 1232 natus
534 1169 685 1232 habendus
709 1173 756 1231 sit.
1250 1202 1252 1205 ·
1290 1199 1295 1209 ·

392 1258 450 1320 Sed
481 1258 584 1319 beatus
615 1258 818 1339 Stephanus
809 1277 841 1320 m
871 1258 990 1320 actibus.
1013 1258 1213 1338 apostolorum
1242 1273 1312 1320 oum

301 1349 359 1408 ista
392 1356 539 1408 narraret.
570 1347 664 1422 Deus,
697 1349 806 1427 iuquit,
836 1350 958 1423 alariae
988 1351 1136 1425 apparuit
1166 1349 1311 1410 Abrahae

298 1439 388 1513 patri
404 1443 515 1509 nostro,
538 1443 703 1497 comesset
725 1439 756 1496 ia
775 1437 1002 1513 Mesopotamia,
1022 1438 1202 1513 priusquam
1224 1437 1309 1497 auot-
1330 1447 1363 1495 10

302 1532 385 1586 taret
412 1527 443 1585 ia
470 1525 604 1598 Charra,
633 1530 663 1586 et
689 1527 734 1584 ait
756 1525 799 1586 ad
821 1526 918 1585 illum:
949 1525 1014 1585 Exi
1035 1525 1073 1586 de
1096 1531 1182 1585 terra
1205 1532 1258 1585 tua
1281 1531 1312 1585 et

301 1615 340 1674 de
358 1616 540 1688 eoaaatiooe
558 1620 612 1672 tua
635 1619 664 1674 et
687 1615 725 1673 de
747 1615 834 1674 domo
852 1617 954 1690 patris
977 1615 1030 1685 tui,
1053 1619 1084 1672 et
1104 1616 1174 1673 aeni
1195 1615 1227 1673 ia
1249 1620 1311 1673 ter·-

301 1718 388 1775 rom,
420 1717 510 1776 quam
547 1702 604 1761 tior·
640 1703 859 1762 demonstrabo.
915 1699 1085 1762 Secundum
1117 1699 1190 1760 haee
1221 1699 1310 1762 verba

301 1788 445 1869 Stephani
472 1807 532 1849 non
560 1797 627 1868 post
654 1796 780 1849 mortem
808 1791 901 1868 patris
929 1791 994 1850 eius
1021 1788 1139 1849 locutus
1162 1796 1208 1849 est
1230 1788 1310 1849 Deus

301 1876 445 1957 Abrahae,
469 1879 520 1956 qui
543 1878 646 1956 utique
669 1878 700 1937 in
724 1875 834 1937 Charra
858 1885 995 1938 mortuus
1017 1886 1071 1956 est,
1093 1875 1147 1938 uhi
1169 1894 1237 1938 oum
1259 1877 1309 1937 illo
1330 1888 1363 1937 15

302 1968 418 2045 etipse
442 1964 520 2026 lilius
543 1963 692 2044 habitavit,
716 1963 767 2025 sed
790 1967 963 2044 priusquam
985 1963 1132 2026 habitaret
1154 1967 1185 2025 iu
1207 1965 1311 2026 eadem

301 2056 429 2134 civitate,
451 2056 509 2114 iam
532 2063 630 2113 tannen
654 2070 722 2114 cum
746 2060 825 2113 esset
847 2055 878 2114 in
901 2052 1119 2133 Mesopotamia,
1155 2052 1216 2113 lam
1239 2070 1310 2134 ergo

301 2144 414 2203 exierat
446 2159 462 2202 a
495 2139 656 2202 Chaldaeis.
712 2140 795 2211 Quod
834 2143 934 2220 itaque
966 2141 1098 2220 adiungit
1130 2139 1310 2221 Stephanus:

304 2230 390 2291 lane
417 2231 573 2290 Abraham
605 2246 745 2305 epressus
775 2237 820 2292 est
849 2232 887 2290 de
914 2237 1001 2292 terra
1031 2229 1253 2291 Chaldaeorum
1281 2239 1312 2292 et

299 2319 451 2381 habitavit
477 2321 508 2379 ia
535 2319 669 2391 Charra,
697 2323 756 2377 non
784 2313 1009 2397 <demonstrat>
1036 2316 1106 2396 quid
1130 2319 1170 2378 sit
1191 2319 1310 2400 laetum,
1328 2330 1363 2380 20

300 2415 404 2488 postea
432 2424 521 2485 quam
548 2405 666 2466 locutus
690 2414 739 2466 ‘est
767 2405 809 2465 illi
832 2404 911 2467 Deus
935 2399 1048 2488 (neque
1070 2407 1150 2466 enlm
1172 2415 1241 2485 post
1262 2405 1310 2467 illa

301 2495 356 2556 Dei
379 2492 468 2555 rerba
491 2511 629 2574 egressus
652 2503 698 2554 est
718 2494 757 2554 'de
776 2503 861 2554 terra
884 2492 1111 2573 Chaldaeorum,
1141 2512 1210 2556 oum
1232 2493 1310 2556 dieat

300 2585 331 2646 ei
362 2582 495 2644 locutum
525 2581 619 2642 Deum
651 2600 719 2642 oum
751 2590 831 2643 esset
861 2583 893 2642 in
921 2574 1160 2666 Mesopotamia),
1176 2582 1244 2644 sed
1273 2583 1309 2643 ad

301 2681 399 2734 lotum
426 2670 499 2733 illud
526 2680 644 2752 tempus
671 2672 800 2750 pertinet
828 2669 908 2749 quod
931 2673 985 2733 ait:
1007 2669 1128 2752 „'l¹une,
1151 2670 1180 2731 id
1204 2680 1250 2732 est
1272 2690 1309 2734 ex

300 2779 378 2842 quo,
410 2777 550 2839 egressus
579 2768 625 2819 est
656 2775 672 2818 a
705 2757 857 2820 Chaldaeis
889 2768 919 2819 et
945 2758 1085 2820 habitavit
1114 2761 1145 2820 in
1172 2755 1309 2823 Charra“.
1329 2772 1362 2821 25

300 2849 377 2910 ltem
395 2847 474 2928 quod
494 2849 642 2926 sequitur:
666 2846 706 2907 Et
723 2849 795 2908 inde
814 2854 973 2923 postquam
996 2855 1132 2909 mortuus
1155 2856 1200 2909 est
1218 2857 1310 2926 pater

299 2939 389 3014 eius,
411 2939 582 3000 conlocavit
612 2937 695 2995 illum
726 2937 759 2995 ia
791 2942 878 2997 terra
900 2936 973 3016 hoe,
1005 2939 1036 2997 ia
1063 2952 1125 3011 qua
1154 2952 1206 2997 aas
1228 2954 1310 2998 auae
1351 2988 1354 2993 .

298 3027 447 3088 habitatis
479 3031 509 3086 et
531 3031 638 3101 patres
665 3025 769 3097 vestri,
798 3040 858 3084 nou
881 3025 934 3084 ait:
965 3023 1150 3105 „Postquam
1173 3033 1309 3087 mortuus

298 3122 348 3176 est
375 3121 460 3192 pater
491 3113 569 3192 eius,
601 3113 672 3172 exiit
702 3109 738 3170 de
766 3106 912 3191 Charra“;
944 3111 1010 3174 sed:
1040 3110 1134 3192 „lude
1163 3111 1211 3173 hie
1240 3131 1310 3175 eum

298 3200 473 3281 conlocavit,
495 3208 651 3279 postquam
670 3207 805 3258 mortuus
824 3207 870 3259 est
891 3209 977 3279 pater
999 3193 1089 3261 eius“.
1135 3199 1308 3281 lntellegen·
1328 3214 1362 3263 ³0

298 3291 372 3352 dum
400 3297 447 3350 est
472 3289 575 3369 igitur·
590 3287 722 3349 loeutunr
749 3285 844 3368 Deum
868 3289 958 3348 luisse
988 3287 1023 3348 ad
1054 3286 1213 3369 Abraham,
1240 3308 1309 3350 oum

298 3387 381 3440 esset
417 3379 447 3438 in
479 3375 702 3456 Mesopotamia,
733 3376 906 3454 priusquam
933 3374 1080 3438 habitaret
1115 3378 1145 3438 io
1185 3375 1309 3457 Charra3
1367 3442 1369 3446 ,

298 3465 354 3528 sed
377 3483 445 3528 eum
468 3467 499 3526 in
524 3463 663 3524 Charram
686 3465 856 3543 pervenisse
880 3481 948 3524 oum
970 3474 1069 3544 patre,
1091 3473 1208 3536 retento
1231 3464 1308 3543 apud

372 3585 415 3654 28)
434 3585 496 3641 Aah
517 3589 532 3639 'l
534 3591 643 3657 1,Ξιᾳᾳ

297 3677 511 3686 ...ι-Η..-

372 3715 404 3762 13
419 3709 648 3765 demonstr-auem
659 3710 740 3779 Gab3
734 3676 946 3766 ·m0nslrauero
956 3729 987 3765 a·
980 3670 1248 3778 ,monstrahoelttl
1262 3708 1321 3817 dea

297 3782 507 3836 monstratam
526 3798 595 3848 asam·
613 3783 649 3850 es
667 3779 713 3837 tio
728 3785 786 3837 2e
803 3787 839 3836 16
