3284 4459
580 508 620 547 nn
634 506 776 548 ormenae
789 507 843 547 om
856 507 882 547 n.
896 502 945 547 xx.
959 506 983 548 c.
997 507 1030 549 ao.
1111 516 1113 533 κ
1240 494 1308 557 455

300 641 434 702 tudinem
458 659 617 720 corporum
645 644 675 702 in
703 659 771 701 aere
796 640 922 720 quodam
946 641 1032 702 modo
1057 644 1195 702 seminari
1218 652 1306 722 atque

300 728 342 789 ibi
361 732 498 807 protinus
517 730 712 791 inmortaliter
727 737 814 807 atque
834 730 1099 809 incorruptibiliter
1114 733 1307 809 revivescere,

299 835 371 877 cum
394 819 563 899 credamus,
592 818 669 896 quod
694 818 772 878 idem
795 820 858 897 ipse
882 818 1032 897 apostolus
1056 821 1241 897 apertissime
1265 820 1306 879 di-

299 908 356 985 cit,
383 908 413 966 in
443 908 505 967 ictu
528 906 606 967 oculi
634 907 762 967 loturam
789 908 1041 967 resurrectionem
1069 910 1152 967 etin
1176 907 1308 968 membra

299 996 366 1054 sine
385 995 443 1055 fine
462 997 576 1056 victura
594 1004 673 1055 tanta
696 994 835 1055 facilitate
859 1003 977 1073 tamque
1000 995 1206 1056 inaestimabili
1229 995 1341 1057 velo-o

299 1084 391 1143 citate
424 1082 589 1144 rediturum
622 1084 895 1161 antiquissimorum
928 1083 1101 1144 cadaverum
1133 1081 1308 1163 pulverem?

301 1169 364 1230 Nee
387 1168 424 1231 ab
451 1170 499 1231 illa
523 1173 682 1246 sententia,
712 1189 769 1250 qua
791 1170 903 1231 homini
928 1171 1039 1232 dictum
1063 1180 1124 1233 est:
1158 1173 1254 1233 Terra
1277 1190 1309 1234 es

301 1267 332 1320 et
359 1262 390 1320 in
418 1267 533 1320 terram
561 1262 630 1334 ibis,
663 1260 778 1320 laturos
809 1259 875 1319 illos
909 1269 1026 1322 sanctos
1059 1259 1237 1325 arbitremur
1264 1263 1307 1320 in·

302 1365 417 1428 munes,
440 1349 465 1407 si
484 1366 586 1408 eornm
606 1349 794 1408 morientium
817 1349 850 1409 iu
868 1356 978 1409 terram
995 1366 1054 1409 non
1071 1348 1223 1409 reccident
1240 1368 1304 1408 eor-

301 1452 383 1515 pora,
406 1435 468 1513 sed,
491 1438 568 1497 sicut
587 1438 616 1497 in
635 1439 700 1515 ipso
719 1443 804 1515 raptu
830 1438 1002 1516 morientur,
1025 1438 1065 1498 ita
1089 1444 1119 1497 et
1142 1444 1308 1517 resurgent,
1329 1449 1360 1495 10

303 1523 373 1583 dum
399 1524 537 1586 leruntur
565 1527 595 1585 in
623 1543 699 1586 aera.
745 1525 782 1584 In
811 1532 926 1586 terram
954 1528 1063 1605 quippe
1094 1528 1150 1587 ibis
1178 1534 1224 1585 est
1255 1528 1306 1607 „in

301 1611 359 1671 boo
377 1611 435 1672 ibis
453 1615 558 1673 amissa
577 1615 643 1693 vita,
667 1613 745 1691 quod
765 1631 830 1673 eras
854 1622 1010 1691 antequam
1034 1632 1167 1674 sumeres
1190 1608 1308 1694 vitam“;

301 1700 331 1761 id
361 1709 420 1782 est,
451 1701 508 1760 boc
536 1702 595 1761 eris
623 1704 819 1779 exanimatus,
848 1701 925 1780 quod
954 1720 1019 1761 eras
1048 1710 1204 1781 antequam
1227 1721 1308 1763 esses

302 1791 449 1849 animatus
472 1783 585 1872 (terrae
609 1791 718 1869 quippe
741 1788 900 1849 insulllavit
923 1788 1002 1850 lleus
1025 1792 1056 1850 in
1080 1791 1183 1852 faciem
1207 1790 1307 1852 llatum

301 1879 393 1957 vitae,
420 1895 487 1937 oum
512 1878 605 1937 lactus
629 1886 675 1938 est
696 1877 783 1937 bomo
807 1880 837 1937 in
861 1880 986 1938 animam
1009 1874 1131 1961 vivam),
1160 1890 1308 1959 tamquam
1328 1889 1360 1937 15

301 1964 467 2026 diceretur:
493 1965 608 2047 „Terra
631 1984 664 2025 es
687 1967 825 2046 animata,
853 1966 931 2045 quod
955 1985 1014 2026 non
1038 1985 1116 2048 eras;
1147 1977 1225 2029 terra
1250 1972 1308 2029 eris

301 2056 460 2132 exanimis,
483 2057 560 2114 sicut
583 2047 684 2134 eras“;
711 2052 789 2132 quod
813 2065 883 2115 sunt
906 2062 936 2113 et
959 2063 1114 2133 antequam
1137 2065 1309 2136 putrescant

303 2144 401 2202 omnia
421 2160 545 2220 corpora
563 2151 762 2222 mortuorum,
787 2142 865 2220 quod
890 2151 978 2202 errrnt
1001 2150 1031 2202 et
1053 2142 1110 2224 illa,
1134 2146 1157 2204 si
1182 2147 1307 2205 morien·

303 2238 363 2309 tur,
385 2229 564 2309 ubicumque
584 2232 756 2309 moriantur,
780 2248 848 2290 cum
872 2233 930 2290 vita
953 2230 1105 2312 carebunt,
1129 2250 1216 2310 quiam
1240 2251 1308 2293 eon·

302 2321 388 2378 tinuo
411 2326 568 2397 receptura
586 2326 664 2378 sunt.
711 2318 760 2378 Sic
783 2337 854 2397 ergo
877 2317 963 2378 ibunt
985 2321 1015 2378 in
1039 2326 1157 2400 terram,
1181 2322 1249 2398 quia
1273 2339 1307 2380 ex
1326 2330 1361 2379 20
1453 2382 1456 2387 ,

302 2409 376 2466 vivis
399 2406 566 2467 bominibus
589 2416 669 2467 terra
692 2415 795 2487 erunt,
817 2424 905 2485 quem
929 2407 964 2468 ad
988 2407 1107 2468 modum
1130 2410 1153 2467 it
1176 2410 1206 2468 in
1230 2410 1307 2468 cine·

304 2513 382 2574 rem,
412 2494 490 2574 qnod
518 2496 551 2555 n
578 2498 665 2575 cinis,
692 2497 716 2556 it
738 2497 768 2555 in
792 2503 980 2575 vetustatem,
1009 2496 1086 2574 quod
1109 2496 1142 2556 iit
1165 2505 1263 2576 vetus;
1286 2499 1309 2557 it

304 2585 334 2642 in
363 2591 484 2664 testam,
518 2584 595 2661 quod
624 2602 660 2644 ex
689 2583 751 2643 luto
778 2584 810 2644 iit
838 2592 928 2663 testa,
961 2592 991 2643 et
1018 2582 1072 2644 alia
1102 2592 1236 2645 sescenta
1266 2587 1308 2645 sio

293 2670 461 2749 loquimur
507 2671 678 2741 Quomodo
701 2681 799 2731 autem
824 2673 862 2731 sit
885 2672 1026 2753 futurum,
1050 2672 1128 2751 quod
1151 2690 1231 2733 nunc
1254 2691 1308 2753 pro

304 2767 423 2819 nostrae
442 2760 624 2820 ratiunculae
642 2759 755 2819 viribus
778 2770 938 2838 utcumque
963 2762 1132 2842 conicimus,
1156 2769 1227 2822 tunc
1251 2764 1309 2824 erit
1327 2773 1361 2821 25

304 2849 417 2927 potius,
443 2856 477 2908 ut
505 2865 592 2908 nosse
615 2850 771 2927 possimus.
816 2847 1075 2909 Resurrectionem
1099 2852 1207 2929 quippe
1230 2867 1307 2911 mor-

304 2944 425 2996 tuorum
453 2936 582 2996 loturam
610 2946 640 2996 et
667 2939 696 2996 in
726 2954 830 3017 carne,
862 2935 978 3014 quando
1002 2935 1137 2997 Christus
1166 2949 1307 2999 venturus

305 3030 351 3083 est
380 3025 462 3084 vivos
490 3025 674 3084 iudicaturus
703 3032 734 3083 et
761 3033 906 3104 mortuos,
939 3033 1069 3106 oportet,
1097 3028 1122 3085 si
1150 3024 1309 3087 Christiani

304 3112 542 3192 essevolumus,
570 3123 603 3173 ut
626 3112 794 3191 credamus3
825 3112 875 3171 sed
900 3129 957 3171 non
982 3112 1048 3172 ideo
1072 3112 1108 3172 de
1131 3113 1185 3173 bac
1208 3133 1241 3173 re
1264 3117 1307 3174 in-

304 3202 377 3259 anis·
392 3209 439 3260 est
460 3200 533 3260 tides
556 3207 665 3281 nostra,
687 3203 721 3280 si,
746 3199 1026 3278 quemadmodum
1050 3201 1149 3261 lutura
1172 3204 1218 3280 sit,
1241 3220 1306 3281 per·
1327 3214 1362 3262 uo

305 3288 382 3348 lecte
406 3288 646 3367 conprehendere
670 3306 729 3348 non
752 3287 890 3347 valemus.

390 3374 498 3435 Verum
517 3376 584 3451 iam,
607 3377 685 3435 sicut
702 3371 835 3454 <supra>
853 3375 1053 3453 promisimus,
1072 3374 1109 3435 de
1127 3375 1183 3434 boe
1202 3375 1313 3437 iudicio

374 3495 401 3561 4)
420 3498 443 3546 1.
464 3490 523 3546 eor.
544 3498 586 3559 ra,
600 3495 642 3545 aa.
694 3494 738 3558 aa)
758 3490 797 3545 cr.
816 3496 878 3559 410,
892 3496 934 3543 aa.

374 3646 393 3695 9
408 3641 438 3695 in
453 3644 529 3695 terra
543 3641 605 3695 RE
621 3644 631 3712 l
648 3641 791 3696 reccident
809 3638 884 3696 ΜΨ
903 3641 951 3709 (os.
971 3645 1111 3710 286,17);
1129 3642 1257 3697 recident
1274 3646 1312 3715 vll

300 3713 477 3853 ὲᾷιὶοἱῑυζιὲἴ
485 3711 686 3780 RAaneE3
700 3712 850 3767 ferenturo
863 3714 872 3782 l
886 3717 919 3765 27
935 3715 964 3767 et
977 3728 1042 3780 mam
1057 3716 1165 3784 caseoli
1179 3719 1212 3767 32
1228 3730 1313 3785 supra
