3284 4459
349 521 411 584 130
743 507 963 576 'esarnrusmur⁴

347 671 458 747 civitas,
480 685 555 746 quae
575 666 717 747 appellata
736 676 782 728 est
800 668 945 747 conlusio,
963 669 1026 746 ipsa
1040 675 1087 728 est
1104 665 1243 747 Babylon,
1265 668 1357 728 cuius

347 755 510 818 mirabilem
520 758 772 818 constructionem
781 759 869 816 etiam
878 758 1010 834 gentium
1021 755 1208 816 commendat
1219 755 1353 816 historia

347 844 476 923 Babylon
505 847 613 923 quippe
641 846 855 923 iuterpretatur
887 845 1031 904 conlusio.
1083 843 1167 904 Unde
1194 843 1354 924 colligitur,

347 935 492 1012 gigantem
524 932 607 993 illum
638 930 770 992 Nebroth
800 933 892 992 luisse
929 931 1007 992 illius
1040 931 1241 1013 conditorem,
1272 932 1353 1011 quod

312 1033 328 1081 5
347 1022 484 1099 superius
508 1019 637 1080 breviter
655 1021 751 1081 iuerat
773 1022 949 1100 intimatum,
972 1019 1032 1093 ubi,
1055 1038 1123 1080 cum
1147 1020 1183 1080 de
1206 1020 1256 1080 illo
1279 1023 1353 1080 scri-

347 1118 433 1188 ptura
456 1108 637 1190 loqueretur,
660 1111 701 1168 ait
721 1111 837 1168 initium
860 1110 945 1186 regni
967 1110 1032 1168 eius
1055 1109 1146 1168 luisse
1165 1107 1354 1189 Babylonem,

346 1198 375 1259 id
399 1205 445 1258 est
468 1214 543 1275 quae
567 1199 717 1257 civitatum
740 1205 907 1257 ceterarum
931 1204 1049 1274 gereret
1070 1199 1277 1278 principatum,
1300 1196 1354 1258 ubi

347 1295 426 1347 esset
453 1294 600 1363 tamquam
624 1286 654 1344 in
684 1284 839 1364 metropoli
861 1283 1061 1344 habitaculum
1089 1287 1186 1364 regni,
1218 1287 1353 1364 quamvis

347 1374 478 1453 perlecta
506 1391 565 1432 non
595 1374 684 1433 luerit
715 1390 810 1451 usque
842 1372 873 1432 in
903 1380 1016 1432 tantum
1044 1372 1179 1453 modum,
1209 1382 1353 1453 quantum

296 1477 328 1526 ιο
348 1460 475 1540 superba
494 1459 640 1539 cogitabat
658 1462 801 1540 impietas.
847 1459 919 1520 Nam
943 1463 1032 1520 nimia
1055 1460 1267 1539 disponebatur
1289 1455 1358 1521 alti·⁴

347 1550 432 1630 tudo,
460 1567 535 1628 quae
562 1547 639 1608 dicta
667 1557 712 1608 est
735 1551 883 1627 usquein
906 1548 1033 1629 caelum,
1063 1551 1123 1609 sive
1147 1551 1236 1610 unius
1258 1550 1353 1610 turris

348 1641 425 1718 eius,
452 1654 540 1716 qoram
564 1639 751 1716 praecipuam
775 1635 972 1696 moliebantur
995 1639 1074 1696 inter
1096 1635 1182 1719 alias,
1205 1639 1266 1698 sive
1289 1654 1352 1697 om·

347 1729 428 1787 nium
452 1727 593 1798 turrium,
623 1742 698 1803 quae
721 1742 775 1804 per
798 1741 956 1785 numerum
979 1724 1157 1804 singularem
1179 1726 1220 1786 ita
1242 1727 1352 1805 signiti-

347 1823 428 1874 catae
452 1823 534 1895 sunt,
562 1820 596 1874 ut
622 1811 731 1872 dicitur
758 1812 843 1872 miles
875 1820 905 1872 et
931 1812 1143 1892 intelleguntur
1175 1813 1254 1874 milia
1277 1814 1352 1874 mili-

295 1917 327 1965 15
347 1913 423 1982 tum,
449 1910 484 1964 ut
506 1920 577 1963 rana
600 1909 630 1962 et
651 1901 780 1980 lucusta3
803 1903 846 1960 sic
865 1903 944 1960 enim
962 1899 1104 1980 appellata
1123 1910 1169 1962 est
1192 1902 1351 1962 multitudo

346 2007 484 2051 ranarum
507 2007 540 2049 ac
559 1989 741 2050 lucustarum
761 1991 791 2048 in
809 1987 912 2069 plagis,
935 1988 1042 2067 quibus
1061 1989 1194 2070 Aegyptii
1216 1994 1353 2070 percussi

347 2087 416 2140 sunt
438 2096 492 2158 per
514 2077 642 2157 lloysen.
689 2076 765 2148 Quid
794 2086 893 2137 alitem
916 2077 1029 2136 lactura
1053 2078 1149 2138 luerat
1171 2077 1299 2139 bumana
1323 2088 1354 2141 et

347 2184 418 2227 vana
446 2166 663 2246 praesumptio,
695 2165 854 2225 cuiuslibet
881 2173 912 2225 et
939 2164 1153 2243 quantumlibet
1182 2168 1213 2226 in
1237 2167 1353 2229 caelum

347 2255 487 2316 adversus
510 2252 603 2314 Deum
628 2247 811 2314 altitudinem
835 2253 920 2313 molis
944 2253 1106 2335 extolleret,
1129 2255 1245 2333 quando
1269 2274 1352 2316 mon·

295 2357 328 2404 20
346 2354 392 2405 tes
428 2341 652 2403 transcenderet
687 2343 856 2415 universos,
893 2340 1010 2420 quando
1047 2344 1174 2420 spatium
1216 2342 1353 2404 nebulosi

346 2433 423 2492 aeris
446 2430 534 2490 buius
558 2425 717 2490 evaderet?
750 2428 826 2500 Quid
850 2428 978 2507 denique
1002 2438 1123 2489 noceret
1146 2429 1207 2490 lieo
1231 2441 1354 2510 quauta·

346 2537 473 2597 cumque
496 2517 541 2577 vel
564 2516 704 2597 spiritalis
726 2517 771 2576 vel
795 2511 963 2596 corporalis
979 2513 1088 2577 elatio?
1110 2517 1215 2578 Tutum
1238 2537 1351 2579 veram·

346 2625 403 2686 que
426 2609 457 2667 iu
481 2604 593 2666 caelum
612 2607 688 2666 viam
712 2603 832 2665 molitur
855 2604 1012 2685 humilitas,
1035 2623 1153 2667 sursum
1176 2606 1276 2667 levans
1300 2625 1356 2668 cor

347 2694 382 2755 ad
401 2694 566 2775 Dominum,
589 2710 648 2753 non
668 2701 770 2752 contra
785 2692 950 2773 Dominum,
974 2695 1051 2753 sicut
1069 2691 1167 2755 dictus
1186 2703 1232 2755 est
1250 2697 1357 2774 gigans

295 2796 327 2842 25
347 2786 404 2844 iste
432 2789 558 2842 venator
590 2789 699 2842 contro
727 2780 894 2841 Dominum.
947 2779 1031 2852 Quod
1061 2799 1119 2841 non
1146 2781 1356 2861 intellegentes

347 2869 480 2930 nonnulli
502 2868 637 2946 ambiguo
657 2867 768 2928 Graeco
792 2868 858 2928 falsi
882 2878 960 2947 scrut,
983 2877 1016 2929 ut
1039 2886 1098 2929 non
1120 2871 1352 2950 interpretaren-

346 2969 395 3020 tur
414 2966 522 3020 contra
541 2958 709 3037 Dominum,
732 2956 783 3016 sed
803 2964 874 3017 unte
892 2958 1050 3017 Dominum
1055 2977 1068 3028 ,·
1091 2955 1224 3019 ἐναντίον
1242 2961 1356 3039 quippe

347 3055 377 3106 et
408 3054 510 3107 contra
540 3054 570 3105 et
599 3053 666 3106 ante
694 3045 847 3124 significet.
897 3043 960 3105 lloc
988 3047 1066 3105 enim
1094 3044 1216 3106 verbum
1245 3057 1291 3107 est
1321 3050 1352 3109 in
1460 3042 1461 3097 ἶ

347 3134 471 3213 psalmo:
504 3133 544 3194 Et
567 3136 720 3210 ploremus
748 3142 819 3196 ante
849 3134 1008 3194 Dominum
1037 3136 1092 3208 qui
1119 3151 1173 3196 nos
1197 3134 1291 3210 fectu
1322 3145 1353 3198 et

294 3235 328 3284 30
346 3222 402 3282 hoc
432 3220 555 3282 verbum
586 3228 632 3282 est
660 3223 747 3281 etiam
775 3224 805 3281 in
839 3221 914 3280 libro
942 3219 1009 3295 lob,
1040 3221 1090 3282 ubi
1120 3225 1262 3302 scriptum
1293 3233 1357 3286 est.-

347 3311 385 3371 In
404 3307 544 3386 sororem
571 3313 700 3386 erupisti
725 3317 834 3370 contro
857 3310 1025 3371 Dominum.
1071 3308 1120 3370 Sic
1143 3328 1214 3389 ergo
1237 3311 1351 3372 intelle-

348 3503 380 3550 15
410 3430 462 3551 1¹3⁷)
481 3425 566 3481 exod.
583 3429 623 3493 10,
638 3430 663 3481 4.
700 3428 745 3494 eo)
764 3425 833 3484 Gen.
852 3432 895 3495 ιο,
914 3430 939 3482 s.
976 3428 1022 3494 29)
1040 3425 1084 3482 Po.
1104 3430 1147 3495 oe,
1166 3432 1191 3482 c.
1228 3429 1273 3495 31)
1292 3427 1351 3486 Iob.

342 3592 555 3602 ——-

417 3637 430 3683 1
449 3631 523 3702 ipse]
542 3630 599 3684 iste
618 3631 695 3699 Vllb
713 3629 836 3685 breviter
851 3645 901 3684 om.
917 3630 945 3684 R
957 3631 967 3698 ll
981 3634 1014 3682 lb
1032 3643 1103 3682 reno
1120 3629 1150 3682 eb
1163 3627 1192 3683 R
1206 3628 1357 3694 (194,11)·,
1459 3656 1460 3661 =

343 3708 429 3790 rnned
449 3740 485 3803 Vt
508 3751 578 3790 runa
595 3737 628 3790 ut
645 3735 693 3790 Fo
711 3735 830 3802 Hoffm.;
853 3749 923 3788 rnna
942 3735 992 3788 nub
1009 3734 1037 3789 A
1056 3734 1067 3804 l
1087 3731 1193 3788 151uc.
1214 3734 1279 3798 7213
1297 3732 1351 3787 loc.

343 3809 400 3862 rell.
420 3810 459 3877 vll
491 3813 523 3861 16
541 3804 715 3862 lucustarum
734 3804 869 3871 vm,
889 3802 942 3858 loc.
961 3805 1019 3858 rell.
1038 3801 1283 3875 vll18sicniusl.
1305 3804 1357 3874 Vy·

345 3879 458 3944 Hoffm,
478 3895 528 3933 orn.
548 3877 572 3932 si
591 3878 649 3933 ΒΑ
668 3877 724 3930 rell.
744 3893 775 3940 o;
794 3877 829 3941 cf.
848 3878 910 3941 135,
924 3879 976 3940 30;
995 3879 1058 3941 548,
1072 3879 1107 3930 13
1124 3877 1135 3946 [Ι
1152 3880 1186 3928 m
1205 3873 1284 3944 falsi]
1304 3873 1355 3927 de·

345 3951 419 4020 cepti
440 3948 498 4004 G’o
512 3950 521 3988 ΙΙ
536 3953 568 3988 ‘²0
587 3946 723 4002 confecit
743 3948 845 4012 VRA3
864 3945 883 3999 f.
902 3963 928 3998 u.
951 3946 1059 4016 Geypo
1286 3957 1290 3960 ’
