3284 4459
347 478 413 543 466
757 492 779 533 e.
793 490 959 533 eoeneum

347 629 426 689 dioro
479 626 520 687 m
536 630 623 689 multi
639 628 851 688 dormientium
871 629 903 687 in
926 633 1030 688 terrae
1052 644 1168 702 nonme
1189 634 1355 703 exornent:

347 718 382 777 iu·
409 718 441 777 in
470 718 562 776 oitom
589 722 758 788 aeternam,
787 722 817 775 et
843 716 878 775 iri
903 718 935 776 in
957 716 1153 791 opprobrium
1176 722 1207 776 et
1228 718 1259 775 in
1283 734 1355 777 oon-

344 802 496 881 susionem
513 811 678 865 oeternum.
711 804 752 865 Et
768 806 972 878 intelieoentes
986 802 1148 879 suioebuni
1164 806 1246 865 siout
1262 808 1355 865 eiori-

348 901 397 955 tus
410 895 604 966 firnmmenti
627 899 658 954 et
673 909 714 953 ex
731 894 818 953 iustis
840 894 927 951 multi
946 894 1028 955 sieut
1047 895 1153 953 stellae
1175 895 1207 953 in
1229 896 1356 954 saeculo

312 988 379 1043 eet
406 977 517 1041 adhue.
563 978 733 1041 Sententiae
763 978 805 1039 ilii
833 980 1016 1058 evangelicae
1045 988 1092 1040 est
1118 980 1202 1041 loeus
1230 982 1286 1040 ieto
1316 984 1355 1041 si·

348 1067 486 1129 millimus
505 1068 543 1129 de
561 1070 779 1129 resurreetione
803 1066 954 1128 dumtaxat
976 1086 1135 1147 corporum
1159 1077 1355 1130 mortuorum.

348 1156 421 1217 Nam
452 1158 504 1234 qni
534 1155 594 1217 illie
626 1155 697 1217 disti
724 1164 794 1217 sunt
825 1174 891 1215 esse
920 1159 951 1217 in
978 1161 1188 1231 neonumentis,
1218 1159 1275 1235 ipsi
1308 1157 1357 1218 hie

348 1247 531 1307 dormientes
557 1248 590 1307 in
616 1251 721 1306 terroe
748 1262 877 1319 dooere,
903 1244 962 1323 vel,
991 1247 1069 1306 siout
1096 1245 1144 1305 aiii
1167 1248 1356 1324 interpretati

347 1343 434 1415 eunt,
465 1336 498 1394 in
525 1340 630 1395 terroe
654 1336 797 1409 puluere;
829 1341 860 1393 et
886 1334 964 1393 siout
991 1332 1033 1394 ibi
1050 1335 1222 1410 procedent
1243 1334 1356 1395 dictum

296 1432 331 1487 10
347 1430 408 1502 eet,
439 1423 480 1482 ita
506 1420 555 1481 hie
582 1428 750 1496 muroena
782 1422 861 1480 siout
887 1420 929 1480 ibi
956 1424 1010 1497 qui
1030 1422 1110 1482 bonu
1130 1421 1290 1502 fecerunt,
1323 1426 1356 1483 in

347 1511 604 1573 resurrectionem
620 1511 720 1580 oitue;
741 1514 796 1585 qui
812 1516 914 1570 eutem
930 1513 1012 1571 mola
1035 1516 1172 1586 morunt,
1195 1513 1227 1571 in
1249 1528 1355 1571 resur·

347 1602 513 1660 rectionem
535 1599 657 1658 iudicii:
678 1598 719 1657 ita
742 1605 773 1657 et
794 1599 852 1657 isto
874 1597 940 1657 loco
963 1599 998 1658 in·
1018 1601 1051 1659 in
1074 1601 1166 1659 uitam
1189 1605 1356 1674 oeternum,

348 1693 379 1749 et
399 1687 434 1746 iri
459 1687 492 1747 in
519 1686 713 1763 opprobrium
740 1692 770 1746 et
796 1689 829 1746 in
851 1684 1058 1760 confusionem
1080 1694 1244 1748 ueternum.
1290 1686 1357 1747 Non

348 1783 447 1835 autem
465 1772 616 1834 diversum
633 1782 764 1853 putetur,
788 1773 876 1854 quod,
899 1792 967 1834 eum
985 1773 1026 1833 ibi
1045 1777 1175 1853 positum
1193 1776 1233 1835 sit
1255 1792 1358 1837 omnes
1464 1776 1465 1801 ³

295 1874 330 1926 18
348 1866 490 1938 quisunt
506 1864 538 1923 in
555 1865 760 1936 monumentis,
783 1862 832 1921 hic
855 1880 915 1921 non
938 1864 978 1923 ait
999 1862 1144 1941 propheta
1166 1880 1279 1944 omnes,
1302 1864 1357 1924 sed

348 1953 436 2013 multi
465 1952 676 2011 dormientium
708 1954 741 2011 in
772 1957 877 2011 terroe
908 1967 1030 2025 dooere.
1076 1950 1164 2012 Ponit
1195 1954 1273 2011 enim
1304 1952 1356 2013 ali·

349 2038 466 2117 qnando
502 2040 650 2117 scriptura
685 2056 740 2117 pro
777 2038 914 2099 omnibus
951 2037 1067 2099 multos.
1126 2038 1288 2119 Propterea
1326 2050 1358 2101 et
1464 2080 1465 2113 r

349 2126 481 2188 Abrahae
505 2126 616 2186 dictum
639 2135 698 2189 est:
721 2127 846 2187 Patrem
868 2131 1031 2187 multorum
1051 2130 1187 2203 nentium
1206 2132 1298 2205 posui
1319 2136 1358 2201 te,
1464 2150 1465 2184 ;

349 2218 399 2277 oui
420 2224 518 2278 tamen
541 2214 597 2274 alio
620 2215 698 2276 loeo:
722 2214 761 2275 In
781 2218 906 2289 semine,
930 2216 1040 2296 inquit,
1063 2222 1114 2276 tuo
1138 2218 1359 2277 benedicentur

296 2317 331 2367 1ο
349 2321 450 2366 omnes
474 2309 588 2378 uentos.
633 2301 675 2363 De
699 2302 749 2362 tali
779 2311 877 2363 autem
900 2305 1120 2363 resurreetione
1145 2304 1214 2364 huie
1237 2322 1358 2383 quoque

349 2394 405 2472 ipsi
433 2390 594 2471 prophetae
617 2389 729 2451 Danieli
756 2390 843 2470 paulo
871 2399 938 2469 post
965 2390 1088 2453 dicitur:
1117 2392 1157 2451 Et
1179 2400 1212 2453 tu
1234 2398 1305 2453 oeni
1326 2401 1360 2455 et

349 2484 522 2558 requiesce‚·
548 2480 650 2541 adnuo
677 2482 755 2540 enim
782 2482 847 2540 dies
871 2482 902 2540 in
924 2483 1148 2555 completionem
1169 2498 1359 2543 eonsumma-

349 2572 454 2642 tionis,
485 2575 517 2630 et
547 2570 719 2643 requiesces
749 2575 780 2629 et
809 2584 954 2644 resuroes
984 2570 1016 2628 in
1043 2575 1126 2629 sorte
1153 2574 1208 2630 tun
1236 2572 1268 2631 in
1292 2574 1361 2643 fine

350 2659 476 2719 dierum

296 2844 331 2895 ee
724 2826 842 2894 Oneon
863 2827 982 2894 XXIV.

351 2957 388 3018 In
401 2958 529 3035 psoimis
547 2956 713 3037 Dauidieis,
735 2973 815 3031 quoe
838 2959 876 3017 de
890 2959 954 3030 fine
971 2958 1090 3018 saeculi
1105 2959 1195 3018 huius
1214 2964 1245 3018 et
1260 2960 1359 3019 novis·

584 3046 657 3104 simo
681 3044 740 3104 dei
761 3047 875 3105 iudicio
894 3046 1122 3121 prophetentur.

328 3209 331 3215 -
439 3166 529 3229 Multa
552 3167 588 3227 de
611 3167 720 3227 iudicio
744 3170 902 3228 novissimo
926 3168 1066 3228 dieantur
1088 3170 1118 3229 in
1141 3168 1274 3249 psalmis,
1305 3170 1361 3230 sed

351 3275 456 3318 eorum
484 3256 569 3335 plura
597 3264 786 3316 transeunter
818 3266 849 3316 et
876 3258 1009 3316 strictim.
1062 3256 1125 3317 Hos
1151 3264 1251 3317 tamen
1278 3258 1361 3335 quod

423 3391 711 3460 ⁶)Dan.12‚leqq.
750 3394 793 3456 12)
812 3390 850 3444 Io.
870 3395 895 3458 5,
914 3395 1004 3459 isseq.
1042 3392 1085 3461 18)
1105 3390 1173 3445 Gen.
1194 3396 1281 3461 11,8.
1313 3396 1361 3462 20)

351 3461 454 3529 Iber,
475 3467 516 3515 18.
553 3460 810 3528 24)Dan.12,1a.

423 3616 440 3662 4
453 3608 536 3662 multi
546 3608 789 3678 emendem
803 3608 901 3663 multis
910 3609 972 3663 A¹o
981 3624 1030 3666 seo.
1043 3609 1154 3677 Graee.;
1167 3606 1258 3678 sedes.
1268 3610 1364 3668 Sabat.

351 3681 395 3746 ΙΙ,
409 3685 463 3735 881
482 3680 492 3747 ΙΙ
509 3679 540 3733 in
558 3677 670 3733 saecule
689 3680 717 3732 et
735 3678 834 3733 adhue,
872 3678 1033 3734 Sententiae
1050 3682 1150 3749 scripsi
1167 3681 1218 3750 (εἰς
1234 3682 1300 3744 τοὺς
1317 3683 1364 3737 αἱ·

353 3760 427 3811 ῶνας
444 3752 492 3803 καὶ
512 3748 573 3818 1τι);
591 3749 622 3801 in
641 3746 762 3802 saecule.
798 3748 836 3802 Et
855 3750 947 3803 adhue
966 3751 1121 3805 sententies
1140 3768 1156 3805 o
