3284 4459
750 513 773 558 8.
786 513 954 558 AUGUSfflI

760 713 877 781 Oneon
899 713 940 784 V.

377 842 425 904 De
443 845 544 919 primo
566 850 710 905 terrenae
732 845 866 904 civitatis
887 849 1015 905 auctore
1034 842 1214 925 fratricida,
1237 826 1327 906 naias

414 934 562 1008 impietati
583 931 742 992 Romanae
764 933 852 992 artis
873 934 1015 992 eonditor
1034 935 1178 1007 gamoni
1198 936 1295 995 coede

752 1022 953 1096 responderit.

311 1152 327 1202 o
434 1141 553 1204 Primus
582 1145 682 1224 itaque
710 1143 767 1203 init
789 1150 926 1204 terrenae
949 1144 1076 1205 civitatis
1099 1142 1235 1207 eonditor
1258 1146 1358 1207 iratri-

348 1229 425 1311 eida3
453 1249 521 1292 nam
548 1250 635 1292 suum
663 1231 784 1292 fratrem
815 1232 908 1291 civem
938 1233 1064 1294 civitatis
1087 1239 1224 1294 aeternae
1247 1236 1278 1296 in
1301 1233 1358 1294 hae

346 1328 427 1379 terra
454 1321 694 1398 peregrinantem
720 1318 882 1380 invidentia
909 1322 1005 1381 vietus
1033 1320 1150 1382 oceidit.
1194 1320 1278 1383 Unde
1303 1325 1356 1383 mi-

346 1407 472 1468 randum
491 1425 551 1468 non
570 1417 624 1484 est,
648 1407 728 1488 quod
746 1415 829 1467 tanto
852 1416 920 1486 post
941 1410 973 1468 in
996 1427 1030 1469 ea
1053 1411 1170 1474 oiritme
1193 1409 1357 1489 condenda,

347 1514 422 1576 quae
446 1497 543 1558 iuerat
561 1495 650 1557 huius
672 1504 809 1580 terrenae
834 1497 968 1578 civitatis,
991 1497 1027 1558 de
1047 1515 1105 1576 qua
1126 1496 1286 1578 loquimur,
1308 1518 1356 1559 ea·

293 1595 327 1643 10
345 1592 401 1662 put
422 1584 522 1645 iutura
545 1592 576 1645 ot
597 1592 658 1644 tam
681 1583 781 1644 miritis
804 1583 943 1663 gentihus
965 1593 1138 1665 regnatura,
1165 1585 1235 1647 huie
1258 1589 1355 1665 primo

346 1671 480 1751 exemplo
511 1680 557 1753 et,
586 1681 620 1733 ut
643 1672 747 1733 Graeci
775 1671 937 1752 appellant,
966 1667 1117 1755 ἀρχετύπῳ
1142 1673 1285 1752 quaedam
1308 1678 1357 1736 sui

345 1763 463 1839 generis
486 1762 582 1839 imago
609 1760 771 1840 respondit.
816 1759 891 1820 Nam
913 1769 944 1822 et
965 1760 1041 1843 illio,
1063 1765 1142 1823 siout
1164 1764 1263 1842 ipsum
1285 1763 1355 1825 iaci·
1455 1774 1458 1821 t

346 1865 402 1908 nus
426 1848 545 1929 quidam
567 1858 653 1929 poeta
677 1851 918 1909 commemoravit
939 1848 1072 1932 iliorum,

433 1955 579 2016 Fraterno
602 1955 691 2032 primi
713 1956 895 2016 maduerunt
916 1957 1063 2032 sanguine
1084 1957 1173 2017 muri

294 2072 326 2120 15
347 2059 396 2120 Sia
423 2061 503 2121 enim
530 2058 647 2120 condita
675 2068 722 2120 est
748 2057 859 2139 Roma,
884 2059 1002 2138 quando
1035 2063 1167 2122 oooisum
1189 2061 1315 2125 Remum
1338 2083 1356 2125 a

346 2149 437 2209 tratre
465 2146 590 2208 Romulo
621 2146 752 2208 Romana
783 2154 911 2208 testatur
939 2147 1075 2228 historia3
1105 2151 1164 2210 nisi
1195 2151 1273 2229 quod
1304 2154 1356 2214 isti

345 2244 482 2297 terrenae
515 2237 641 2297 civitatis
673 2235 759 2296 ambo
792 2237 871 2296 eires
905 2244 997 2297 erant
1042 2235 1135 2297 ambo
1165 2237 1288 2316 gloriam
1317 2240 1355 2302 de

345 2324 494 2385 Romanae
521 2324 567 2386 rei
594 2321 729 2403 publicae
756 2325 943 2384 institutione
970 2324 1165 2407 quaerebant,
1193 2327 1245 2387 sed
1268 2328 1355 2390 ambo

346 2431 410 2473 eam
433 2419 558 2492 mamm,
590 2419 743 2492 quantam,
774 2413 832 2472 nisi
854 2429 934 2473 unus
957 2420 1053 2493 esset,
1074 2412 1185 2474 habere
1206 2433 1267 2476 non
1289 2427 1355 2496 pot-

293 2511 327 2560 20
347 2507 439 2560 erant
471 2499 530 2570 Qui
547 2501 628 2560 enim
645 2499 761 2561 volebat
779 2499 955 2561 dominando
978 2499 1108 2578 gloriari,
1129 2504 1228 2563 minus
1250 2507 1355 2584 utique

346 2589 562 2666 dominaretur,
590 2589 616 2648 si
643 2589 708 2650 eius
734 2596 866 2666 potestas
893 2590 958 2649 vivo
989 2597 1128 2650 consorte
1158 2593 1355 2654 minueretur.

346 2675 385 2736 Ut
414 2694 486 2754 ergo
516 2682 607 2736 totam
637 2676 867 2737 dominationem
893 2673 1018 2738 haberet
1044 2696 1135 2759 unus,
1166 2678 1279 2742 ablatus
1308 2690 1356 2743 est

347 2765 460 2844 socius,
482 2770 514 2824 et
535 2763 648 2824 scelere
671 2767 765 2825 erevit
787 2767 818 2825 in
841 2767 939 2845 peius,
961 2765 1042 2844 quod
1063 2769 1233 2830 innocentia
1255 2771 1355 2832 minus

347 2860 427 2914 esset
457 2859 488 2913 et
519 2851 634 2912 melius.
679 2851 717 2912 Hi
748 2861 848 2913 autem
879 2853 987 2914 iratres
1018 2853 1091 2914 Cain
1127 2863 1159 2915 et
1188 2855 1261 2917 Abel
1293 2877 1354 2919 non

294 2939 494 3000 rehabebant
522 2939 607 3000 ambo
630 2942 710 3000 inter
732 2959 765 3001 se
787 2940 914 3003 similem
935 2958 1036 3002 rerum
1060 2950 1249 3004 terrenarum
1271 2950 1355 3026 oupi-

346 3028 482 3108 ditatem,
511 3045 568 3089 neo
590 3029 621 3088 in
643 3027 700 3091 hoo
723 3029 798 3089 alter
820 3029 907 3090 atteri
927 3029 1047 3110 invidit,
1070 3031 1150 3108 quod
1172 3035 1238 3092 eius
1261 3033 1353 3095 domi·

346 3124 433 3177 natus
451 3117 538 3177 fieret
555 3119 716 3196 angustior,
739 3118 791 3194 qui
813 3117 940 3179 alterum
963 3118 1080 3198 oceidit,
1102 3120 1130 3180 si
1151 3118 1238 3181 ambo
1260 3122 1354 3185 domi·

347 3211 489 3265 narentur
512 3198 600 3285 (Abel
619 3206 727 3284 quippe
746 3223 806 3266 non
830 3205 990 3286 quaerebat
1012 3204 1242 3269 dominationem
1264 3212 1296 3270 in
1318 3229 1355 3272 ea

347 3293 480 3372 civitate,
513 3309 587 3370 quae
620 3292 803 3353 condebatur
832 3311 849 3353 a
877 3287 1004 3376 fratre),
1035 3293 1088 3355 sed
1117 3296 1277 3358 invidentia
1304 3299 1355 3360 ilia

293 3393 328 3440 30
347 3379 505 3461 diabolica,
534 3397 593 3460 qua
614 3379 747 3441 invident
768 3380 855 3442 bonis
877 3381 962 3463 maii,
989 3382 1068 3443 nulla
1091 3382 1147 3443 alia
1169 3403 1273 3469 causa,
1296 3390 1355 3449 nisi

418 3517 462 3584 14)
480 3514 583 3570 Lucan.
604 3520 627 3581 1,
646 3519 689 3570 95.

416 3708 448 3758 19
466 3702 523 3756 nisi
540 3704 639 3772 ananei
656 3703 774 3772 (Laeuo.
791 3708 892 3771 1,111:
909 3703 975 3759 Non
993 3705 1069 3776 oepit
1085 3707 1200 3762 fortune
1214 3710 1307 3781 dnos);
1325 3713 1357 3768 ni
1459 3758 1460 3787 r

343 3774 460 3843 Hoffm.;
476 3773 500 3828 ri
514 3791 568 3830 msa
579 3790 597 3829 a
609 3776 619 3844 ι]
632 3789 689 3827 non
703 3789 753 3829 ora.
764 3774 792 3830 R
807 3776 908 3844 (aeona
921 3792 961 3830 aa
972 3783 1057 3845 rmte5
1069 3784 1128 3833 wan
1137 3779 1355 3854 eirettaeadum)
