3284 4459
583 475 623 516 on
638 475 780 516 ommam
793 476 964 517 omnm.
977 477 1001 518 c.
1013 479 1033 517 4.
1247 464 1312 527 361

302 617 388 670 torna
411 611 463 690 sit,
486 612 574 669 etiarn
598 608 649 669 abs
673 618 702 670 te
725 612 789 688 ipso
815 611 923 671 misera
945 610 1107 693 iudicatum
1129 629 1190 672 non
1213 613 1313 690 itaque

302 707 474 777 propterea,
499 700 637 776 quoniam
659 697 757 758 brevis
781 707 840 780 est,
863 699 942 759 nulla
966 701 1084 760 miseria
1108 698 1197 761 debet
1219 701 1313 760 videri

302 794 368 866 aut,
401 785 481 865 quod
511 794 557 847 est
585 785 757 868 absurdius,
790 789 858 865 quia
885 787 983 849 brevis
1012 790 1130 848 miseria
1153 798 1213 869 est,
1246 789 1312 849 ideo

302 877 391 935 etiam
423 873 575 936 beatitudo
608 873 756 954 appellari.
802 875 905 954 Magna
938 877 982 936 vis
1013 885 1059 937 est
1087 879 1117 936 in
1146 880 1189 937 eis
1220 877 1313 958 malis,

302 981 378 1042 quae
407 971 517 1042 cogunt
546 962 695 1023 hominem
726 965 890 1024 secundnm
922 966 1002 1043 ipsos
1030 967 1117 1026 etiam
1149 968 1347 1044 sapientemo

303 1050 422 1111 sibimet
447 1051 565 1111 aulerre
599 1051 677 1130 qnod
705 1051 792 1112 bomo
821 1062 881 1131 est3
912 1070 979 1112 cum
1009 1053 1123 1127 dicant,
1156 1061 1187 1113 et
1209 1072 1313 1115 verum

303 1139 411 1220 dicant,
434 1138 511 1199 hanc
530 1157 595 1199 esse
615 1147 737 1201 naturae
760 1143 884 1219 primam
909 1140 1034 1219 quodam
1058 1142 1145 1201 modo
1169 1150 1200 1202 et
1223 1144 1311 1202 maxi·

304 1245 381 1288 mam
401 1246 511 1308 vocem,
534 1235 569 1288 ut
587 1227 674 1288 homo
694 1229 868 1289 concilietur
887 1227 943 1288 sibi
962 1237 992 1288 et
1009 1239 1167 1309 propterea
1185 1239 1312 1291 mortem

303 1315 478 1378 naturaliter
497 1316 597 1396 fugiat,
619 1318 661 1377 ita
680 1315 736 1377 sibi
755 1319 875 1398 amicus,
899 1326 932 1377 ut
954 1335 1020 1378 esse
1044 1337 1076 1378 sc
1099 1317 1206 1378 animal
1228 1327 1258 1378 et
1281 1321 1311 1378 in

304 1403 360 1464 hac
379 1405 587 1465 coniunctione
607 1407 740 1484 corporis
763 1413 851 1482 atque
875 1407 987 1465 animae
1012 1407 1109 1467 rivere
1133 1407 1202 1466 velit
1225 1407 1364 1467 vebo-10

303 1500 419 1553 menter
451 1502 540 1571 atque
568 1500 692 1571 appetat.
738 1491 841 1571 Magna
868 1495 912 1553 vis
935 1495 1033 1554 estin
1057 1494 1219 1575 cismaliS,
1247 1496 1311 1572 qui·

303 1579 361 1640 bus
389 1582 444 1641 iste
473 1589 594 1641 naturae
622 1583 750 1640 vincitur
778 1599 899 1661 sensus,
929 1600 988 1659 quo
1018 1601 1098 1642 mors
1121 1585 1200 1643 omni
1224 1583 1311 1643 modo

304 1668 443 1729 omnibus
470 1668 584 1729 viribus
607 1668 820 1747 conatibusque
844 1672 967 1750 vitatur,
989 1679 1019 1731 et
1042 1673 1082 1731 ita
1105 1673 1245 1751 vincitur,
1269 1680 1311 1752 ut,

303 1774 379 1836 quae
404 1756 558 1832 vitabatur,
571 1765 691 1837 optetur
722 1753 878 1837 appetatur
905 1766 948 1838 et,
977 1761 1003 1818 si
1025 1777 1085 1818 non
1107 1762 1239 1839 potnerit
1261 1759 1311 1820 ali·

302 1845 382 1906 unde
402 1847 583 1926 contingere,
607 1843 642 1905 ab
661 1844 779 1905 bomine
799 1848 863 1925 ipso
883 1845 1001 1907 sibimet
1023 1848 1176 1908 inseratur.
1208 1847 1364 1926 Magnam

303 1936 348 1994 vis
372 1935 465 1994 estin
485 1935 527 1993 eis
545 1932 638 2014 malis,
663 1951 736 2012 quae
760 1933 964 1995 fortitudinem
988 1936 1099 1995 iaciunt
1121 1934 1311 2017 homicidam3

305 2023 330 2082 si
353 2029 452 2082 tamen
475 2021 571 2081 adbuc
594 2020 718 2082 dicenda
746 2030 791 2083 cst
814 2022 970 2097 fortitudo,
999 2042 1073 2102 quae
1097 2026 1136 2084 ita
1159 2023 1205 2084 bis
1229 2024 1312 2084 malis

303 2111 446 2190 vincitur,
469 2117 503 2170 ut
525 2108 688 2192 hominem,
711 2128 798 2189 quom
823 2112 901 2171 sicut
923 2113 1017 2172 virtus
1040 2112 1203 2191 regendum
1226 2121 1310 2173 tuen·

305 2199 435 2276 dumque
467 2199 611 2279 suscepit,
644 2216 703 2258 non
735 2197 821 2257 modo
850 2216 908 2258 non
936 2201 1030 2278 possit
1057 2218 1112 2279 per
1140 2204 1312 2278 patientiam

303 2285 463 2366 custodire,
487 2285 538 2347 sed
561 2289 624 2365 ipsa
647 2288 770 2365 insuper
793 2295 915 2365 cogatur
938 2287 1083 2348 occidere.
1128 2287 1222 2348 Debet
1245 2291 1309 2368 qui·
1330 2300 1364 2349 20

304 2374 371 2435 dem
395 2375 482 2434 etiam
506 2384 631 2435 mortem
655 2377 771 2453 sapiens
799 2375 878 2434 lerre
902 2377 1063 2456 patienter,
1091 2375 1141 2436 sed
1166 2395 1241 2455 quae
1264 2395 1311 2437 ac·

304 2461 377 2523 cidit
396 2461 521 2522 aliunde.
549 2533 551 2536 ¹
569 2461 738 2523 Secundum
757 2465 830 2522 istos
849 2471 947 2523 autem
966 2465 992 2524 si
1014 2482 1078 2524 eam
1101 2463 1157 2524 sibi
1180 2467 1244 2544 ipse
1267 2467 1311 2524 in·

304 2550 384 2611 ierre
413 2550 614 2631 compellitur,
640 2551 774 2630 prolecto
803 2551 952 2612 latendum
981 2560 1026 2612 est
1053 2554 1096 2612 eis
1123 2571 1183 2613 non
1216 2552 1311 2613 solum

304 2638 393 2719 mala,
421 2638 473 2698 sed
501 2638 694 2699 intolerabilia
723 2641 810 2700 etiam
843 2639 917 2700 mala
944 2659 1024 2720 esse,
1056 2659 1130 2719 quae
1157 2640 1214 2701 hoc
1242 2660 1311 2702 eum

304 2735 478 2808 perpetrare
510 2726 698 2806 compellunt.
754 2726 816 2788 Vita
848 2730 955 2810 igitur,
988 2747 1062 2808 qnae
1094 2731 1220 2790 istorum
1251 2738 1311 2791 tam
1330 2740 1364 2790 uo

304 2833 479 2894 magnorum
502 2823 620 2894 tamque
647 2817 778 2894 gravium
807 2816 950 2877 malorum
973 2826 1025 2878 aut
1045 2820 1191 2896 premitur
1214 2821 1310 2879 oneri·

303 2903 360 2964 bus
390 2911 440 2964 aut
463 2902 595 2965 subiacet
617 2903 748 2986 casibus,
782 2904 862 2965 nullo
886 2905 972 2965 modo
996 2905 1081 2966 beata
1103 2905 1262 2988 diceretur,
1285 2909 1311 2967 si

304 2991 452 3072 homines,
480 2991 747 3074 quincuncem,
775 2995 853 3053 sicut
879 2996 948 3054 victi
978 2994 1060 3054 malis
1082 2997 1310 3074 ingravescenti·

303 3079 376 3160 bus,
408 3097 475 3140 cum
506 3077 562 3141 sibi
590 3081 730 3158 ingerunt
757 3089 896 3160 mortem,
928 3082 1037 3142 cedunt
1064 3083 1241 3164 infelicitati,
1270 3085 1311 3144 ita

304 3170 376 3228 victi
395 3170 485 3228 certis
503 3167 676 3250 rationibuS,
699 3187 767 3229 oum
787 3179 934 3247 quaerunt
953 3169 1067 3230 beatam
1090 3173 1187 3252 ritam,
1211 3172 1308 3250 digna·
1328 3184 1363 3232 30

305 3263 411 3317 rentur
438 3256 544 3316 cedere
573 3258 689 3317 veritati
717 3266 747 3317 et
777 3274 836 3316 non
861 3256 916 3317 sibi
939 3267 1078 3336 putarent
1100 3261 1131 3319 in
1153 3261 1209 3319 ista
1232 3277 1310 3319 mor·

305 3344 417 3405 talitate
449 3345 506 3404 lino
535 3347 642 3405 summi
671 3344 740 3405 boni
772 3363 838 3406 esse
871 3345 1070 3426 gaudendum,
1103 3346 1154 3407 ubi
1185 3348 1310 3407 virtutes

304 3434 395 3513 ipsae,
414 3432 522 3510 quibus
536 3431 584 3492 bic
599 3441 679 3494 certe
700 3433 772 3493 nibil
791 3433 897 3494 melius
915 3443 1002 3512 atque
1021 3434 1123 3494 utilius
1142 3436 1172 3493 in
1192 3433 1310 3494 homine

305 3523 467 3600 reperitur,
500 3529 610 3598 quanto
633 3524 743 3581 maiora
767 3530 836 3581 sunt
858 3521 1003 3582 adiutoria
1025 3531 1128 3583 contra
1151 3524 1209 3581 vim
1232 3524 1309 3601 peri-

311 3665 515 3676 Q...-

376 3750 410 3798 1o
428 3743 490 3797 neh.
510 3747 593 3812 atque
611 3759 680 3809 mom
697 3744 930 3812 vehementerque
948 3761 964 3798 o
