3284 4459
318 459 384 523 510
724 469 923 513 seususrnu

318 625 379 669 unc
397 617 485 684 atque
504 608 637 665 omniunt
655 606 781 665 maximo
800 603 943 664 miraculo
960 603 1091 665 inclusit.
1136 603 1232 683 Eligat
1254 623 1327 683 ergo

318 712 410 756 unum
432 713 447 754 e
467 692 583 754 duobus
601 695 728 771 quisque
746 692 825 771 qrrod
840 691 944 773 placet,
967 701 1069 753 utrum
1091 700 1122 753 et
1141 711 1272 752 vermem
1290 693 1328 753 ad

319 801 429 861 corpus
451 783 571 861 proprie
590 799 627 841 an
646 781 682 841 ad
705 783 835 841 animum
858 780 999 841 translato
1023 798 1040 840 a
1063 780 1267 859 corporalibus
1289 781 1327 841 ad

318 870 515 949 incorporalia
546 868 687 928 vocabulo
725 871 873 929 existimet
904 871 1063 947 pertinere.
1118 868 1196 939 Quid
1229 877 1327 930 autent

284 959 426 1022 snorum
456 976 558 1018 rernm
587 960 638 1031 sit,
671 975 720 1017 res
747 958 811 1035 ipsa
834 956 1000 1035 expeditius
1024 956 1177 1036 indicabit,
1210 958 1328 1035 quando

319 1049 377 1107 erit
399 1048 523 1107 scientia
546 1054 625 1105 tanta
644 1054 825 1125 sanctorum,
848 1056 881 1104 ut
904 1047 947 1104 eis
971 1045 1244 1123 cognoscendarum
1266 1045 1328 1105 ilia·

319 1152 387 1195 rurn
419 1152 580 1214 poenarum
613 1135 780 1194 necessaria
808 1151 868 1193 non
903 1135 942 1192 sit
971 1135 1168 1212 experientia,
1202 1133 1254 1194 sed
1286 1152 1329 1214 ea,

319 1241 394 1301 qnae
413 1231 486 1283 tunc
504 1225 563 1282 erit
580 1222 666 1300 piena
684 1229 772 1299 atque
792 1222 932 1300 perfecta,
956 1220 992 1281 ad
1011 1221 1067 1281 hcc
1090 1239 1209 1299 quoque
1234 1224 1329 1282 scien·

320 1311 391 1372 dum
415 1313 557 1390 sapientia
587 1309 649 1369 sola
671 1310 800 1369 sufficiat
822 1302 918 1390 (nunc
941 1312 1020 1369 enim
1043 1326 1080 1369 ex
1102 1318 1185 1388 parte
1209 1312 1331 1391 scimus,

268 1415 301 1463 10
319 1399 413 1460 donec
450 1402 548 1459 veniat
583 1397 662 1475 qnod
699 1398 864 1476 perfectum
901 1390 974 1479 est);
1011 1397 1081 1457 dum
1113 1404 1211 1458 tamen
1248 1398 1330 1459 nulio

320 1487 407 1548 modo
436 1487 486 1547 illa
512 1504 637 1565 corpora
664 1485 733 1546 talia
759 1486 859 1545 sutura
887 1502 953 1545 esse
983 1485 1153 1567 credamus,
1185 1493 1219 1547 ut
1241 1486 1331 1547 nullis

320 1575 356 1635 ab
380 1578 447 1653 igne
470 1575 636 1634 afficiantur
658 1572 819 1635 doloribus.

735 1779 853 1846 Oarur
870 1780 909 1845 X.

356 1910 406 1971 An
429 1912 507 1984 iacis
527 1910 694 1983 personnae,
717 1911 746 1969 si
767 1911 938 1985 corporalis
960 1916 1013 1981 est,
1032 1910 1130 1984 possit
1151 1912 1300 1983 mutianus

271 2010 302 2057 rc
437 2000 570 2075 spiritus,
594 2000 628 2058 id
649 2004 694 2057 est
716 1999 876 2057 daemones
901 2000 1106 2077 incorporeos,
1129 2005 1214 2058 tactu

715 2101 769 2145 sco
792 2087 935 2145 adurere.

410 2208 465 2270 Hic
492 2208 625 2269 occurrit
651 2225 809 2285 quaerere:
842 2206 956 2266 Sinon
980 2209 1038 2267 erit
1059 2209 1136 2285 ignis
1159 2210 1332 2287 incorpora-

322 2299 367 2378 lis,
390 2300 468 2357 sicut
491 2305 537 2357 est
559 2298 647 2355 animi
671 2295 763 2373 dolor,
786 2293 838 2354 sed
862 2294 1032 2375 corporalis,
1055 2304 1137 2356 tactu
1159 2298 1275 2377 noxius,
1297 2306 1333 2359 ut

323 2405 358 2447 eo
386 2387 501 2466 possint
528 2401 652 2463 corpora
681 2385 821 2443 cruciari:
850 2401 907 2460 quo
938 2383 1078 2442 modain
1102 2386 1332 2445 eceritetiam

270 2486 305 2535 20
322 2492 418 2554 poena
447 2474 606 2553 spirituum
636 2466 852 2549 malignorum?
896 2469 977 2530 ldem
1014 2474 1123 2550 qnippe
1155 2473 1232 2551 ignis
1264 2476 1333 2555 erit,

323 2562 467 2641 supplicio
498 2560 613 2620 scilicet
638 2560 791 2620 hominurn
819 2557 988 2618 adtributus
1015 2568 1046 2619 et
1076 2559 1265 2635 daemonum,
1288 2560 1332 2621 di-

323 2657 409 2710 cente
429 2647 560 2710 Christo:
584 2648 737 2708 discedite
756 2665 775 2707 a
794 2664 849 2726 me,
871 2649 1034 2721 maledicti,
1057 2650 1088 2707 in
1108 2650 1207 2723 danem
1231 2656 1332 2710 ceter·

324 2754 404 2810 num,
426 2740 480 2811 qui
497 2743 630 2811 paratus
653 2742 697 2795 est
720 2737 839 2796 diaholo
863 2742 893 2795 et
915 2738 1031 2808 nauelis
1054 2738 1127 2796 eius.
1173 2734 1237 2796 Nisi
1260 2740 1331 2817 quia

324 2831 394 2886 sunt
417 2823 560 2901 quaedam
582 2840 636 2882 sua
658 2825 746 2883 etiarn
764 2821 956 2884 daemonibus
980 2840 1113 2904 corpora,
1135 2826 1214 2885 sicut
1237 2825 1334 2885 doctis

272 2910 494 2973 abdominibus
520 2911 616 2971 visum
643 2918 702 2990 est,
730 2929 766 2971 ex
792 2912 850 2971 isto
882 2928 950 2971 aere
983 2929 1083 2971 crasso
1109 2919 1198 2989 atque
1223 2913 1334 2994 umido,

325 3002 410 3061 euius
429 2998 565 3077 inpulsus
583 3006 670 3058 vento
689 2999 776 3059 dante
795 3001 931 3058 sentitur.
976 2998 1061 3069 Quod
1081 3017 1175 3077 genus
1194 3000 1335 3062 elementi

326 3090 352 3149 si
383 3087 457 3148 nihii
488 3089 555 3165 igne
583 3089 698 3165 perpeti
724 3094 845 3166 posset,
877 3104 936 3145 non
964 3096 1066 3147 ureret
1095 3088 1273 3149 fervefactus
1302 3092 1335 3149 in

325 3176 445 3238 balneis.
491 3173 530 3235 Ut
548 3176 627 3234 enirn
646 3182 721 3254 urat,
744 3176 827 3252 prior
851 3176 948 3233 uritur
971 3174 1099 3252 facitque
1122 3193 1191 3236 curn
1213 3179 1335 3255 patitur.

327 3264 359 3325 st
388 3272 487 3324 autem
520 3265 674 3341 quisquam
703 3262 781 3321 nulia
808 3260 918 3321 habere
949 3279 1073 3340 corpora
1102 3262 1260 3323 daemones
1284 3264 1335 3325 ad-

274 3366 308 3415 80
327 3360 457 3432 severat,
486 3369 545 3411 non
572 3359 619 3411 est
645 3349 681 3409 de
709 3350 764 3410 hac
791 3368 824 3409 re
854 3358 904 3409 aut
926 3348 1118 3410 laborandum
1142 3370 1266 3430 operosa
1290 3355 1335 3412 in-

398 3496 441 3562 10)
461 3499 484 3546 1.
504 3491 564 3547 cor.
585 3498 627 3558 13,
642 3497 665 3544 s.
721 3495 766 3559 ca)
785 3468 898 3559 Mefaa,
913 3498 955 3545 41.

325 3602 539 3613 ———

397 3674 413 3722 2
433 3683 448 3721 e
466 3684 531 3733 mss;
550 3667 585 3720 de
601 3684 617 3722 c
630 3668 639 3736 ΙΙ
652 3672 670 3719 t
688 3666 805 3721 extimet
818 3668 858 3731 A3
878 3668 1007 3722 aestimet
1020 3684 1034 3722 c
1047 3672 1056 3738 ΙΙ
1070 3673 1104 3722 28
1124 3686 1187 3743 curn
1201 3670 1338 3743 RAbc93

326 3738 403 3809 quod
423 3738 470 3793 Gn
490 3739 533 3805 (in
550 3741 618 3805 ras.)
638 3753 701 3803 apa
