3284 4459
549 521 589 562 ou
603 521 745 566 omum
757 523 811 564 mu
825 523 851 564 n.
864 523 913 566 xv.
927 523 950 565 c.
964 526 997 565 n.
1009 524 1042 564 rr.
1141 535 1145 545 1
1261 511 1304 576 79

295 655 447 735 rideatur,
479 673 533 717 suo
559 655 624 717 loco
652 655 823 737 diligentius
850 657 1056 721 disserendum
1083 669 1143 741 est,
1171 679 1240 722 cum
1267 661 1303 732 ed

292 745 359 822 ipse
388 752 534 823 temporo,
562 751 705 823 quantum
732 747 894 808 necessitas
925 746 1015 808 huius
1041 750 1140 827 operis
1166 748 1304 829 postulat,

294 832 553 893 commemorande
586 832 741 895 adiurante
773 832 898 896 Domino
928 838 1105 898 venerimus.
1149 837 1305 898 Praesenti

295 922 376 982 enim
404 921 514 981 sufficit
541 923 707 1000 quaestioni
735 922 900 984 seeundum
927 931 1069 1002 utrosque
1098 923 1217 988 codices
1243 933 1303 986 tem

293 1008 398 1087 longus
421 1007 559 1070 habuisse
578 1011 652 1070 vitas
675 1008 754 1070 iiiios
776 1012 840 1072 neri
862 1010 1007 1095 homines,
1028 1021 1063 1073 ut
1085 1021 1186 1092 posset
1208 1021 1302 1075 aetate
1322 1022 1339 1068 ὁ

294 1099 394 1177 nnius,
418 1098 469 1174 qni
488 1097 524 1158 de
542 1096 668 1178 duobus,
686 1115 761 1178 qnos
780 1097 859 1159 solos
877 1108 963 1173 terro¹
974 1108 1047 1164 tunc
1066 1099 1176 1183 habuit,
1199 1119 1302 1180 paren-

294 1183 376 1245 tibus
399 1185 512 1263 primus
535 1193 705 1266 restratus,
727 1187 764 1248 ed
787 1188 1023 1250 constituendam
1046 1190 1134 1252 etiem
1156 1191 1303 1252 civitatem

293 1271 485 1353 multiplicari
507 1291 602 1353 genus
624 1273 795 1336 humanum.

691 1480 811 1548 Ourur
829 1482 902 1548 XII.

322 1609 371 1669 De
394 1610 534 1684 opinione
556 1625 669 1684 eorum,
691 1613 746 1686 qui
763 1613 934 1686 primorum
956 1618 1121 1687 temporum
1143 1613 1278 1674 dominer
1324 1621 1357 1670 10

429 1703 490 1758 tam
513 1701 681 1772 lonooevon
704 1715 795 1774 quom
816 1700 973 1775 scribitur,
992 1698 1089 1778 sumre
1110 1716 1171 1761 non

728 1789 866 1850 credunt.

383 1907 486 1988 Neque
506 1909 585 1968 enim
604 1907 664 1970 uilo
682 1908 769 1969 modo
787 1909 926 1969 audiendi
949 1919 1028 1991 sunt,
1050 1914 1101 1989 qni
1124 1918 1230 1991 putent
1251 1910 1303 1972 eli·

296 2004 342 2057 ter
364 2014 458 2058 annos
484 1995 542 2056 iilis
567 1995 753 2076 temporibus
776 2007 966 2079 conputetos,
993 1998 1024 2058 id
1047 2008 1093 2060 est
1115 2007 1213 2059 tentae
1236 1999 1302 2059 bre·

295 2087 407 2167 citatis,
438 2093 472 2145 ut
499 2102 575 2146 unus
603 2103 698 2146 annus
725 2094 828 2147 noster
854 2085 956 2146 decem
983 2085 1049 2147 iilos
1077 2086 1215 2148 habuisse
1238 2096 1356 2148 cre-15

294 2172 389 2234 datur.
435 2172 635 2253 Quapropter,
662 2175 816 2252 inquiunt,
846 2192 914 2236 cum
944 2174 1071 2236 audierit
1099 2178 1226 2255 quisque
1257 2175 1304 2236 rel

293 2261 401 2341 legerit
427 2269 593 2340 nongentos
620 2279 713 2321 annos
747 2279 895 2341 quemquo
930 2264 1052 2343 uixisse,
1092 2262 1181 2324 debet
1217 2263 1302 2324 intei-

293 2349 394 2429 iegere
421 2351 591 2430 nonagintu3
615 2349 718 2410 decem
742 2352 850 2428 quippe
874 2350 916 2411 iiii
938 2353 1007 2412 enni
1029 2367 1108 2412 unus
1131 2360 1178 2413 est
1199 2361 1303 2412 noster

294 2446 326 2498 et
344 2437 446 2498 decem
465 2439 560 2498 nostri
581 2446 701 2498 centum
723 2437 767 2498 ilii
789 2439 918 2500 inerunt
963 2439 1005 2499 Ac
1026 2456 1082 2518 per
1103 2439 1169 2520 hoc,
1191 2447 1226 2500 ut
1248 2457 1301 2519 pu·

296 2533 373 2606 tant,
405 2527 508 2604 viginti
535 2528 626 2587 trium
658 2542 802 2586 annorum
831 2527 887 2586 init
914 2526 1021 2608 Adam,
1053 2527 1169 2606 quando
1199 2529 1303 2607 genuit
1320 2539 1356 2589 20

297 2612 382 2693 Seth,
410 2621 440 2674 et
462 2614 526 2693 ipse
550 2612 623 2676 Seth
645 2616 749 2693 viginti
771 2613 875 2693 egebat
897 2624 929 2676 et
950 2633 1002 2676 sex
1026 2633 1156 2695 menses,
1185 2615 1301 2694 quando

295 2720 330 2762 ex
359 2701 409 2761 illo
438 2709 525 2763 natus
548 2710 595 2763 est
616 2700 710 2782 Enos,
741 2720 815 2781 quos
839 2701 966 2782 appellat
987 2705 1135 2782 scriptura
1157 2703 1301 2765 ducentos

295 2799 326 2850 et
344 2791 476 2868 quinque
494 2805 600 2871 annos3
624 2792 761 2869 quoniam
781 2791 860 2851 sient
881 2793 931 2851 isti
954 2793 1151 2872 suspicentur,
1174 2809 1301 2870 quorum

293 2879 470 2957 exponimus
497 2879 679 2959 opinionem,
707 2896 798 2939 unum
821 2895 946 2959 annum,
973 2879 1090 2958 qualern
1112 2897 1192 2940 nunc
1214 2878 1302 2939 habe·

294 2984 377 3040 mus,
409 2968 440 3026 in
472 2967 575 3028 decem
606 2974 705 3046 partes
732 2965 774 3026 iiii
800 2966 969 3027 dividebant
997 2975 1028 3028 et
1055 2967 1172 3028 eusdem
1200 2976 1300 3046 partes
1319 2978 1354 3028 25

294 3072 388 3116 annos
415 3053 570 3135 vocabant3
603 3072 727 3132 quarum
759 3057 889 3133 partium
915 3053 1004 3116 habet
1033 3073 1093 3115 une
1125 3055 1299 3134 quadrnum

295 3145 460 3220 senorium,
482 3159 517 3202 eo
540 3143 619 3222 quod
642 3161 694 3202 sex
716 3141 821 3203 diebus
845 3142 923 3203 Deus
945 3143 1105 3222 perfecerit
1126 3161 1216 3223 opere
1239 3161 1301 3223 sua,

295 3238 328 3291 ut
350 3231 382 3290 in
405 3231 531 3310 septimo
550 3231 751 3310 requiesceret
773 3225 824 3312 (de
848 3247 906 3309 que
928 3247 962 3292 re
983 3233 1015 3292 in
1038 3230 1113 3292 libro
1136 3231 1301 3312 undecimo,

365 3411 391 3478 1)
411 3413 440 3462 ir.
457 3412 498 3462 18.
518 3425 540 3461 c.
556 3414 590 3461 42
601 3425 660 3476 sqq.
716 3408 760 3476 28)
779 3406 807 3462 C.
824 3412 848 3462 8.

366 3643 380 3692 l
394 3627 547 3691 disserend.
556 3637 584 3691 R
594 3635 640 3704 (cf.
652 3639 698 3702 87,
707 3639 799 3704 248q.;
805 3652 900 3707 propr.
908 3653 936 3705 p.
944 3641 1006 3706 19);
1020 3637 1102 3692 inser.
1115 3637 1303 3705 VAFobepo

292 3709 398 3776 Hoffm.
419 3709 429 3777 ti
450 3711 483 3761 1⁷
502 3723 640 3777 quemque
665 3707 825 3774 1⁷11th
848 3723 958 3775 qnemq:
980 3708 1017 3773 03
1043 3724 1126 3776 quem
1144 3708 1184 3776 lo
1207 3724 1302 3776 quem·

293 3795 378 3848 quem
397 3795 436 3833 ao
455 3780 515 3848 itit
535 3777 655 3848 etipse]
674 3779 703 3832 et
721 3793 771 3832 om.
792 3779 845 3847 Vi
861 3777 986 3832 habebat
1003 3796 1021 3831 o
