3284 4459
561 520 602 560 mu
617 519 760 561 momine
773 520 828 560 nm
841 519 867 560 1..
881 519 957 561 xum.
971 519 994 562 o.
1009 522 1029 561 o.
1234 505 1296 570 201

289 662 498 724 testamentum
530 672 650 728 novom,
682 672 743 716 oon
774 655 941 716 secondom
969 662 1188 738 testamentum,
1219 660 1301 731 qnod

289 747 427 823 disposui
443 738 587 821 patribus
609 759 714 804 eorum
738 745 769 803 im
793 745 858 816 die,
880 759 942 818 qno
965 745 1157 821 adprehendi
1177 761 1299 806 monum

287 850 409 909 eorum,
432 840 466 893 ot
487 834 648 900 educerem
671 848 722 894 eos
745 832 893 892 deterre
916 833 1054 908 Aeoypti,
1076 835 1219 907 qnoniam
1242 836 1302 909 ipsi

288 941 349 984 mom
364 928 602 998 permanserunt
620 923 651 980 im
671 928 847 980 testomento
870 936 944 995 meo,
965 927 997 980 et
1018 937 1074 996 epo
1096 924 1220 995 meylem·
1239 939 1298 994 eos,

289 1014 367 1072 dicit
389 1011 542 1071 Dominus.
592 1010 671 1080 Ouio
697 1010 756 1070 hoc
778 1016 824 1069 est
846 1015 1063 1082 testamentum,
1086 1011 1168 1083 qnod
1188 1014 1334 1070 consti-o

288 1107 373 1160 tuom
396 1101 499 1159 domni
520 1098 622 1159 Israel
639 1105 709 1173 post
731 1098 795 1157 dies
819 1100 897 1170 illos,
920 1099 997 1158 dicit
1018 1097 1173 1171 Dominus,
1196 1101 1299 1160 dando

288 1192 370 1263 leues
389 1205 471 1248 meos
489 1189 521 1247 im
540 1193 667 1246 mentem
684 1202 789 1252 eorum
807 1192 838 1246 et
859 1203 952 1261 snper
975 1188 1072 1246 cordo
1094 1203 1198 1248 eornm
1221 1190 1298 1248 scri·

288 1279 358 1338 bom
386 1294 450 1349 eos,
482 1281 513 1341 et
539 1275 646 1336 videbo
674 1291 737 1350 eos,
769 1283 800 1334 et
827 1290 880 1336 ero
909 1274 1157 1349 illisionem,
1189 1281 1219 1338 et
1241 1278 1300 1351 ipsi

288 1371 381 1428 erum
410 1365 486 1423 mihi
516 1366 548 1423 im
576 1364 708 1439 plebem:
738 1360 924 1422 Hierusalem
956 1363 1020 1422 sine
1049 1359 1138 1424 dubio
1170 1377 1298 1442 superna

288 1450 497 1531 prophetatur,
525 1452 611 1511 cuius
634 1449 713 1511 Dens
736 1451 799 1528 ipse
823 1452 987 1529 praemium
1011 1458 1069 1531 cst,
1097 1450 1351 1530 sermonem-10

288 1541 360 1600 here
384 1548 472 1618 atque
495 1540 590 1618 ipsius
617 1556 682 1599 esse
711 1556 861 1598 summum
884 1537 925 1599 ibi
948 1547 994 1600 est
1016 1547 1103 1618 atque
1127 1548 1222 1600 totum
1246 1539 1296 1600 bo·

288 1647 369 1690 uum.
415 1627 458 1688 ld
480 1637 639 1705 utramque
662 1644 733 1686 vero
755 1629 887 1705 pertinet
909 1626 966 1687 hoc
989 1629 1100 1707 ipsum,
1128 1628 1207 1707 quod
1230 1627 1298 1690 Hie-

288 1716 419 1791 rusalem
446 1716 555 1778 dicitur
582 1713 636 1774 ltei
662 1717 778 1795 civitas,
806 1724 837 1775 et
863 1717 893 1776 in
922 1733 956 1776 ea
979 1715 1175 1794 prophetatur
1198 1717 1298 1778 lutura

288 1805 395 1869 domus
422 1803 488 1884 Dei,
511 1821 603 1883 eaque
632 1801 787 1882 prophetia
814 1803 931 1870 videtur
961 1803 1093 1884 impleri,
1124 1823 1193 1867 cum
1218 1804 1297 1866 Salo·

289 1912 359 1954 mon
377 1911 430 1954 rex
448 1892 583 1952 aedilicat
600 1890 670 1952 illud
691 1890 908 1952 nobilissimum
925 1890 1077 1970 templum.
1114 1892 1194 1954 Haec
1217 1897 1296 1954 enim
1318 1903 1351 1956 15

289 1984 373 2044 etin
396 1989 515 2042 terrena
533 1978 718 2041 Hierusalem
736 1980 900 2045 secundum
923 1979 1076 2042 historiam
1100 1984 1299 2063 contigerunt,

289 2079 320 2133 et
338 2070 474 2132 caelestis
492 2067 677 2130 Hierusalem
695 2068 807 2147 figurae
827 2069 955 2129 luerunt.
1002 2067 1087 2139 Quod
1111 2087 1205 2148 genus
1227 2087 1296 2149 pro·

289 2159 405 2240 photiae
434 2176 471 2218 ex
499 2165 627 2235 utroque
657 2155 748 2217 veluti
778 2166 963 2235 compactum
990 2165 1078 2235 atque
1107 2160 1299 2218 commixtum

288 2251 320 2308 in
343 2247 426 2307 libris
449 2244 600 2307 veteribus
622 2247 781 2325 canonicis,
803 2244 911 2324 quibus
935 2263 1036 2306 rernm
1059 2254 1209 2324 gestarum
1232 2264 1298 2307 nar-

289 2339 420 2397 rationes
444 2336 650 2413 oontinentur,
673 2333 750 2394 valet
771 2333 932 2412 plurimum
955 2333 1139 2412 multumque
1164 2337 1298 2396 exercuit
1317 2347 1353 2396 20

290 2433 321 2485 et
348 2431 468 2484 exercet
495 2424 613 2501 ingenia
641 2424 838 2482 scrutantium
866 2421 978 2482 litteras
1002 2439 1115 2504 sacras,
1144 2430 1191 2500 nt,
1219 2423 1298 2502 quod

289 2514 432 2573 historice
475 2510 659 2590 praedictum
699 2509 938 2588 completumque
973 2509 1082 2588 legitur
1118 2512 1149 2570 in
1186 2513 1298 2572 semine

289 2598 424 2662 Abrahae
447 2598 611 2660 secundnm
634 2615 767 2678 carnem,
795 2601 884 2659 eham
906 2600 937 2658 in
960 2599 1073 2659 semine
1096 2597 1229 2660 Abrahae
1253 2619 1297 2660 se·

290 2690 422 2751 cundum
445 2688 533 2748 iidem
555 2686 625 2766 quid
650 2685 831 2766 implendum
855 2685 1010 2765 allegorice
1034 2687 1180 2766 significet
1202 2690 1297 2767 inqui-

290 2789 387 2858 ratur3
416 2779 448 2837 in
475 2785 589 2837 tantum
616 2784 650 2835 ut
677 2773 853 2854 quibusdam
881 2777 976 2835 visum
1005 2776 1044 2837 sit
1075 2775 1147 2836 nihii
1175 2795 1241 2836 esse
1269 2780 1299 2838 in
1319 2788 1353 2838 25

291 2866 403 2927 eisdem
425 2863 509 2925 libris
532 2863 577 2924 vel
595 2865 835 2943 praenuntiatum
859 2873 889 2924 et
911 2864 1059 2944 ellectum,
1082 2863 1128 2924 vel
1151 2866 1299 2947 ellectum,

291 2956 425 3034 quamvis
443 2971 502 3013 non
520 2954 768 3032 praenuntiatum,
791 2951 870 3030 qnod
895 2969 953 3011 non
976 2952 1107 3012 insinuet
1130 2953 1239 3032 aliquid
1263 2954 1299 3014 ad
1366 2987 1373 3001 ·

291 3059 452 3123 supernam
479 3043 627 3102 civitatem
654 3037 708 3100 Dei
737 3043 860 3118 eiusque
889 3038 964 3099 filios
992 3042 1023 3099 in
1050 3039 1105 3102 hae
1134 3043 1191 3102 vita
1214 3061 1298 3121 pere-

290 3135 393 3211 grinos
420 3130 544 3208 figurata
571 3129 782 3207 significatione
812 3128 1011 3189 referendum.
1056 3127 1094 3189 Et
1121 3132 1147 3190 si
1176 3130 1232 3191 hoc
1259 3133 1299 3192 ita

291 3229 351 3298 est,
381 3221 438 3279 iam
461 3215 613 3297 bipertita,
640 3235 699 3277 non
723 3219 870 3295 tripertita
894 3225 983 3277 erunt
1005 3215 1121 3295 eloquia
1144 3218 1299 3297 propheta·
1319 3231 1354 3280 30

291 3325 368 3388 rum,
391 3307 437 3367 uel
459 3308 558 3385 potius
580 3304 696 3365 illarum
720 3307 935 3384 scripturarum
959 3307 1101 3385 omnium,
1123 3324 1198 3384 quae
1222 3315 1300 3367 vete·

290 3401 334 3456 ris
362 3394 553 3457 instrumenti
582 3392 775 3473 appellatione
806 3402 976 3454 censentur.
1026 3391 1105 3452 Nihil
1133 3396 1211 3454 enim
1244 3397 1302 3455 erit

362 3525 389 3590 9)
407 3523 528 3578 Hierem.
548 3528 592 3592 tt,
607 3527 638 3576 31
651 3540 725 3590 sqq.;
743 3521 827 3576 Hebr.
848 3526 873 3589 8,
888 3526 974 3590 8sqq.

294 3788 321 3845 θ
349 3722 380 3842 bh
399 3716 504 3788 dando]
523 3715 597 3770 dubo
616 3715 669 3770 o¹o
681 3717 691 3785 ΙΙ
706 3720 739 3768 15
759 3713 921 3770 aedifioauit
939 3715 968 3770 R
980 3715 990 3782 ΙΙ
1004 3717 1037 3766 20
1056 3713 1086 3766 el
1104 3711 1143 3777 A3
1167 3708 1222 3763 Sed
1241 3709 1306 3767 RF

324 3807 344 3843 o
370 3805 449 3859 eppo
