3284 4459
562 487 602 527 on
617 485 759 527 amusan
773 487 944 530 aarum
958 488 982 530 o.
996 489 1029 530 rs.
1234 475 1300 540 375

291 622 410 683 feritate
434 617 603 682 blanditur?
648 620 721 692 Quis
753 620 873 701 milvus,
903 622 1118 702 quantumlibet
1150 623 1299 686 solitarius

291 713 404 789 rapinis
431 709 636 789 circumvolet,
663 729 722 769 non
752 712 923 789 coniugium
946 710 1076 790 copulat,
1104 712 1207 774 nidum
1230 731 1299 776 con·

291 800 382 878 gerit,
409 815 464 859 ova
491 799 640 878 confovet,
667 797 764 878 pullos
792 798 844 859 alit
871 807 902 859 ει
931 802 1017 878 quasi
1039 818 1107 861 cum
1130 819 1184 863 sua
1206 810 1299 863 matre

291 886 416 947 familias
443 888 615 948 societatem
642 887 833 948 domesticam
861 898 970 967 quanta
998 896 1097 967 potest
1127 907 1199 969 pace
1229 907 1299 951 cou-

291 970 410 1036 servat?
446 973 562 1045 Quanto
581 977 673 1053 magis
691 975 779 1034 bomo
798 976 895 1037 lertur
917 977 1044 1054 quodam
1066 977 1154 1037 modo
1177 986 1335 1040 naturaed

291 1081 362 1125 suae
403 1062 517 1141 legibus
553 1063 589 1123 ad
625 1062 785 1124 ineundam
827 1066 998 1125 societatem
1033 1083 1195 1143 pacemque
1231 1085 1300 1128 cum

290 1151 478 1232 hominibus,
510 1159 653 1230 quantum
684 1153 715 1212 iu
747 1153 811 1230 ipso
845 1161 903 1233 est,
934 1151 1072 1213 omnibus
1101 1152 1300 1236 obtinendam,

290 1258 360 1301 cum
388 1242 476 1300 etiam
503 1239 572 1300 mali
598 1258 652 1319 pro
680 1257 801 1301 suorum
830 1258 902 1318 pace
930 1240 1103 1320 belligerent
1127 1260 1300 1325 omnesque,

291 1331 317 1390 si
345 1330 473 1409 possint,
503 1346 573 1388 suos
601 1328 698 1388 lacere
727 1328 834 1409 velint,
863 1338 897 1390 ut
926 1329 979 1391 uui
1005 1332 1106 1391 cuucti
1132 1339 1163 1391 et
1192 1340 1301 1392 cuncta

291 1416 472 1496 deserviant3
496 1434 554 1495 quo
572 1424 668 1498 pacto,
690 1418 748 1476 nisi
770 1419 801 1476 in
825 1418 889 1477 eius
911 1435 1016 1496 pacem
1038 1416 1084 1478 vel
1106 1418 1230 1479 amando
1253 1418 1299 1480 vel
1319 1430 1353 1481 1⁰

291 1503 422 1566 timendo
453 1500 659 1566 consentiant?
705 1503 754 1565 Sic
777 1507 858 1564 enim
880 1504 1019 1584 superbia
1041 1502 1180 1586 perverse
1204 1509 1298 1568 imita·

291 1602 342 1654 tur
373 1591 476 1653 Deum.
523 1591 591 1654 Odit
622 1610 749 1672 namque
782 1611 851 1653 cum
883 1596 972 1654 sociis
1006 1594 1211 1674 aequalitatem
1243 1596 1299 1657 sub

290 1682 351 1763 illo,
374 1683 425 1742 sed
444 1684 586 1760 inponere
606 1680 667 1741 vult
690 1682 778 1741 sociis
801 1681 1032 1744 dominationem
1056 1701 1141 1744 suam
1163 1701 1218 1763 pro
1241 1683 1298 1745 illo.

292 1769 362 1832 Odit
380 1789 450 1849 ergo
469 1772 577 1830 iustam
594 1787 697 1848 pacem
716 1767 770 1830 nei
788 1777 818 1829 et
837 1779 914 1830 amat
931 1771 1063 1850 iniquam
1081 1790 1184 1851 pacem
1207 1791 1299 1834 suam.

290 1859 356 1920 Non
374 1876 472 1919 amare
492 1867 588 1918 tamen
603 1857 847 1937 qualemcumque
865 1876 968 1937 pacem
986 1859 1067 1920 nullo
1086 1859 1174 1920 modo
1192 1868 1298 1939 potest
1319 1871 1352 1921 to

290 1947 407 2008 Nullius
431 1949 539 2025 quippe
563 1948 665 2006 vitium
688 1947 728 2005 ita
752 1954 856 2006 contra
878 1953 1014 2008 naturam
1037 1955 1097 2028 est,
1119 1955 1153 2009 ut
1176 1956 1299 2011 naturae

291 2036 388 2097 deleat
410 2037 498 2096 etiam
521 2043 652 2094 extrema
675 2036 806 2112 vestigia.

379 2123 481 2202 ltaque
504 2140 607 2203 pacem
628 2123 799 2202 iniquorum
823 2124 852 2182 iu
871 2125 952 2202 pacis
970 2126 1189 2203 comparatione
1207 2127 1299 2187 iusto·

291 2212 429 2274 rumille
453 2209 531 2272 videt
554 2229 609 2272 uec
631 2227 734 2290 pacem
757 2228 823 2270 esse
846 2210 1014 2294 dicendam,
1038 2215 1088 2291 qui
1111 2213 1192 2272 novit
1214 2231 1299 2293 prae·

291 2318 403 2380 ponere
430 2309 511 2360 recta
542 2301 640 2379 pravis
667 2308 698 2359 et
725 2299 859 2359 ordinata
887 2302 1046 2379 perversis.
1090 2299 1176 2371 Quod
1199 2309 1299 2364 autem
1318 2313 1352 2364 tu

290 2407 465 2468 perversum
487 2395 546 2468 est,
574 2390 662 2447 etiam
685 2386 741 2447 boc
765 2405 887 2448 necesse
911 2394 958 2448 est
980 2395 1013 2448 ut
1035 2389 1067 2448 iu
1089 2387 1186 2466 aliqua
1209 2397 1240 2453 et
1262 2407 1300 2451 cx

291 2477 388 2556 aliqua
411 2484 441 2538 et
464 2494 532 2537 cum
555 2475 651 2554 aliqua
673 2492 775 2536 rerum
798 2483 882 2554 parte
905 2484 1041 2554 pacatum
1064 2478 1112 2556 sit,
1134 2478 1166 2536 in
1189 2477 1299 2554 quibus

291 2573 338 2626 est
367 2563 413 2625 vel
442 2582 478 2626 ex
505 2563 612 2643 quibus
640 2571 768 2642 constat3
796 2563 926 2642 alioquin
956 2562 1030 2624 nibil
1059 2574 1140 2626 esset
1168 2568 1298 2627 omniuo.

290 2653 377 2714 Velut
400 2655 426 2714 si
448 2655 602 2732 quisquam
626 2653 721 2731 capite
744 2651 884 2712 deorsum
907 2653 1048 2732 pendeat,
1071 2671 1230 2732 perversus
1253 2662 1299 2715 est

291 2745 394 2821 utique
418 2743 492 2802 situs
516 2742 649 2819 corporis
673 2749 703 2800 et
725 2739 797 2799 ordo
823 2739 1036 2820 membrorum,
1060 2743 1128 2820 quia
1151 2741 1195 2821 id,
1218 2742 1297 2821 quod
1317 2754 1351 2802 ao

291 2829 421 2910 desuper
439 2847 504 2889 esse
524 2837 628 2889 natura
646 2828 783 2908 postulat,
807 2827 911 2889 subter
929 2837 983 2910 est,
1006 2838 1037 2891 ει
1055 2829 1134 2908 quod
1157 2829 1205 2890 illa
1229 2829 1297 2890 sub·

291 2926 338 2979 ter
359 2917 423 2978 vult
445 2935 524 2998 esse,
546 2917 675 2996 desuper
698 2917 807 2977 lactum
832 2925 890 2996 est3
919 2917 1105 2979 conturbavit
1128 2920 1225 2979 carnis
1248 2937 1298 2997 pa-

291 3024 356 3068 cem
385 3007 442 3067 ista
471 3007 649 3085 perversitas
677 3014 707 3065 et
734 3005 801 3065 ideo
828 3005 952 3066 molesta
979 3014 1039 3067 est:
1068 3024 1171 3067 verum
1198 3015 1298 3067 tamen

290 3096 387 3155 anima
414 3096 532 3172 corpori
560 3111 614 3153 suo
643 3101 745 3172 pacata
774 3101 820 3154 εει
848 3101 880 3154 ει
901 3111 956 3173 pro
980 3095 1044 3156 eius
1067 3094 1161 3155 salute
1184 3097 1297 3176 satagit,

291 3191 321 3243 et
338 3183 406 3244 ideo
426 3191 471 3243 est
494 3183 544 3260 qui
564 3180 672 3262 doleat;
695 3199 770 3260 quae
793 3183 819 3241 si
843 3181 985 3242 molestiis
1008 3184 1073 3243 eius
1096 3182 1215 3243 exclusa
1238 3182 1295 3242 dis·
1315 3195 1350 3245 ιο

290 3273 427 3351 cesserit,
455 3269 594 3350 quamdiu
621 3288 761 3349 compago
790 3268 991 3331 membrorum
1022 3279 1132 3352 manet,
1168 3280 1297 3331 nonest

291 3361 354 3421 sine
378 3358 502 3439 quadam
525 3360 652 3437 partium
675 3375 747 3436 pace
772 3357 850 3436 quod
874 3366 1015 3438 remanet,
1038 3366 1068 3418 et
1090 3358 1156 3418 ideo
1180 3366 1225 3418 est
1248 3358 1297 3417 ad·

290 3447 350 3509 huc
379 3450 430 3527 qui
457 3447 591 3526 pendeat.
636 3444 674 3506 Et
701 3445 780 3525 quod
809 3453 962 3506 terrenum
988 3463 1098 3526 corpus
1125 3449 1155 3507 in
1186 3454 1296 3506 terram

290 3538 395 3597 nititur
424 3545 455 3596 et
481 3534 597 3596 vinculo
626 3552 683 3612 quo
712 3551 889 3612 suspensum
916 3542 962 3594 est
989 3535 1142 3611 renititur,
1171 3535 1202 3596 in
1225 3552 1296 3597 suae

289 3683 502 3694 ——--.

363 3764 395 3813 16
413 3757 517 3812 nullius
534 3757 669 3822 nucea
688 3753 804 3806 Nullum
823 3754 927 3823 abqpv
