3284 4459
323 498 388 563 558
733 507 755 550 s
769 508 934 550 sconsum

323 664 396 707 rena
422 644 557 705 animalia
584 644 767 704 nesciremus
797 641 942 722 nobisque
971 644 1105 703 futurum
1128 662 1195 705 esse
1218 644 1333 706 dicere-

323 744 389 814 tur,
420 742 454 793 ut
485 734 613 792 terrenis
644 730 821 811 corporibus
855 731 1019 792 animandis
1054 731 1181 811 quodam
1213 734 1333 793 vinculo

324 820 450 883 mirabili
468 830 670 881 necteremur:
693 837 791 880 nonne
809 819 904 881 multo
927 819 1034 880 lortius
1056 828 1333 899 argumentaremur

323 910 354 971 id
376 910 500 970 credere
523 916 697 969 recusantes
719 917 750 969 et
772 907 941 968 diceremus
963 917 1099 968 naturam
1123 926 1182 968 non
1205 913 1276 992 pati,
1299 921 1335 971 ut

288 1009 304 1060 o
323 1016 373 1058 res
395 1000 571 1076 incorporea
593 996 751 1075 ligamento
774 1014 919 1075 corporeo
943 993 1127 1057 vinciretur?
1173 996 1211 1057 Et
1232 1007 1334 1059 tamen

322 1087 409 1166 plena
432 1093 478 1146 est
499 1095 579 1146 terra
602 1083 807 1163 vegetantibus
825 1086 931 1144 animis
953 1084 1027 1145 haec
1050 1084 1181 1145 membra
1205 1094 1334 1168 terrena,

323 1177 398 1235 miro
428 1173 486 1234 sibi
515 1173 601 1234 modo
631 1190 742 1234 conexa
771 1180 803 1232 et
831 1172 982 1251 implicita.
1035 1171 1095 1234 Gur
1125 1191 1197 1253 ergo
1227 1175 1333 1236 eodem

323 1262 438 1323 volente
467 1261 542 1342 Deo,
568 1264 621 1340 qui
642 1261 714 1322 iecit
735 1259 792 1319 boc
815 1260 935 1341 animal,
962 1279 1022 1322 non
1045 1263 1156 1341 poterit
1177 1271 1335 1323 terrenum

323 1369 433 1430 corpus
455 1353 486 1410 in
509 1350 636 1410 caeleste
659 1367 768 1428 corpus
791 1348 897 1430 attolli,
930 1351 956 1410 si
978 1351 1094 1410 animus
1117 1353 1197 1410 omui
1221 1369 1255 1411 ac
1278 1369 1334 1429 per

274 1440 380 1503 roboc
406 1442 493 1500 etiam
522 1437 642 1499 caelesti
674 1454 799 1516 corpore
827 1436 1033 1516 praestabilior
1060 1446 1180 1499 terreno
1213 1443 1335 1517 corpori

323 1529 420 1608 potuit
446 1522 584 1605 inligari?
628 1526 673 1585 bn
699 1534 819 1586 terrena
847 1525 991 1605 particula
1018 1532 1077 1586 tam
1107 1530 1212 1605 exigna
1235 1530 1335 1607 potuit

324 1615 432 1695 aliquid
451 1614 572 1676 caelesti
589 1632 714 1693 corpore
733 1613 840 1674 melius
862 1614 940 1692 apud
963 1632 996 1673 se
1017 1622 1131 1695 tenere,
1154 1624 1188 1675 ut
1210 1632 1335 1676 sensnm

324 1704 447 1765 haberet
469 1712 499 1763 et
521 1704 623 1783 vitam,
652 1710 683 1763 et
710 1719 774 1762 eam
798 1704 977 1763 sentientem
999 1710 1088 1781 atque
1111 1704 1258 1763 viventem
1281 1704 1333 1764 dc·

325 1790 493 1870 dignabitur
524 1790 637 1851 caelum
666 1792 818 1869 suscipere
851 1799 902 1850 aut
934 1799 1102 1869 susceptam
1132 1808 1192 1851 non
1221 1795 1335 1871 poterit

273 1894 304 1942 15
324 1882 487 1960 sustinere,
514 1897 581 1939 cum
606 1878 642 1939 de
666 1896 699 1938 re
722 1881 830 1939 sentiat
853 1886 883 1938 et
905 1880 983 1938 vivat
1004 1880 1061 1938 ista
1084 1879 1220 1959 meliore,
1243 1898 1334 1958 qnam

324 1977 370 2029 est
392 1986 501 2046 corpus
524 1984 611 2027 omne
639 1963 788 2027 caeleste?
834 1965 892 2026 Sed
915 1966 982 2027 ideo
1007 1985 1085 2027 nnnc
1109 1986 1169 2027 non
1192 1968 1239 2049 fit,
1264 1970 1334 2048 quia

324 2056 456 2117 nondum
474 2064 521 2116 est
538 2064 656 2134 tempus
679 2072 738 2134 quo
760 2054 790 2115 id
813 2055 879 2114 fleri
902 2053 1002 2135 voluit,
1026 2057 1077 2133 qui
1099 2054 1165 2137 boc,
1189 2056 1267 2135 quod
1291 2060 1333 2116 vi-

324 2144 420 2206 dendo
447 2146 505 2203 iam
532 2143 628 2224 viluit,
656 2142 749 2204 multo
775 2141 941 2203 mirabilius
968 2161 1056 2221 qnam
1079 2143 1165 2225 illud,
1193 2144 1272 2223 quod
1295 2145 1333 2205 ab

323 2236 390 2296 istis
412 2251 472 2293 non
496 2233 641 2308 creditur,
664 2232 742 2292 lecit.
787 2230 849 2292 Cur
871 2233 951 2291 enim
973 2250 1034 2291 non
1057 2232 1261 2294 vehementius
1284 2233 1334 2292 ad-

272 2336 306 2385 20
324 2325 467 2383 miramur
499 2323 692 2399 incorporeos
725 2322 854 2399 animos,
884 2319 1004 2379 caelesti
1035 2337 1160 2398 corpore
1190 2322 1333 2402 potiores,

324 2411 452 2472 terrenis
482 2407 597 2488 inligari
631 2406 806 2486 corporibus
837 2424 925 2485 quam
957 2425 1082 2486 corpora
1110 2407 1181 2470 licet
1212 2418 1332 2469 terrena

324 2498 444 2560 sedibus
477 2498 608 2575 quamvis
640 2494 830 2575 caelestibus,
860 2503 959 2555 tamen
988 2498 1140 2575 corporeis
1171 2495 1334 2578 sublimari,

324 2589 382 2647 nisi
412 2587 480 2664 quia
509 2584 565 2645 boo
595 2584 695 2644 videre
727 2585 935 2644 consuevimus
965 2591 996 2643 ct
1023 2583 1079 2643 hoc
1109 2602 1227 2666 sumus,
1259 2584 1334 2647 illud

324 2692 394 2733 vero
418 2673 548 2732 nondum
573 2690 676 2732 sumus
699 2690 754 2732 nec
777 2670 934 2749 aliqnando
958 2670 1052 2731 adhue
1076 2670 1223 2734 vidimus?
1258 2672 1334 2733 Nam

273 2776 306 2824 25
325 2762 458 2841 prolecto
487 2758 585 2820 sobria
613 2762 727 2820 ratione
756 2760 891 2820 consulta
925 2758 1115 2820 mirabilioris
1145 2780 1211 2822 esse
1241 2761 1335 2823 divini

325 2850 423 2927 operis
450 2850 601 2926 reperitur
627 2846 863 2926 incorporalibus
893 2846 1057 2925 corporalia
1087 2850 1214 2927 quodam
1244 2850 1334 2910 modo

325 2946 455 2997 attexere
484 2953 571 3013 qnam
598 2935 668 2994 licet
695 2936 823 3015 diversa,
851 2937 919 3013 qnia
942 2934 992 2995 illa
1014 2935 1164 3019 caelestia,
1194 2941 1250 2999 ista
1273 2946 1334 3000 ter-

325 3025 441 3104 restria,
462 3031 561 3083 tamen
584 3040 708 3101 corpora
731 3031 762 3083 et
783 3040 908 3102 corpora
933 3022 1079 3101 copulare.

737 3245 855 3313 cerm
873 3246 913 3313 V.

272 3392 307 3441 3ο
326 3380 372 3439 De
395 3379 622 3438 resurrectione
648 3379 761 3448 cernis,
790 3392 881 3450 qnam
906 3378 1030 3450 quidam
1055 3378 1166 3437 mundo
1191 3381 1336 3441 credente

718 3480 779 3524 non
802 3466 940 3524 credunt.

414 3586 473 3647 Sed
494 3586 552 3646 boc
571 3584 743 3645 incredibile
762 3586 853 3645 luerit
873 3584 1043 3664 aliqnando:
1065 3605 1135 3648 ecoe
1158 3591 1217 3648 iam
1239 3591 1334 3650 credi-

327 3676 370 3736 dit
392 3672 521 3734 mundns
544 3670 692 3731 sublatum
715 3680 868 3733 terrenum
888 3671 997 3733 Christi
1020 3692 1129 3753 corpus
1152 3678 1183 3736 in
1208 3678 1335 3758 caelnm3

327 3762 579 3823 resurrectionem
606 3760 704 3818 carnis
730 3766 762 3819 ct
790 3762 994 3820 ascensionem
1017 3764 1049 3822 in
1072 3780 1217 3841 supernas
1239 3766 1335 3843 sedes,

400 3885 416 3933 s
437 3879 594 3932 mucrene
612 3877 815 3948 amount
834 3885 849 3932 r
868 3880 1015 3949 implicata
1033 3880 1109 3937 Am

459 4121 589 4155 A
