3284 4459
341 467 407 531 620
752 476 952 521 saucns‘rrrn

340 635 398 695 pus
420 613 644 694 incorruptibile
669 613 880 691 recipiendum.
926 610 964 671 Et
986 614 1016 671 in
1040 629 1099 689 quo
1123 612 1353 671 convenientius

341 701 560 783 incorruptibili
582 718 706 781 corpore
730 700 931 780 laetabuntur,
954 717 1042 778 quam
1064 701 1095 759 in
1119 717 1178 777 quo
1201 701 1353 779 corrupti-

341 792 393 853 bili
415 786 614 870 gemuerunt?
651 790 700 849 Sic
724 791 801 849 enim
825 806 885 848 non
908 790 939 848 in
963 790 1006 848 eis
1029 789 1086 847 erit
1109 786 1157 846 illa
1181 787 1244 847 dira
1267 790 1353 867 cupi-

342 880 430 962 ditas,
454 898 540 958 quam
564 881 663 958 posuit
686 896 722 937 cx
745 876 866 937 Platone
889 874 1049 955 Vergilius,
1071 874 1123 935 ubi
1146 879 1198 937 ait:

307 1016 323 1063 o
430 1006 546 1063 Rursus
569 1006 600 1061 et
621 1002 765 1078 incipiant
786 1003 817 1061 in
840 1020 965 1077 corpora
986 1002 1064 1062 vcllc
1086 1000 1207 1079 reverti3

343 1129 395 1208 sic,
418 1128 548 1207 inquam,
570 1124 761 1203 cupiditatem
780 1122 948 1183 revertendi
971 1122 1007 1182 ad
1030 1140 1155 1202 corpora
1177 1139 1238 1182 non
1260 1122 1355 1184 habe·

262 1238 266 1245 ·
342 1215 426 1295 bunt,
449 1232 517 1274 cum
540 1231 673 1293 corpora,
695 1215 726 1271 in
750 1228 825 1290 qnae
849 1213 958 1271 reverti
981 1213 1113 1290 cupiunt,
1136 1229 1237 1271 secum
1260 1210 1352 1273 habe·

341 1302 417 1364 bont
449 1310 479 1363 et
507 1304 550 1362 sic
579 1299 743 1381 habebunt,
770 1308 805 1360 nt
831 1316 991 1377 numquam
1015 1317 1074 1359 non
1097 1298 1237 1380 habeant,
1264 1318 1352 1361 num-

343 1409 429 1470 quam
458 1408 492 1451 ca
518 1407 642 1469 prorsus
670 1387 715 1449 vel
743 1387 778 1448 ad
802 1390 942 1466 exiguum
965 1387 1127 1466 quamlibet
1149 1396 1268 1468 tempus
1291 1388 1355 1449 nlla

292 1494 324 1539 ιο
343 1488 438 1539 morte
462 1479 618 1557 deponant.

707 1737 825 1804 Onrur
848 1735 983 1801 XXVII.

342 1868 388 1928 De
411 1868 577 1927 contrariis
599 1866 823 1938 definitionibus
845 1866 981 1925 Plutonis
1004 1872 1095 1940 atque
1118 1866 1295 1943 Porphyrii,
1319 1872 1355 1928 in

395 1956 503 2029 quibus
524 1957 553 2015 st
573 1960 701 2028 uterque
723 1956 966 2102 uttqdrgvicaerqqret,
990 1970 1010 2014 a
1032 1957 1161 2015 veritme
1183 1962 1293 2016 neuter

292 2177 324 2226 15
433 2165 546 2244 Singuli
579 2165 722 2243 quaedam
757 2164 897 2225 dixerunt
925 2163 1007 2224 Plato
1037 2174 1124 2242 atque
1154 2164 1355 2247 Porphyrius,

344 2271 418 2333 quae
441 2256 467 2314 si
485 2254 563 2313 inter
582 2271 615 2313 sc
634 2255 852 2313 communicare
874 2255 1051 2335 potuissent,-
1074 2253 1144 2313 lacti
1166 2262 1268 2314 essent
1291 2255 1352 2314 ior·

342 2350 420 2403 tasse
451 2340 618 2402 Christiani.
666 2340 748 2401 Plato
778 2340 852 2401 dixit
880 2342 944 2400 sinc
974 2340 1150 2420 corporibus
1177 2343 1290 2402 animas
1319 2346 1354 2403 in

342 2437 496 2490 aeternum
520 2447 585 2489 esse
609 2447 668 2489 oon
690 2447 786 2508 posse.
831 2428 901 2488 ideo
924 2431 1004 2488 enim
1026 2428 1100 2489 dixit
1121 2431 1210 2489 etiam
1234 2432 1351 2509 sapien·

343 2528 406 2578 tum
438 2520 549 2578 animas
580 2525 648 2597 post
680 2516 840 2595 quamlibet
871 2516 991 2595 longum
1022 2525 1154 2596 tempus,
1185 2527 1285 2579 tamen
1314 2519 1354 2579 ad

292 2618 325 2666 20
343 2623 467 2685 corpora
495 2605 650 2666 redituras.
695 2604 877 2685 Porphyrius
905 2613 1004 2664 autem
1033 2603 1106 2665 dixit
1129 2607 1256 2666 animam
1279 2626 1351 2685 pur-

343 2695 531 2773 gatissimam,
553 2711 622 2754 cum
641 2693 763 2754 redierit
784 2693 819 2753 ad
843 2692 971 2773 Patrem,
994 2692 1030 2752 ad
1052 2691 1126 2752 haec
1148 2693 1223 2753 mala
1246 2693 1353 2756 mundi

344 2799 503 2859 numquam
523 2799 588 2841 esse
607 2782 777 2842 redituram.
823 2782 864 2841 Ac
882 2798 936 2860 per
959 2780 1025 2861 hoc,
1048 2780 1126 2859 quod
1151 2800 1254 2842 verum
1277 2782 1355 2844 ridit

343 2868 435 2948 Plato,
458 2871 483 2929 si
501 2868 631 2928 dedisset
648 2869 821 2950 Porphyrio,
844 2871 932 2929 etiam
951 2871 1096 2930 iustorum
1120 2876 1208 2949 atque
1231 2873 1350 2950 sapien-

344 2966 407 3017 tum
434 2958 656 3036 purgatissimas
685 2960 796 3017 animas
823 2955 859 3016 ad
889 2957 1016 3017 humana
1038 2974 1163 3036 corpora
1186 2958 1353 3039 redituras,

292 3056 451 3105 aurursus
482 3044 561 3123 quod
594 3062 695 3105 verum
727 3045 799 3105 vidit
835 3044 1030 3124 Porphyrius,
1062 3043 1194 3105 dedisset
1224 3045 1353 3127 Platoni,

344 3150 504 3211 numquam
522 3132 669 3193 redituras
687 3132 723 3193 ad
747 3135 881 3193 miserias
904 3131 1106 3211 corruptibilis
1129 3136 1264 3213 corporis
1287 3138 1351 3195 ani-

344 3238 406 3279 mas
433 3228 561 3299 sanctas,
593 3227 627 3281 nt
654 3237 714 3280 non
741 3220 850 3299 singuli
877 3219 950 3281 haec
973 3220 1103 3301 singula,
1134 3220 1295 3282 sed‘ambu
1320 3233 1353 3283 et

344 3307 453 3386 singuli
481 3316 639 3387 utrumque
668 3307 814 3369 dicerent:
841 3317 914 3388 puto
943 3308 1023 3389 quod
1045 3308 1180 3369 viderent
1202 3327 1268 3370 esse
1292 3313 1352 3370 iam

410 3429 644 3495 umam

412 3572 445 3618 15
468 3566 573 3635 singoli
595 3568 655 3623 ΒΑ
678 3568 798 3637 (itaq.);
823 3569 935 3638 singula
957 3570 1200 3641 Gffcbepval
1223 3576 1256 3624 18
1275 3578 1301 3625 et
1320 3577 1356 3625 23

260 3708 264 3717 ,
340 3652 499 3720 sapientum
509 3654 679 3725 RAGneq¹3
693 3653 778 3707 -bium
787 3655 871 3724 ubpv
884 3659 894 3726 Ι
908 3663 941 3711 25
952 3658 1076 3713 dedisset
1086 3648 1356 3727 RAGhepE‘m‘03

341 3738 365 3791 si
384 3740 446 3792 ded.
461 3738 613 3810 aopvutt
626 3744 635 3812 ΙΙ
648 3740 730 3795 Plato
750 3742 854 3809 Hoffm.
873 3761 963 3799 errore
981 3750 1085 3815 typoyr.
