3284 4459
762 465 783 506 S.
798 465 963 508 cucusum

736 691 854 769 Oneon
877 702 995 770 XXIV.

366 831 434 904 Qua
452 832 626 904 definitione
647 838 762 892 constet
774 835 883 908 populi
899 838 929 891 et
946 833 1152 908 reipublicae
1169 835 1371 908 nuncupatio·

391 935 458 980 nem
480 926 565 981 recte
586 921 647 980 sibi
666 937 728 981 aon
750 923 845 981 solum
868 920 1030 1001 Romanos,
1051 921 1107 980 sed
1128 924 1219 982 etiam
1241 938 1342 995 regna

739 1011 803 1068 olio
826 1011 993 1070 vindicare.

328 1159 343 1207 ⁶
452 1148 484 1209 Si
503 1158 600 1209 autem
619 1149 746 1229 populus
765 1167 824 1210 non
847 1151 914 1230 isto,
937 1148 989 1209 sed
1012 1149 1069 1209 alio
1092 1148 1250 1211 deliniatur
1273 1150 1372 1231 modo,

362 1237 443 1299 velut
470 1240 495 1298 si
524 1238 650 1299 dicatur:
680 1237 834 1320 „Populus
862 1245 907 1297 est
935 1245 1037 1298 coetus
1060 1237 1258 1299 multitudinis
1282 1241 1371 1299 ratio·

363 1326 437 1387 ualis
464 1344 565 1386 rerum
593 1344 666 1404 quas
693 1325 786 1405 diligit
813 1325 954 1387 concordi
983 1329 1190 1390 communione
1214 1323 1372 1408 sociatus“,

362 1417 505 1495 prolecto,
528 1422 562 1474 ut
584 1414 718 1474 videatur
740 1414 835 1492 qualis
858 1416 983 1492 quisquo
1007 1414 1135 1493 populus
1159 1417 1206 1496 sit,
1228 1414 1276 1475 illa
1300 1425 1373 1476 sunt

363 1503 512 1582 intuenda,
535 1520 610 1581 quae
630 1501 731 1581 diligit.
778 1502 988 1581 Quaecumque
1007 1511 1105 1564 tamen
1125 1503 1233 1582 diligat,
1257 1506 1282 1564 si
1302 1523 1369 1564 coe·

314 1602 344 1650 ιο
364 1601 412 1652 tus
440 1599 485 1652 est
512 1590 708 1651 multitudinis
732 1609 790 1651 non
814 1609 972 1671 pecorum,
1004 1591 1055 1651 sed
1079 1591 1265 1652 rationalium
1289 1610 1371 1652 crea·

364 1688 498 1740 tororum
526 1688 556 1739 et
583 1697 686 1739 eorum
715 1697 789 1757 quae
813 1678 907 1757 diligit
930 1679 1069 1739 concordi
1093 1683 1299 1741 communione
1324 1699 1371 1740 so-

364 1769 458 1828 ciatus
481 1775 535 1848 est,
558 1785 617 1827 non
636 1766 763 1827 absurde
786 1768 914 1846 populus
936 1777 1138 1847 nuncupatur,
1162 1777 1242 1829 tanto
1266 1771 1371 1847 utique

364 1855 483 1936 melior,
514 1863 624 1934 quanto
647 1857 677 1914 in
701 1855 888 1936 melioribus,
919 1862 1060 1933 tantoque
1084 1856 1228 1937 deterior,
1259 1866 1371 1936 quanto

365 1953 410 2004 est
427 1947 459 2004 in
478 1943 675 2005 deterioribus
694 1962 828 2004 concors,
874 1942 1044 2004 Secundum
1063 1945 1149 2004 istam
1167 1942 1372 2005 definitionem
1415 2011 1419 2019 ‚

314 2044 345 2092 15
365 2041 495 2093 nostram
523 2031 672 2092 Romanus
699 2031 826 2111 populus
853 2031 980 2112 populus
1008 2041 1054 2092 est
1081 2041 1111 2092 et
1138 2051 1188 2092 res
1218 2035 1282 2094 eius
1305 2037 1371 2094 sino

365 2121 547 2182 dubitatione
574 2138 624 2180 res
650 2120 776 2200 publiea.
823 2119 899 2190 Quid
927 2129 1025 2181 autem
1052 2122 1157 2200 primis
1187 2121 1372 2201 temporibus
1451 2168 1452 2181 ,

365 2212 426 2270 suis
454 2208 560 2288 quidve
588 2208 782 2288 sequentibus
808 2208 938 2288 populns
963 2207 1011 2268 ille
1036 2207 1172 2269 dilexerit
1203 2220 1233 2270 et
1260 2209 1371 2289 quibus

365 2297 497 2359 moribus
516 2297 551 2357 ad
569 2299 792 2357 cruentissimas
812 2298 973 2357 seditiones
992 2305 1081 2376 atque
1099 2297 1168 2357 inde
1192 2297 1227 2357 ad
1251 2300 1371 2359 socialia

365 2394 452 2466 atque
492 2385 585 2446 civilia
618 2383 691 2446 bella
724 2387 899 2466 perveniens
931 2388 1025 2464 ipsam
1057 2387 1261 2467 concordiam,
1295 2405 1371 2465 quae

312 2488 345 2536 ⁴20
365 2475 444 2535 salus
468 2483 514 2534 est
536 2474 662 2552 quodam
686 2474 772 2534 modo
801 2474 915 2553 populi,
943 2476 1059 2552 ruperit
1081 2482 1168 2552 alque
1192 2479 1372 2556 corruperit,

365 2570 490 2623 testatur
522 2561 658 2642 historia3
690 2561 726 2621 de
753 2580 810 2640 qua
839 2565 869 2621 in
896 2561 1142 2640 praecedentibus
1172 2561 1256 2622 libris
1279 2564 1371 2624 multa

365 2653 525 2730 posuimus.
571 2650 632 2709 Nec
661 2649 727 2709 ideo
746 2659 844 2710 tamen
867 2649 912 2710 vel
935 2652 1033 2728 ipsum
1056 2668 1115 2710 nou
1139 2669 1204 2711 esse
1227 2652 1371 2730 populum

365 2737 410 2797 vel
438 2739 502 2797 eius
530 2755 594 2797 rem
621 2737 745 2797 dixerim
773 2756 833 2797 non
861 2756 927 2798 esse
951 2738 1199 2820 rempublicam,
1230 2741 1371 2818 quamdiu

365 2834 464 2885 manet
487 2825 708 2904 qualiscumque
732 2825 883 2886 rationalis
905 2826 1103 2887 multitudinis
1125 2834 1244 2908 coetus,
1267 2847 1371 2888 rerum

313 2927 346 2975 25
367 2931 439 2992 quas
462 2913 556 2992 diligit
579 2913 718 2974 concordi
745 2916 952 2975 communione
980 2917 1117 2975 sociatus.
1163 2915 1248 2986 Quod
1271 2927 1370 2976 antem

366 3002 402 3062 de
425 3003 482 3065 isto
510 3001 619 3081 populo
646 3011 676 3062 et
699 3002 735 3063 de
763 3005 817 3062 ista
847 3021 879 3062 re
902 3002 1020 3083 publica
1042 3003 1114 3084 dixi,
1141 3003 1198 3064 hoc
1221 3003 1258 3065 de
1281 3005 1370 3066 dtbe·

366 3091 513 3150 niensium
542 3089 587 3150 vol
618 3108 874 3169 quorumcumque
904 3090 1099 3173 Graecorum,
1128 3091 1184 3152 boc
1213 3091 1250 3153 de
1277 3093 1370 3173 Aegy-

295 3177 297 3184 ’
366 3181 503 3258 ptiorum,
526 3178 583 3238 hoc
606 3178 642 3238 de
665 3178 713 3239 illa
736 3181 836 3259 priore
859 3178 1005 3259 Babylone
1029 3181 1229 3262 Assyriorum,
1252 3183 1370 3260 quando

366 3270 395 3327 iu
427 3267 517 3327 rebus
544 3265 669 3346 publicis
697 3269 759 3328 suis
787 3269 910 3346 imperia
936 3267 982 3328 rel
1009 3285 1097 3346 parva
1125 3269 1169 3328 vel
1199 3287 1302 3348 magna
1327 3282 1368 3330 te-

313 3370 347 3418 30
366 3364 504 3436 nuerunt,
527 3364 557 3414 et
575 3355 611 3415 de
630 3354 684 3414 alia
708 3373 892 3433 quacumque
915 3356 1038 3415 aliarum
1061 3359 1193 3434 gentium
1216 3358 1369 3437 intellegor

366 3443 474 3504 dixisse
505 3453 591 3521 atque
621 3445 757 3502 sensisse.
803 3442 986 3504 Generaliter
1009 3446 1117 3523 qqupe
1141 3447 1242 3505 civitas
1265 3449 1367 3526 impio-

366 3550 441 3611 rum,
464 3535 512 3592 cui
536 3550 594 3590 uon
613 3534 738 3609 imperat
756 3529 835 3590 Deus
857 3530 1025 3593 oboedienti
1048 3531 1113 3604 sibi,
1138 3543 1169 3594 ut
1192 3536 1368 3595 sacrificium

438 3743 470 3792 10
488 3735 695 3790 rationabilium
713 3733 768 3798 R¹;
787 3735 821 3800 cf.
841 3737 955 3822 379,1n

1448 2486 1450 2551 l

1447 2578 1449 2663 l

1446 2686 1448 2775 l

1445 2790 1447 2889 l

1443 2908 1446 3005 l
