3284 4459
358 518 422 583 134
588 545 594 557 ·
766 530 790 572 s.
808 529 974 573 ennnsnnn

357 671 437 746 ginta
454 676 526 747 tres,
548 667 594 727 vel
612 669 720 746 potius,
743 673 777 726 ut
795 668 870 726 ratio
893 665 1077 725 declaratura
1100 672 1154 744 est,
1178 667 1366 744 septuaginta

357 757 431 817 duae
450 764 553 836 gentes
572 754 753 832 totidemque
772 754 890 832 linguae
908 771 963 832 per
982 761 1077 814 terras
1100 770 1166 813 esse
1190 762 1366 832 coeperunt,
1459 750 1460 789 f

355 863 431 924 quiae
450 843 612 905 crescendo
631 851 661 902 et
679 841 790 902 insulas
809 841 1013 922 impleverunt.
1058 843 1172 906 tuctus
1194 848 1241 900 est
1264 851 1365 901 autem

358 949 501 993 numerus
528 933 660 1010 gentium
688 930 780 991 multo
810 931 935 1010 amplius
958 947 1046 1009 qnam
1068 929 1244 1008 linguarum.
1290 929 1365 991 Nam
1459 944 1460 1005 t

322 1030 387 1082 aet
422 1023 454 1082 in
490 1021 587 1081 Africa
624 1017 763 1080 barbaras
800 1028 903 1098 gentes
935 1020 966 1078 in
998 1035 1056 1078 arna
1089 1017 1188 1098 lingua
1219 1017 1365 1097 plurimas
1459 1078 1460 1087 ,

355 1111 498 1170 norimus.

749 1277 867 1346 (larun
887 1279 960 1344 Vll.

373 1411 421 1470 An
444 1425 530 1470 omne
553 1410 716 1470 bestiarum
737 1427 835 1483 oenus
857 1398 947 1469 etiam
969 1410 1186 1468 remotissimae
1209 1424 1229 1467 o
1252 1410 1346 1468 terris

423 1501 540 1559 insulae
563 1513 659 1558 exeo
682 1513 807 1557 numero
831 1498 1020 1573 occeperint,
1043 1499 1098 1571 qui
1119 1498 1150 1555 io
1174 1514 1252 1556 oreo
1276 1515 1295 1556 a

307 1597 337 1645 10
577 1588 685 1646 diluor'r’
706 1587 904 1645 inundatione
926 1591 1064 1645 servatus
1087 1590 1139 1645 est.

444 1709 482 1770 Et
505 1709 643 1774 ,homines
671 1708 789 1787 quidem
820 1707 1014 1786 multiplicato
1043 1725 1152 1786 genere
1176 1706 1303 1768 humano
1327 1709 1363 1768 ad

356 1797 467 1858 insulas
491 1797 694 1858 inhabitandas
719 1799 834 1873 navigio
857 1799 984 1857 transire
1008 1797 1153 1874 potuisse,
1181 1798 1248 1874 quis
1272 1795 1364 1856 ambi·

357 1881 426 1964 gat?
463 1885 521 1946 Sed
549 1887 681 1964 quaestio
710 1893 756 1945 est
782 1885 819 1944 de
847 1887 928 1944 omni
950 1902 1059 1963 genere
1082 1883 1257 1964 bestiarum,
1287 1902 1363 1963 quae
1459 1928 1460 1973 3

357 1972 413 2034 sub
437 1991 508 2034 eura
538 1973 690 2034 hominum
718 1991 777 2034 non
801 1981 871 2033 sunt
893 1991 989 2051 neque
1013 1974 1102 2033 sicuti
1124 1990 1213 2032 ranae
1237 1990 1363 2033 uasoun·
1459 1982 1460 2023 l

305 2076 336 2121 iu
358 2071 406 2122 tur
429 2081 465 2122 ex
484 2071 572 2141 terra,
595 2061 646 2122 sed
666 2061 727 2121 sola
750 2063 958 2122 commixtione
982 2062 1071 2122 maris
1094 2069 1125 2121 et
1146 2061 1271 2120 leminae
1295 2079 1363 2138 pro·
1459 2100 1460 2139 3

356 2158 515 2230 ungantur,
539 2152 615 2210 sieut
638 2149 699 2228 lupi
722 2159 810 2228 atque
835 2149 922 2209 liuius
945 2148 1024 2208 modi
1047 2156 1159 2227 cetera,
1193 2166 1252 2227 qun
1277 2149 1364 2209 modo

356 2248 424 2317 post
446 2237 602 2317 diluvium,
632 2256 691 2316 quo
722 2256 770 2316 ee,
800 2253 875 2316 quae
899 2239 932 2297 in
954 2255 1021 2297 area
1045 2255 1102 2296 non
1126 2245 1226 2317 erant,
1256 2248 1365 2303 cuneta,
1459 2252 1460 2257 ’

356 2326 451 2387 deleta
479 2334 563 2405 sunt,
593 2328 679 2387 etiam
708 2327 737 2385 in
768 2325 872 2385 insulis
895 2342 961 2385 esse
984 2327 1152 2405 potuerint,
1180 2327 1206 2384 si
1229 2335 1364 2404 reparata

357 2433 415 2476 non
447 2423 516 2474 sunt
546 2416 603 2474 nisi
633 2432 669 2473 ex
698 2413 762 2490 his,
792 2431 920 2490 quorum
945 2431 1054 2491 genera
1082 2415 1264 2490 inutraque
1288 2432 1363 2474 seru

303 2516 337 2564 20
357 2520 424 2563 area
452 2505 585 2564 servavit.
631 2501 758 2562 Possunt
787 2502 906 2579 quidem
938 2500 1020 2562 eredi
1042 2500 1078 2560 ad
1101 2499 1212 2560 insulas
1236 2503 1364 2567 natando

356 2593 507 2670 transisse,
530 2589 580 2650 sed
604 2591 760 2668 proximas.
806 2588 883 2654 Sunt
906 2599 1004 2650 autem
1027 2589 1170 2668 quaedam
1193 2599 1253 2650 tam
1276 2589 1363 2669 longe

355 2681 467 2758 positae
497 2697 513 2738 a
543 2676 763 2739 continentibus
796 2680 899 2756 terris,
928 2687 962 2737 ut
990 2676 1025 2737 ad
1053 2695 1103 2737 eas
1126 2676 1205 2737 nulla
1229 2676 1364 2738 videatur
1459 2726 1460 2731 1

357 2775 458 2826 natare
485 2769 616 2846 potuisse
644 2765 814 2826 bestiarum.
862 2765 946 2836 Quod
976 2769 1002 2825 si
1032 2765 1165 2825 homines
1189 2783 1238 2825 eas
1255 2775 1363 2847 'captas
1459 2784 1460 2815 1

357 2873 457 2915 seeum
486 2852 666 2914 advexerunt
695 2862 724 2913 et
751 2872 786 2913 eo
810 2853 897 2914 modo
921 2852 972 2914 ubi
994 2852 1289 2915 habitabant'earum
1313 2874 1363 2934 ge-

304 2957 337 3003 25
357 2960 428 3002 nera
451 2951 644 3002 instituerunt
665 2941 788 3002 venandi
817 2941 924 3022 studio,
947 2942 1011 3001 fieri
1033 2944 1165 3020 potuisse
1189 2942 1363 3004 incredibile
1459 2938 1460 3013 ἶ

357 3049 416 3090 non
444 3039 503 3110 est3
533 3032 665 3109 quamvis
693 3031 777 3090 iussu
804 3029 858 3090 Dei
885 3033 945 3090 sive
974 3032 1121 3108 permissu
1152 3031 1240 3089 etiarn
1270 3049 1362 3110 opere
1459 3030 1460 3035 ’

357 3119 527 3198 angelorum
546 3118 712 3198 negandum
731 3135 789 3178 non
809 3121 848 3179 sit
870 3120 1002 3198 potuisse
1025 3117 1189 3178 translerri.
1236 3117 1267 3178 Si
1290 3137 1363 3180 vero
1459 3162 1460 3187 2

357 3216 437 3268 terra
465 3214 583 3267 exortae
612 3215 681 3267 sunt
711 3206 875 3267 seeundum
902 3208 1045 3285 originem
1073 3207 1214 3284 primaru,
1245 3207 1364 3284 qnando

357 3294 430 3355 dixit
450 3294 541 3355 lleus:
565 3296 723 3356 Producat
744 3302 832 3356 terro
854 3298 985 3355 animam
1008 3297 1115 3372 vivom,
1139 3293 1231 3354 mrrltn
1254 3294 1365 3354 clarius
1459 3308 1460 3359 l

303 3396 338 3445 30
357 3391 479 3462 apparet
509 3400 567 3443 non
598 3392 657 3443 tarn
686 3382 919 3462 reparandorum
946 3381 1115 3443 animalium
1149 3399 1236 3442 eausa
1275 3397 1365 3460 quarn
1459 3366 1460 3399 ³

424 3497 468 3566 ne)
487 3491 555 3550 Gen.
576 3501 600 3562 1,
615 3501 658 3550 24.

425 3641 456 3689 11
476 3653 495 3688 o
512 3636 599 3690 uerbis
617 3635 653 3688 Et
671 3635 797 3690 homines
813 3679 818 3690 .
835 3680 841 3690 .
857 3637 919 3704 quis
938 3636 1083 3706 ambiget?
1110 3639 1191 3708 uulgo
1209 3639 1256 3692 VI.
1275 3630 1364 3708 onpiti
1459 3608 1460 3631 ³

352 3707 503 3762 subiunctis
521 3707 586 3760 VII.
605 3713 688 3774 eaput
705 3708 796 3774 incepi
814 3709 824 3776 ΙΙ
845 3711 972 3760 aeterra
993 3708 1150 3776 VRAFo3
1174 3726 1209 3763 ex
1230 3715 1306 3763 terre
1325 3728 1361 3780 p;

352 3781 443 3832 terrae
462 3777 501 3844 e¹;
520 3778 545 3830 et
562 3779 637 3831 terre
655 3776 693 3842 e¹3
718 3793 733 3830 e
752 3779 826 3832 terra.
847 3778 935 3848 Goon
