3284 4459
559 524 599 564 on
613 523 757 565 ominans
769 524 824 564 nm
836 524 863 565 n.
878 525 927 566 xv.
941 524 964 566 o
978 526 1011 566 ra.
1247 510 1290 576 83

281 657 335 717 nbi
359 656 569 736 superantibus
596 659 700 737 viginti
729 667 869 737 quattuor
891 660 977 719 annis
1000 677 1114 721 summa
1136 677 1196 719 non
1219 676 1289 720 con·

280 747 371 807 venit.
417 744 450 806 ln
479 745 660 826 bisantem,
687 748 719 807 in
747 746 855 824 quibus
878 748 1070 808 continuatur
1091 749 1185 826 ipsius
1208 766 1290 808 men·

282 833 418 895 dositatis
437 834 607 915 similitudo,
629 837 669 896 ita
693 842 727 896 ut
749 843 816 896 ante
840 837 973 915 genitum
994 835 1096 917 lilium,
1119 838 1170 915 qui
1192 837 1291 896 ordini

281 925 439 1004 inseritur,
466 922 535 983 alibi
562 924 714 1002 supersint
740 931 861 985 centum
888 925 971 1005 anni,
998 924 1067 984 alibi
1089 925 1200 1005 desint;
1222 931 1291 1004 post

282 1013 416 1090 genitum
449 1018 547 1071 antem
578 1011 630 1072 nbi
663 1011 786 1073 deerant
823 1012 986 1093 supersint,
1026 1011 1078 1073 ubi
1114 1021 1291 1092 supererant
1303 1022 1326 1072 'o

282 1099 395 1179 desint,
422 1108 456 1160 ut
483 1115 596 1160 summa
624 1102 791 1181 conveniat;
819 1109 850 1162 et
876 1100 934 1161 hoc
961 1103 992 1162 in
1014 1103 1122 1182 prima,
1152 1101 1290 1183 secunda,

282 1189 381 1268 tertia,
403 1195 516 1268 qrrarta,
535 1190 645 1269 quinta,
669 1191 795 1268 septima
816 1191 1006 1269 generatione
1025 1191 1188 1250 invenitur:
1211 1191 1289 1251 vide·

284 1275 461 1336 turbabere
480 1277 634 1358 quandam,
656 1279 682 1338 si
700 1277 759 1338 dici
775 1286 884 1357 potest,
905 1295 991 1338 error
1014 1280 1078 1356 ipse
1096 1281 1290 1339 constantiam

284 1381 342 1424 nec
363 1382 465 1424 casum
487 1364 610 1446 redolet,
633 1365 685 1427 sed
708 1365 892 1427 industriam.

372 1451 475 1531 ltaque
493 1452 542 1513 illa
561 1453 716 1514 diversitas
738 1471 932 1514 numerorum
954 1453 1040 1514 aliter
1062 1473 1095 1514 se
1118 1453 1290 1516 habentium
1310 1464 1344 1513 10

285 1542 316 1600 in
343 1539 495 1602 codicibus
523 1539 642 1603 Graecis
671 1551 700 1602 et
727 1541 854 1622 Latinis,
879 1541 965 1603 aliter
991 1545 1022 1602 in
1051 1542 1209 1622 Hebraeis,
1240 1543 1291 1604 ubi

285 1646 345 1690 non
368 1638 415 1691 est
436 1631 494 1690 ista
517 1629 552 1690 de
577 1637 697 1692 centum
720 1632 805 1690 annis
827 1632 911 1709 prius
934 1631 1040 1692 additis
1064 1639 1094 1692 et
1116 1639 1218 1710 postea
1241 1631 1290 1692 de-

284 1719 387 1778 tractis
410 1736 465 1796 per
483 1724 527 1779 tot
549 1721 756 1797 generationes
778 1720 948 1779 continuata
969 1718 1110 1801 parilitas,
1132 1737 1187 1780 nec
1210 1719 1291 1781 mali-

284 1808 342 1866 tiae
366 1805 542 1866 ludaeornm
564 1824 620 1867 nec
643 1806 810 1886 diligentiae
843 1806 887 1866 vel
909 1807 1083 1886 prudentiae
1107 1810 1291 1887 septuaginta

284 1897 490 1972 interpretum,
513 1894 565 1955 sed
584 1897 738 1975 scriptoris
757 1894 905 1956 tribuatur
927 1897 1032 1976 errori,
1055 1899 1107 1974 qui
1128 1897 1165 1956 do
1189 1896 1345 1957 biblio-15

284 1982 371 2044 theca
398 1981 561 2061 supradicti
587 1985 666 2063 regis
694 1982 827 2044 codicem
854 1983 1080 2045 describendum
1107 1987 1221 2064 primus
1244 2003 1291 2046 ao·

284 2072 375 2150 cepit.
419 2070 493 2131 Nam
520 2073 607 2132 etiam
636 2090 729 2152 nunc,
756 2071 808 2132 uhi
835 2074 952 2132 numeri
979 2090 1039 2133 non
1062 2073 1175 2133 iaciunt
1195 2075 1291 2135 inten-

285 2167 351 2220 tum
383 2158 419 2219 ad
451 2158 574 2242 aliquid,
617 2160 696 2239 quod
728 2160 811 2221 facile
844 2162 939 2239 possit
969 2160 1100 2241 intellegi
1135 2161 1181 2223 vel
1213 2160 1291 2241 quod

285 2255 425 2326 appareat
439 2246 551 2309 utiliter
565 2248 648 2330 disci,
667 2258 697 2308 et
712 2248 902 2328 neglegenter
916 2249 1126 2310 describuntur
1144 2260 1175 2310 et
1192 2250 1290 2330 neglc-

285 2338 405 2415 gentius
434 2335 636 2398 emendantur.
683 2336 756 2408 Quis
786 2339 865 2398 enim
895 2336 952 2398 sibi
979 2339 1127 2398 existimet
1154 2355 1220 2398 esse
1247 2337 1290 2398 di·
1310 2347 1344 2396 ‘to

286 2424 445 2505 scendum,
478 2433 550 2503 quot
580 2424 658 2486 milia
690 2425 841 2485 hominum
874 2425 970 2486 tribus
1001 2423 1091 2486 lsrael
1123 2424 1293 2505 singillatim

285 2511 395 2573 habere
414 2510 597 2591 potuerunt?
620 2515 758 2592 quoniam
776 2513 919 2593 prodesse
943 2513 1051 2592 aliquid
1075 2532 1134 2574 non
1156 2522 1292 2595 putatnr;

285 2609 317 2662 et
340 2609 448 2680 quotus
471 2603 597 2679 quisque
619 2600 772 2662 bominum
795 2610 855 2683 est,
877 2601 926 2662 oui
948 2601 1133 2680 profunditas
1156 2602 1291 2663 utilitatis

286 2689 375 2750 hrrius
396 2685 555 2768 appareat?
590 2688 645 2750 Hic
673 2706 752 2770 vero,
775 2689 827 2750 tibi
849 2707 904 2768 per
927 2697 972 2749 tot
994 2698 1147 2750 contextas
1169 2708 1290 2769 genera-

284 2781 382 2839 tiones
414 2784 534 2838 centum
566 2779 634 2837 anni
665 2775 735 2838 alibi
767 2777 887 2858 adsunt,
918 2776 987 2838 alibi
1016 2776 1136 2858 desunt,
1164 2786 1293 2859 etpost
1311 2787 1344 2837 25

284 2875 397 2947 natum,
420 2867 471 2944 qud
494 2865 768 2926 commemorandus
791 2866 901 2945 lauerat,
923 2865 1016 2926 fllium
1039 2865 1147 2926 desunt
1169 2865 1220 2927 arbi
1242 2867 1291 2927 ad-

285 2956 416 3034 luerunt,
440 2952 547 3014 adsunt
564 2952 616 3014 ubi
634 2952 802 3035 doluerunt,
824 2962 859 3015 nt
876 2971 989 3014 summa
1012 2953 1184 3030 concordet,
1206 2957 1291 3015 nimi·

285 3061 353 3104 rum
377 3060 446 3104 cnm
468 3040 556 3103 uellet
578 3041 772 3123 persuadere,
799 3044 851 3120 qni
872 3041 929 3102 hoc
952 3042 1036 3122 lecit,
1064 3042 1131 3103 ideo
1154 3061 1291 3104 numero·

285 3133 419 3192 sissimos
451 3147 543 3190 annos
580 3132 687 3190 vixisse
719 3132 874 3210 antiquos,
905 3130 984 3208 quod
1018 3147 1070 3191 eos
1101 3129 1291 3192 brevissimos

285 3217 504 3300 nuncupabant,
527 3226 557 3278 et
579 3218 636 3279 hoc
658 3217 695 3278 de
719 3221 887 3279 maturitate
910 3217 1084 3300 pubertatis,
1107 3236 1164 3297 qna
1186 3219 1291 3280 idonea
1310 3232 1344 3280 aa

285 3308 338 3368 lilii
361 3310 569 3387 gignerentur,
597 3313 756 3366 conaretur
779 3305 949 3380 ostendere,
979 3313 1068 3386 atque
1091 3306 1157 3367 ideo
1180 3308 1292 3369 inillis

286 3403 406 3456 centum
433 3395 518 3455 annis
545 3395 648 3455 decem
678 3402 795 3455 nostros
826 3392 1018 3454 insinuandos
1047 3403 1167 3473 putaret
1196 3398 1291 3456 incre·

286 3483 377 3564 dnlis,
404 3501 441 3543 ne
469 3482 602 3542 homines
630 3481 741 3542 tamdiu
768 3484 876 3541 vixisse
905 3485 1036 3561 recipere
1065 3482 1206 3542 insulem
1230 3483 1291 3543 nol·

286 3571 357 3653 lent,
379 3569 489 3632 addidit
512 3579 644 3652 centum,
674 3569 727 3630 nbi
749 3569 903 3650 gignendis
925 3571 993 3630 liliis
1015 3569 1142 3630 habilem
1165 3588 1224 3631 non
1245 3572 1291 3631 in·

287 3786 323 3836 84
346 3715 373 3836 57
391 3709 492 3777 quinta
506 3711 586 3763 sexto
600 3711 669 3778 sepi.
686 3706 789 3776 Vota
804 3710 884 3762 sexta
898 3708 913 3761 b
926 3725 985 3778 sup.
1001 3710 1066 3775 ΗΜ
1078 3709 1125 3762 aad
1137 3709 1172 3774 ot.
1188 3711 1294 3774 76‚at;

1047 3866 1081 3918 6*
