3284 4459
526 522 567 563 oa
581 522 908 568 omrsrnombnv.
922 525 945 566 c.
960 527 1040 568 121³.
1247 512 1289 579 31

683 704 801 773 Oneon
825 707 897 774 XII.

343 816 395 910 De
417 822 565 893 qualitate
582 820 707 894 peccati
728 821 878 895 oprimis
899 822 1069 883 bominibus
1091 824 1223 884 admissi.

371 939 404 1001 Si
431 958 520 1019 qrrem
548 958 617 1001 vero
645 950 743 1003 movet
749 990 759 1024 ,
786 959 843 1003 our
868 942 933 1002 aliis
962 946 1092 1022 peccatis
1119 946 1163 1006 sio
1185 952 1291 1007 natura

279 1047 341 1091 non
366 1036 499 1090 mutetur
526 1029 666 1109 bumana,
694 1027 842 1109 quemad
865 1030 985 1091 modum
1008 1031 1056 1093 illa
1078 1032 1207 1094 dirorum
1229 1036 1291 1112 pri-

281 1134 399 1177 morum
427 1116 581 1178 bominum
612 1120 863 1196 praevaricatione
896 1128 1008 1180 mutata
1037 1129 1095 1202 est,
1129 1128 1163 1182 ut
1192 1129 1326 1182 tantaeo

282 1206 477 1287 corruptioni,
500 1214 639 1284 quantam
657 1206 791 1268 videmus
809 1213 898 1286 atque
917 1210 1071 1289 sentimus,
1093 1218 1124 1270 et
1141 1227 1196 1288 por
1214 1210 1291 1270 bane

282 1292 450 1354 subiaceret
473 1301 503 1353 et
525 1296 614 1355 morti
633 1310 667 1355 ao
688 1302 735 1355 tot
757 1297 900 1356 attentis
922 1303 1041 1376 tamque
1063 1300 1143 1358 inter
1165 1316 1198 1358 se
1221 1316 1290 1359 oon·

282 1384 382 1443 trariis
413 1380 642 1461 perturbaretur
677 1390 708 1444 et
739 1382 897 1445 fluctuaret
928 1384 1096 1466 affectibus,
1133 1386 1227 1464 qualis
1259 1388 1291 1447 in

281 1470 418 1550 paradiso
445 1477 513 1531 ante
540 1479 709 1552 peecatum,
738 1470 808 1533 lieet
838 1474 871 1531 in
902 1490 1028 1551 corpore
1055 1474 1173 1535 animali
1202 1482 1291 1555 esset,

282 1561 385 1638 utique
404 1575 464 1618 non
483 1558 540 1618 suit
561 1590 606 1605 -α
628 1562 654 1620 si
673 1561 740 1637 quis
758 1559 814 1620 boe
833 1569 978 1642 movetur,
1000 1569 1035 1622 ut
1052 1561 1121 1642 dixi,
1143 1580 1204 1623 non
1221 1563 1290 1623 ideo
1311 1573 1343 1622 10

280 1646 370 1708 debet
393 1648 561 1707 existimare
591 1646 655 1709 leva
678 1664 857 1726 separaum
881 1648 952 1708 illud
975 1648 1068 1709 inisse
1091 1652 1291 1731 commissum,

281 1738 349 1815 quia
369 1737 400 1795 in
420 1752 488 1795 esca
506 1735 615 1796 iactum
639 1743 694 1815 est,
717 1754 777 1796 non
796 1736 916 1815 quidem
939 1736 1014 1797 mala
1037 1755 1092 1797 neo
1114 1740 1210 1818 noxia,
1233 1740 1291 1799 nisi

281 1827 350 1904 quia
377 1822 538 1904 prohibita3
571 1842 668 1902 neque
697 1825 775 1884 enim
803 1827 961 1905 quicquam
990 1824 1058 1885 mali
1080 1824 1159 1885 Deus
1186 1828 1217 1886 in
1241 1826 1290 1886 illo

279 1920 381 1974 tantae
410 1910 558 1972 felicitatis
580 1911 647 1972 loeo
670 1920 786 1973 crearet
809 1920 898 1992 atque
920 1913 1074 1992 plantaret.
1121 1912 1178 1974 Sed
1202 1913 1290 1974 oboe-

280 2001 392 2061 dientia
411 1998 615 2060 commendata
633 2008 679 2061 est
697 2002 728 2060 in
746 2009 916 2082 praecepto,
939 2018 1015 2081 quae
1037 2004 1132 2062 virtus
1155 2004 1186 2063 in
1209 2020 1290 2063 crea·
1309 2013 1344 2063 15

280 2097 349 2150 tura
371 2086 506 2148 rationali
529 2095 624 2149 mater
645 2088 772 2167 quodam
796 2090 884 2149 modo
907 2097 953 2150 est
975 2092 1107 2150 omniurn
1130 2099 1291 2169 custosque

280 2180 437 2257 virtutum3
463 2174 587 2253 ¹quando
621 2175 740 2254 qrridem
772 2179 813 2238 ita
840 2178 916 2238 iacta
944 2186 1002 2258 est,
1029 2186 1066 2238 ut
1092 2181 1120 2239 ei
1143 2178 1290 2239 subditam

282 2282 348 2326 esse
372 2267 411 2325 sit
434 2262 520 2343 utile3
548 2264 749 2343 perniciosum
772 2275 871 2327 autern
894 2283 991 2348 snam,
1021 2284 1081 2327 oon
1103 2268 1169 2328 eius
1191 2285 1209 2327 a
1231 2286 1291 2346 quo

282 2361 381 2415 creato
413 2359 460 2413 est
486 2352 584 2413 faeere
612 2351 805 2414 voluntatens·
851 2352 915 2414 Hoc
943 2356 1043 2432 itaquo
1073 2355 1110 2414 de
1141 2373 1202 2415 uno
1232 2355 1291 2416 eibi

281 2458 391 2520 genere
419 2457 479 2501 non
511 2438 639 2513 edendo,
667 2439 719 2503 ubi
747 2442 872 2502 aliorum
900 2450 980 2502 tanta
1003 2444 1088 2521 eopia
1110 2442 1290 2525 subiacebat,
1308 2456 1344 2504 20

281 2528 429 2590 temlero
451 2536 644 2607 praeceptum
667 2528 703 2588 ad
727 2529 952 2611 observandum,
974 2538 1034 2590 tam
1058 2529 1147 2591 breve
1170 2529 1206 2590 ad
1231 2550 1289 2591 me·

282 2618 378 2677 moria
395 2616 593 2696 retinendum,
615 2615 667 2677 ubi
689 2619 866 2697 praesertim
888 2616 1020 2679 nondum
1043 2618 1186 2679 voluntati
1209 2622 1291 2698 cupi·

282 2705 360 2766 ditas
379 2703 544 2785 resistebat,
567 2703 646 2783 quod
665 2703 703 2765 de
720 2722 816 2785 poena
834 2708 1079 2785 transgressionis
1096 2715 1199 2786 postea
1222 2706 1290 2768 sub·

283 2801 419 2855 secutum
442 2802 501 2873 est,
531 2800 612 2853 tanto
635 2795 746 2854 maiore
769 2796 914 2854 iniustitia
936 2794 1076 2855 violatum
1098 2802 1158 2877 est,
1180 2803 1290 2876 quanto

282 2881 414 2944 faciliore
437 2889 539 2961 posset
562 2880 747 2943 observantia
770 2882 923 2943 custodiri.
1309 2895 1343 2944 25

671 3069 790 3137 Oaros
812 3071 902 3137 XIII.

320 3182 411 3256 Quod
431 3184 465 3241 in
482 3184 753 3258 praevaricatione
774 3180 862 3243 Adae
884 3186 1093 3258 optematum
1116 3188 1255 3246 voluntas

623 3272 831 3346 praecesserit
852 3274 941 3331 mala.

370 3392 403 3453 ln
422 3392 538 3453 oretrlto
556 3399 656 3457 antem
674 3390 743 3452 mali
760 3409 826 3452 essa
849 3402 1023 3475 coeperunt,
1045 3402 1079 3455 ut
1101 3396 1132 3455 in
1156 3404 1287 3474 apertam

280 3480 529 3543 inoboedientiam
560 3478 759 3543 laberentun
793 3478 859 3541 Non
891 3483 969 3541 enim
1001 3481 1038 3542 ad
1070 3481 1179 3543 malum
1211 3501 1286 3561 opos
1306 3495 1341 3543 30

350 3650 417 3699 iat
438 3645 530 3699 editae·
554 3646 590 3712 1⁷3
612 3643 697 3713 primi
719 3643 843 3698 hominis
864 3644 975 3713 peceati
998 3644 1114 3698 admissi
1128 3660 1184 3713 pq3
1207 3645 1292 3713 primi

275 3715 389 3787 peccati
406 3731 458 3783 per
474 3713 618 3769 hominem
636 3715 710 3770 adm.
729 3732 745 3769 v
763 3716 773 3785 b
792 3719 806 3767 i
826 3717 856 3770 et
872 3716 957 3769 morti
982 3716 1176 3783 Vasates·
1194 3717 1222 3769 st
1240 3732 1291 3770 om.

276 3789 339 3843 abo
352 3788 361 3857 11
376 3792 409 3840 27
424 3802 493 3855 opus
505 3789 542 3853 V3
558 3784 594 3839 ed
606 3802 745 3855 opuquo
758 3788 768 3855 ΙΙ
782 3790 815 3841 28
825 3786 1010 3855 praecesserit
1020 3788 1057 3852 1⁷3
1070 3785 1223 3854 praecessit
1228 3802 1292 3854 qu
