3284 4459
546 502 587 542 nn
601 501 745 543 murrina
757 502 812 542 nur
825 502 851 543 n.
865 502 927 544 xxi.
942 503 965 545 o.
979 504 999 545 a.
1012 506 1031 543 r.
1172 503 1176 509 '
1223 489 1287 555 491

282 635 340 696 Sed
373 638 555 697 convicimus
590 653 643 697 cos
678 638 709 696 in
743 636 918 697 duodecimo
951 638 1040 698 huius
1073 640 1172 717 operis
1204 638 1289 718 libro,

281 723 390 784 habere
420 727 532 784 animas
564 724 728 785 secundum
756 726 837 804 ipsos
865 725 900 785 ab
929 728 1008 786 omni
1037 730 1125 787 etiam
1155 730 1289 806 corporis

280 812 346 872 labe
369 821 510 891 purgatas
533 811 626 873 diram
650 812 856 893 cupiditatem,
881 832 938 892 qua
961 832 1066 875 rursus
1090 816 1236 894 incipiunt
1258 818 1288 876 in

280 918 407 979 corpora
434 900 507 961 velle
537 903 655 961 reverti.
701 900 757 961 Ubi
786 910 885 968 autern
913 910 1012 981 potest
1038 921 1104 963 esse
1135 904 1289 983 cupiditas,

280 990 415 1067 prolecto
443 990 531 1050 ctiam
559 988 643 1049 dolor
672 998 779 1068 potest.
825 990 977 1051 Frustrata
1001 993 1110 1069 quippe
1130 992 1324 1072 ,cupiditas,5

280 1079 342 1137 sire
373 1095 432 1136 non
459 1077 658 1156 perveniendo
689 1095 748 1155 quo
781 1077 921 1138 tendebat
952 1080 1013 1139 sive
1041 1080 1201 1139 amittendo
1231 1098 1289 1159 quo

252 1198 254 1202 ·
279 1173 471 1245 pervenerat,
502 1168 629 1226 vertitur
660 1168 690 1225 in
723 1166 863 1227 dolorem.
910 1166 1097 1245 Quapropter
1129 1169 1154 1227 si
1186 1170 1290 1249 anima,

280 1271 356 1333 quae
375 1252 420 1313 vel
439 1253 500 1313 sola
518 1253 564 1313 vel
583 1257 706 1313 maxime
726 1254 814 1335 dolet,
837 1253 925 1315 habet
943 1264 1041 1316 tamen
1066 1255 1211 1333 quandam
1235 1274 1289 1335 pro

280 1361 335 1402 suo
365 1341 451 1401 modo
480 1342 721 1402 inmortalitatem
751 1362 849 1423 suam,
878 1361 936 1404 non
959 1342 1026 1404 ideo
1051 1345 1126 1404 mori
1148 1351 1291 1423 poterunt

279 1431 330 1491 illa
352 1448 484 1510 corpora,
507 1432 576 1508 quia
599 1430 748 1493 dolebunt.
793 1431 948 1492 Postremo
972 1434 996 1492 si
1021 1450 1145 1512 corpora
1168 1433 1342 1513 iaciunt,1o

280 1529 315 1579 ut
337 1520 450 1578 animae
469 1517 595 1599 doleant,
618 1537 673 1580 cur
692 1522 735 1579 eis
758 1520 890 1580 dolorem
913 1529 1048 1602 possunt,
1071 1528 1196 1581 mortem
1220 1539 1290 1581 vero

280 1608 391 1668 inferre
421 1624 481 1666 non
508 1615 650 1687 possunt,
681 1609 739 1667 nisi
768 1611 836 1686 quia
866 1626 925 1668 non
954 1617 1001 1669 cst
1023 1627 1225 1689 consequens,
1257 1618 1291 1670 ut

280 1704 406 1755 mortem
430 1696 517 1755 iaciat
539 1695 617 1773 quod
641 1694 774 1756 dolorem
796 1693 888 1758 iacit?
939 1696 999 1758 Cur
1022 1716 1092 1777 crgo
1116 1696 1289 1758 incredibile

280 1794 327 1845 est
353 1785 392 1843 ita
416 1786 499 1861 ignes
522 1782 580 1843 illis
603 1785 779 1862 corporibus
802 1784 933 1845 dolorem
957 1804 1044 1864 posse
1067 1787 1195 1867 inierre,
1230 1806 1289 1847 non

280 1879 420 1951 mortem,
453 1873 530 1931 sicut
556 1874 620 1949 ipsa
648 1890 773 1951 corpora
803 1873 903 1933 dolere
927 1876 1037 1933 animas
1062 1874 1186 1955 iaciunt,
1216 1892 1289 1953 quas
1310 1888 1342 1935 15

279 1967 380 2019 tamen
411 1978 470 2020 non
502 1960 568 2021 ideo
599 1964 676 2021 mori
708 1960 838 2041 cogunt?
892 1963 957 2025 Non
989 1972 1034 2025 est
1065 1968 1157 2043 igitur
1187 1982 1289 2025 neces·

280 2048 391 2107 sarium
413 2046 530 2107 futurae
554 2048 658 2107 mortis
680 2058 887 2126 argumentum
911 2048 1002 2109 dolor.

687 2271 803 2338 Osror
827 2272 882 2337 IV.

280 2402 327 2462 Dc
339 2402 534 2461 naturalibus
548 2405 700 2482 exemplat,
720 2418 849 2476 quorum
863 2405 1067 2463 consideratio
1082 2405 1191 2464 doceat
1200 2420 1290 2479 posse

396 2491 477 2549 inter
499 2493 657 2550 cruciatur
679 2492 809 2550 viventia
833 2506 965 2566 corpora
985 2508 1176 2566 permonere.
1307 2504 1341 2553 ao

369 2611 556 2691 Quapropter
580 2616 613 2693 si,
637 2620 670 2674 ut
693 2615 878 2691 scripserunt
901 2616 953 2692 qni
976 2622 1096 2675 naturas
1120 2615 1288 2676 animalium

280 2702 428 2761 curiosius
455 2700 644 2781 indagarunt,
673 2700 855 2761 salamandra
882 2703 912 2761 in
936 2700 1054 2781 ignibus
1077 2704 1147 2765 vivit
1170 2712 1201 2764 et
1224 2707 1287 2782 qui·

279 2789 347 2849 dam
370 2790 516 2848 notissimi
541 2788 656 2849 Siciliae
680 2799 804 2870 montes,
829 2791 880 2868 qui
902 2799 982 2850 tanta
1005 2793 1148 2870 temporis
1172 2792 1287 2855 diutur-

279 2879 371 2938 nitate
385 2895 419 2937 ac
433 2884 577 2937 vetustate
593 2895 687 2956 usque
707 2895 786 2938 nunc
804 2895 838 2937 ac
854 2877 994 2957 deinceps
1013 2878 1138 2940 flammis
1152 2889 1288 2942 aestuant

279 2974 368 3044 atque
398 2968 507 3043 integri
539 2973 742 3045 perseverant,
774 2968 845 3025 satis
876 2966 975 3026 idonei
1005 2975 1097 3029 testes
1126 2978 1195 3031 sunt
1228 2989 1286 3030 non
1306 2983 1340 3031 25

279 3071 380 3125 omne,
409 3052 487 3131 quod
512 3052 609 3133 ardel,
642 3052 756 3113 absumi
784 3063 815 3113 et
842 3058 937 3115 anima
965 3056 1076 3116 indicat
1107 3075 1166 3117 non
1191 3076 1287 3138 omne,

280 3141 359 3220 quod
378 3140 478 3201 dolere
497 3150 604 3222 potest,
626 3160 714 3221 posse
733 3144 821 3201 etiam
841 3145 929 3203 mori:
953 3143 1023 3221 quid
1042 3144 1138 3204 adhuc
1162 3162 1178 3205 a
1201 3144 1287 3206 nobis

279 3248 381 3290 rerum
404 3238 568 3308 poscuntur
591 3229 736 3310 exempla,
759 3229 867 3309 quibus
891 3230 1049 3291 doceamus
1073 3250 1131 3293 non
1155 3251 1219 3294 esse
1243 3236 1286 3293 in·

279 3317 429 3390 credibile,
453 3327 487 3378 ut
509 3317 659 3378 hominum
680 3336 804 3397 corpora
829 3322 1009 3398 sempiterno
1033 3319 1177 3400 supplicio
1201 3324 1285 3400 puni-

349 3437 374 3502 1)
393 3434 422 3487 L.
444 3440 477 3487 14
496 3432 524 3486 C.
545 3439 573 3500 33
593 3439 617 3487 5.
673 3440 699 3503 4)
719 3436 787 3488 Aen.
808 3440 833 3501 6,
850 3440 950 3503 720sq.

349 3554 364 3602 1
383 3547 548 3602 duodecimo
562 3564 627 3615 mom
644 3551 744 3616 quarto
759 3550 867 3603 decimo
882 3567 898 3605 o
913 3551 982 3619 (ipse
995 3552 1171 3621 Augustinus
1184 3553 1292 3607 videtur·

274 3622 391 3686 erronee)
413 3621 423 3689 {l
446 3624 461 3671 9
484 3620 636 3687 potuerunt
656 3620 751 3675 R¹Ab
774 3623 783 3690 ΙΙ
807 3625 839 3674 16
863 3623 958 3674 tamen
977 3621 1226 3692 Acaaoeppou
1243 3624 1289 3690 (cf.

274 3693 414 3757 4aa,11);
433 3689 620 3744 tormentari
639 3691 685 3758 (cf.
702 3695 768 3758 488,
782 3695 813 3757 8)
833 3693 841 3760 ΙΙ
861 3696 893 3745 16
914 3706 979 3761 crgo
997 3708 1014 3745 o
1032 3693 1041 3761 ll
1060 3698 1091 3745 21
1113 3694 1137 3745 si
1155 3695 1187 3747 ub
1207 3696 1289 3749 Rao-

275 3760 332 3816 sibi
349 3779 379 3832 93
398 3760 472 3814 sicui
490 3759 636 3829 AGabep
652 3763 662 3830 ΙΙ
681 3767 715 3814 24
734 3762 763 3815 ei
781 3762 870 3815 deinc.
890 3779 907 3816 o
