3284 4459
338 493 404 556 534
753 505 775 544 s.
790 502 955 546 ansusnnn

339 646 478 700 muerunt
509 638 558 699 illo
594 638 788 718 prophetante
820 648 994 718 venturum,
1027 638 1136 699 lactum
1169 646 1216 700 ost
1246 647 1352 700 tamen

338 728 418 807 quod
440 728 537 787 luerat
554 725 615 786 Deo
638 729 824 806 praesciente
847 726 1039 808 praedictum,
1063 730 1202 805 qnoniam
1225 736 1355 789 noverat
1467 744 1468 755 ¹

338 816 390 894 qui
411 814 566 895 praedixit,
589 833 648 893 quo
671 814 758 874 modo
781 816 812 874 in
836 814 942 875 melius
964 822 1044 875 esset
1066 814 1257 894 implendum.

425 902 465 963 Ut
494 911 595 983 autem
625 904 761 962 noverint
792 904 842 962 isti
873 905 903 963 in
937 920 1110 981 perversum
1139 904 1352 964 misericordes

302 1003 396 1070 aquo
419 994 567 1070 pertineat
589 991 668 1070 quod
692 993 836 1069 scriptum
860 998 918 1051 est:
950 992 1047 1063 Onam
1070 995 1164 1052 multa
1187 994 1350 1053 multitudo

339 1082 509 1142 dulcedinis
527 1087 607 1155 tuac,
629 1081 765 1153 Domine,
787 1096 878 1154 quarn
897 1080 1084 1140 abscondisti
1105 1082 1279 1141 timentibus
1302 1084 1351 1141 te!

337 1167 436 1247 legant
459 1168 537 1246 quod
559 1170 707 1247 sequitur:
730 1166 895 1242 Persecisti
915 1174 1016 1227 autem
1037 1170 1231 1245 sperantibus
1254 1170 1286 1229 in
1311 1178 1350 1230 te.

338 1256 416 1327 Quid
449 1264 494 1317 est
525 1258 713 1317 abscondisti
742 1257 928 1330 timentibus,
955 1254 1116 1331 perfecisti
1144 1258 1351 1333 sperantibus,

337 1346 396 1405 nisi
414 1346 483 1423 quia
500 1344 567 1424 illis,
589 1345 641 1422 qni
658 1346 765 1403 timore
785 1360 949 1421 poenarum
972 1360 1056 1403 suam
1079 1345 1221 1405 iustitiam
1245 1343 1352 1405 volunt

286 1443 321 1493 ιο
339 1435 521 1493 constituere
549 1450 624 1510 quae
648 1434 679 1491 in
701 1431 766 1510 lege
789 1438 849 1510 cst,
876 1448 936 1490 non
964 1438 1010 1490 est
1032 1432 1144 1491 iustitia
1167 1430 1221 1492 Dei
1243 1431 1351 1513 dulcis,

339 1522 408 1599 qnia
431 1523 570 1580 nesciunt
592 1515 678 1579 eam‘l
722 1518 788 1579 Non
816 1520 895 1578 enim
922 1527 1116 1597 gustaverunt
1138 1536 1210 1579 eam.
1257 1520 1290 1580 ln
1316 1540 1349 1580 se

339 1626 465 1686 namque
498 1614 635 1687 sperant,
668 1625 727 1667 non
756 1608 788 1667 in
814 1609 895 1685 ipso,
926 1615 957 1667 et
986 1606 1054 1667 ideo
1082 1608 1125 1667 eis
1155 1605 1351 1669 absconditur

338 1694 497 1757 multitudo
525 1694 690 1756 dulcedinis
712 1694 779 1775 Dei3
806 1697 945 1773 quoniam
973 1696 1080 1755 timent
1101 1696 1222 1773 quidem
1244 1696 1352 1778 Deum,

338 1782 391 1844 sed
413 1782 463 1842 illo
487 1785 593 1844 timore
616 1783 731 1863 servili,
753 1785 805 1861 qui
828 1800 887 1843 non
910 1789 957 1843 est
978 1784 1010 1842 in
1033 1785 1164 1863 caritate,
1188 1786 1256 1863 quia
1279 1803 1350 1863 per-

287 1882 320 1933 to
339 1872 416 1932 lecta
444 1873 553 1931 caritas
579 1872 658 1930 toras
688 1873 779 1931 mittit
808 1872 954 1931 timorem.
1000 1869 1069 1930 ldeo
1097 1871 1286 1950 sperantibus
1318 1876 1351 1933 in

339 1977 408 2019 eum
439 1960 556 2037 perficit
584 1958 770 2019 dnlcedinem
803 1976 889 2018 suam
920 1959 1091 2037 inspirando
1121 1962 1165 2019 eis
1195 1962 1352 2022 caritatem

339 2065 432 2126 suam,
454 2055 488 2107 ut
505 2050 611 2108 timore
631 2056 722 2127 casto,
745 2064 804 2106 non
828 2064 916 2124 quem
940 2048 1046 2107 caritas
1069 2048 1149 2107 foras
1173 2050 1272 2130 mittit,
1296 2050 1351 2109 sed

338 2142 530 2215 permanente
544 2137 576 2194 in
593 2135 743 2196 saeculum
762 2134 880 2213 saeculi,
900 2152 968 2194 cnm
987 2134 1159 2216 gloriantur,
1177 2139 1209 2197 in
1223 2136 1351 2197 lbomino

339 2223 512 2303 glorientur.
557 2223 671 2283 lustitia
699 2225 807 2301 quippe
836 2221 889 2281 Dei
917 2221 1052 2283 Christus
1081 2231 1142 2303 est,
1171 2227 1226 2299 pui
1243 2223 1352 2300 factus

286 2325 320 2373 20
339 2322 383 2374 est
405 2314 500 2387 nobes,
523 2313 601 2372 sicut
622 2309 694 2371 dicit
716 2309 880 2391 apostolus,
907 2313 1058 2387 sapientia
1081 2329 1102 2371 a
1124 2312 1188 2373 Deo
1210 2318 1243 2372 et
1263 2316 1350 2373 iusti-

339 2403 383 2462 tia
410 2407 440 2462 et
466 2402 669 2472 sanctificatio
696 2405 726 2459 et
752 2401 930 2473 redemptio,
961 2406 1009 2477 ut,
1040 2415 1128 2473 quent
1157 2402 1201 2460 ad
1227 2403 1350 2461 modum

338 2491 565 2565 scriptumest,
592 2491 647 2563 qui
665 2489 833 2568 gloriatur,
857 2489 887 2546 in
911 2488 1038 2547 Domino
1059 2490 1218 2561 plorietur.
1264 2488 1351 2549 Hanc

339 2574 392 2636 bei
419 2578 577 2657 iustitiam,
609 2593 697 2653 quam
727 2574 816 2635 donat
842 2576 935 2652 gratia
963 2576 1027 2634 sine
1056 2576 1183 2656 meritis,
1210 2579 1351 2638 nesciunt

338 2662 390 2742 illi,
413 2665 465 2741 qui
483 2681 566 2723 suam
584 2666 726 2723 iustitiam
746 2662 847 2722 volunt
866 2664 1056 2743 constituere,
1079 2671 1110 2724 et
1128 2664 1194 2725 ideo
1216 2666 1350 2726 institIae

286 2763 320 2811 25
340 2750 402 2831 Dei,
425 2750 503 2829 qnod
528 2761 574 2810 est
597 2750 748 2830 Christus,
771 2770 830 2810 non
854 2760 924 2810 sunt
946 2750 1081 2811 subiecti.
1126 2751 1160 2812 ln
1183 2770 1241 2830 qua
1262 2754 1349 2814 iusti·

338 2840 380 2898 tia
404 2847 450 2898 est
473 2838 563 2898 multa
587 2837 743 2899 multitudo
768 2838 933 2899 dulcedinis
956 2837 1025 2919 Dei,
1047 2847 1170 2919 propter
1194 2859 1281 2920 quam
1305 2842 1349 2902 di-

339 2927 417 2985 citnr
435 2928 465 2985 in
485 2926 610 3003 psalmo:
635 2928 760 2987 Gustare
778 2934 808 2988 et
830 2929 928 2988 uidete
946 2944 1037 3001 quant
1060 2930 1158 2989 dulcis
1182 2936 1227 2990 est
1245 2931 1348 2990 Durni-

339 3031 404 3073 nus.
449 3012 487 3073 Et
517 3013 592 3073 hanc
624 3014 742 3092 quidem
772 3016 803 3074 in
830 3014 885 3073 hac
917 3017 1154 3093 peregrinatione
1184 3026 1349 3097 gustantes,

339 3118 399 3162 nou
422 3101 457 3161 ad
481 3104 645 3162 satietatem
664 3112 824 3183 sumentes,
848 3104 996 3162 esurimus
1019 3121 1083 3162 eam
1106 3106 1205 3183 potins
1227 3123 1262 3164 ac
1285 3107 1350 3165 siti·

287 3202 323 3251 to·
340 3206 416 3269 mus,
438 3197 472 3250 ut
494 3207 529 3248 ea
551 3197 652 3268 postea
676 3198 857 3269 saturemur,
880 3207 948 3249 cum
971 3189 1135 3251 videbimus
1159 3209 1236 3271 eum,
1260 3194 1350 3254 sicuti

339 3285 397 3357 est,
429 3284 461 3338 et
486 3275 657 3356 implebitur
684 3277 762 3355 quod
792 3279 935 3356 scriptum
966 3286 1026 3338 est:
1058 3279 1244 3354 Suturabor,
1277 3298 1349 3342 cum

408 3430 434 3497 'li
452 3427 496 3482 Ps.
516 3433 559 3493 30,
573 3433 615 3480 20.
660 3431 704 3496 10)
722 3428 800 3480 Rom
823 3434 863 3493 10,
879 3434 902 3480 3.
950 3432 993 3499 15)
1014 3430 1195 3496 1.10.4‚18.
1242 3433 1348 3499 17)Ps.

337 3504 382 3639 gp,
395 3500 531 3636 poIonpp
541 3505 575 3621 21,
594 3498 654 3552 eor.
675 3504 699 3565 1,
714 3503 798 3567 eosq.
847 3501 891 3568 au)
910 3498 989 3553 Rem.
1010 3504 1052 3567 10,
1067 3506 1091 3554 a.
1138 3504 1181 3570 ne)
1201 3500 1244 3555 Pa.
1265 3508 1309 3569 ee,
1325 3510 1349 3558 a.

408 3766 424 3811 5
444 3776 547 3829 magna
565 3760 644 3813 mult.
663 3760 711 3815 be¹
728 3762 737 3828 ΙΙ
756 3765 771 3813 8
789 3764 979 3818 metuentibus
999 3766 1026 3818 A
1044 3767 1053 3833 ΙΙ
1073 3772 1105 3819 26
1125 3782 1228 3836 magna
1247 3769 1264 3823 b

387 4068 557 4135 A
