3284 4459
702 497 723 538 S.
736 498 901 540 attonsum

689 716 805 783 Cunus
828 717 900 784 XII.

293 848 407 909 Contra
430 850 600 909 calumnias
622 850 802 921 infidelium,
826 849 935 922 quibes
961 848 1149 909 Christianos
1173 852 1211 910 de
1234 868 1302 911 cre-

490 939 555 997 dito
578 938 684 996 cornis
707 939 935 997 resurrectione
957 939 1100 997 inrident.

381 1059 439 1121 Sed
457 1059 716 1139 scrupulosissime
735 1076 879 1137 quaerere
898 1068 929 1120 et
951 1058 1048 1140 fidem,
1070 1079 1128 1139 qua
1152 1062 1304 1123 credimus

256 1144 532 1209 or'esurrecturam
561 1165 695 1227 earnem,
724 1149 764 1207 ita
794 1147 964 1224 quaerendo
994 1147 1142 1209 adsolent·
1156 1151 1316 1211 inridere:

291 1245 393 1298 utrum
416 1237 494 1298 letus
518 1235 642 1296 abortiri
664 1244 836 1315 resurgaut;
866 1244 895 1295 ct
919 1238 1057 1314 quoniam
1081 1236 1224 1298 Dominus
1248 1241 1303 1300 ait:

290 1328 401 1399 Arnen,
433 1328 502 1387 dico
533 1327 630 1399 eoois,
664 1327 792 1400 capillus
824 1328 934 1400 eapitis
965 1328 1060 1387 nestri
1089 1343 1149 1386 non
1178 1329 1303 1403 peribit,

291 1423 392 1475 utrum
420 1422 532 1474 statura
560 1421 590 1473 et
617 1411 710 1472 robur
733 1412 863 1490 aequalia
891 1412 990 1473 futura
1014 1416 1073 1473 siut
1096 1414 1233 1475 omnibus
1263 1433 1303 1476 an

292 1501 424 1562 diversae
456 1519 614 1580 corporum
648 1502 835 1579 quantitates
882 1500 914 1561 Si
943 1504 1022 1561 enim
1053 1502 1213 1580 aequalitas
1243 1506 1302 1565 erit

241 1602 272 1649 ιο
292 1609 466 1669 corporum,
499 1588 577 1649 unde
609 1587 760 1649 habebunt
789 1589 868 1667 quod
901 1588 949 1649 hic
982 1608 1041 1650 non
1071 1589 1240 1652 habuerunt
1268 1595 1303 1653 in

291 1678 368 1739 mole
387 1681 520 1758 corporis
539 1677 580 1737 illi
595 1676 728 1756 abortivi,
747 1678 773 1736 si
791 1687 949 1756 resurgent
967 1687 997 1738 et
1014 1676 1092 1756 ipsi?
1128 1683 1187 1739 Aut
1201 1682 1227 1739 si
1241 1698 1301 1740 non

290 1776 462 1845 resurgent,
489 1768 558 1844 quia
586 1783 641 1825 nec
669 1768 729 1825 nati
757 1774 840 1846 sunt,
864 1765 916 1826 sed
940 1767 1039 1847 eliusi,
1064 1768 1187 1827 eandem
1211 1786 1299 1846 quae·

291 1857 418 1916 stionem
442 1854 478 1913 de
501 1853 630 1933 parvulis
654 1862 787 1932 versant,
810 1853 889 1913 trude
913 1854 970 1915 illis
993 1871 1132 1915 mensura
1156 1860 1304 1938 corporis,

292 1960 379 2021 quam
403 1960 483 2001 nrmc
506 1941 635 2001 defuisse
658 1942 808 2022 videmus,
831 1943 959 2023 accedat,
982 1961 1050 2003 cum
1073 1945 1104 2004 in
1128 1943 1182 2005 hac
1206 1952 1302 2005 aetate

239 2041 272 2089 15
291 2033 467 2091 moriuntur.
514 2028 616 2107 Neque
647 2032 726 2089 enim
758 2030 868 2090 dicturi
901 2048 1003 2092 sumus
1031 2049 1083 2091 eos
1110 2050 1170 2092 non
1201 2051 1301 2092 resur-

291 2127 441 2198 recturos,
464 2120 516 2196 qui
540 2136 599 2177 non
623 2118 717 2177 solum
741 2120 955 2199 generationis,
978 2138 1081 2179 verum
1105 2122 1193 2183 etiam
1218 2139 1300 2199 rege-

291 2209 453 2268 nerationis
472 2224 595 2285 capaces
613 2214 691 2266 sunt.
729 2206 841 2267 Deinde
860 2209 1052 2287 interrogant,
1071 2226 1160 2289 quem
1180 2209 1302 2269 modum

291 2299 354 2375 ipsa
382 2294 542 2373 aequalitas
569 2293 706 2354 habitura
733 2296 780 2355 sit.
827 2294 859 2355 si
882 2298 960 2355 enim
984 2304 1043 2355 tam
1066 2299 1164 2375 magni
1187 2306 1303 2358 ettam

290 2384 371 2463 longi
395 2392 484 2444 erunt
506 2400 624 2461 omnes,
647 2400 735 2460 quam
758 2383 881 2444 fuerunt
904 2386 1083 2462 quicumque
1106 2385 1154 2445 hic
1178 2386 1304 2447 inerunt

239 2484 272 2531 20
291 2475 410 2533 maximi
439 2481 527 2550 atque
550 2470 727 2550 longissimi,
756 2489 815 2531 non
839 2470 935 2531 solum
959 2471 995 2531 de
1018 2473 1160 2554 parvulis,
1187 2473 1239 2533 sed
1264 2474 1303 2535 dc

292 2561 427 2641 plurimis
456 2568 616 2641 quaerunt,
646 2559 724 2619 uude
751 2558 809 2619 illis
837 2577 1026 2621 accessurum
1054 2563 1110 2641 sit,
1142 2562 1221 2640 quod
1251 2563 1302 2623 hic

294 2649 397 2730 deluit,
420 2652 445 2708 si
463 2648 520 2708 hoc
540 2650 665 2726 quisque
685 2649 816 2728 recipiat,
840 2648 918 2725 quod
938 2648 986 2709 hic
1004 2647 1121 2730 habuit3
1144 2652 1170 2709 si
1192 2660 1304 2732 autem,

293 2736 371 2816 quod
400 2739 441 2796 ait
468 2734 631 2815 apostolus,
662 2754 841 2796 occursuros
869 2754 924 2795 nos
947 2752 1050 2797 omnes
1074 2740 1105 2797 in
1128 2754 1304 2800 mensnram

293 2828 402 2885 aetatis
421 2826 620 2901 plenitudinis
647 2824 772 2894 Christi,
795 2832 826 2883 et
847 2824 919 2885 illud
943 2823 1081 2887 alterum:
1109 2827 1188 2897 Quos
1206 2844 1301 2903 proe-

239 2924 272 2971 25
292 2916 455 2974 destinauit
467 2912 637 2988 conformes
649 2908 760 2989 (fieri)
775 2918 919 2987 imaginis
929 2917 989 2986 filii
999 2918 1056 2987 sni,
1072 2916 1116 2974 sic
1128 2912 1300 2992 intellegen-

291 3000 362 3061 dum
390 3009 449 3081 est,
476 3008 510 3059 ut
539 3004 651 3058 statura
680 3007 710 3058 et
738 2998 842 3059 modus
870 3002 1003 3079 corporis
1027 3000 1137 3062 Christi
1160 3004 1303 3085 omnium,

292 3091 398 3169 quiin
421 3106 512 3167 regno
536 3089 601 3147 eius
630 3096 731 3166 eruut,
758 3087 955 3148 humanorum
979 3106 1138 3168 corporum
1160 3092 1200 3151 sit
1221 3090 1302 3151 iutu-

291 3195 357 3239 rus:
379 3176 498 3258 „Multis
522 3179 588 3257 erit,
609 3177 757 3257 inquiunt,
780 3176 817 3235 de
840 3176 1040 3255 magnitudine
1065 3185 1095 3237 et
1117 3177 1303 3256 longitudine

293 3264 508 3326 detrahendum
535 3266 682 3344 corporis,
715 3273 744 3322 et
772 3263 824 3324 uhi
852 3266 908 3324 iam
938 3268 1008 3326 erit:
1040 3269 1169 3342 capillus
1191 3270 1303 3344 cepitis

239 3366 274 3415 30
294 3358 388 3415 vestri
417 3371 477 3415 non
506 3354 635 3429 peribit,
667 3355 692 3411 si
725 3351 762 3410 de
793 3354 857 3430 ipsa
884 3354 1018 3431 corporis
1047 3356 1210 3431 quantitate
1240 3364 1304 3415 tam

359 3468 385 3534 r)
403 3466 449 3519 Le.
470 3472 512 3532 21,
528 3471 568 3520 18.
620 3469 664 3537 24)
683 3466 754 3537 Eph.
774 3472 857 3535 4,13.
908 3470 952 3539 aa)
971 3468 1050 3522 Rom.
1071 3473 1096 3536 a,
1111 3474 1153 3521 ne.

358 3611 391 3656 22
420 3606 539 3673 recipiat
564 3608 661 3678 R¹b93
687 3608 806 3676 recipici
829 3608 1045 3679 R'AGnoepo
1070 3612 1079 3678 ΙΙ
1105 3615 1138 3663 25
1165 3609 1227 3663 fieri
1251 3611 1302 3665 Ru

289 3674 404 3730 Claram.
425 3677 518 3743 Irncif.
537 3681 604 3743 146,
622 3682 639 3731 7
657 3678 696 3732 H.
716 3682 797 3745 (593,
812 3682 858 3745 6);
880 3696 931 3733 orn.
950 3680 1140 3750 AGobeppo
1159 3683 1235 3747 (337,
1251 3685 1304 3748 18,-

288 3749 351 3811 535,
364 3749 419 3809 aa·
438 3750 500 3813 see,
514 3753 547 3813 1,·
566 3748 611 3800 no.
626 3751 662 3800 ra
680 3765 700 3801 o.
715 3751 753 3801 23
771 3751 852 3817 oreo)
