3284 4459
358 478 424 542 448
765 488 966 531 sanonsrnu

360 626 475 687 dubitat
504 626 603 686 dicere
633 624 830 703 perditionem
860 624 1006 703 suturam,
1038 641 1106 683 cum
1135 630 1233 683 tamen
1264 640 1370 683 eorum
1458 662 1459 669 κ

361 716 494 794 quamvis
517 716 548 773 in
572 715 702 773 aeternis
725 715 829 792 poenis
853 714 892 772 sit
916 729 1054 772 mansura
1077 720 1191 771 natura.
1239 710 1370 781 Quaerat

361 804 484 863 forsitan
507 802 627 881 aliquis,
650 803 677 862 si
699 810 767 881 post
789 801 899 861 iactum
922 800 1065 861 iudicium
1088 802 1145 861 iste
1169 800 1298 860 mundus
1322 818 1369 859 ar-

361 889 458 970 debit,
490 899 648 970 antequam
675 908 730 969 pro
757 889 808 949 illo
838 889 952 949 caelum
982 906 1091 949 novum
1122 896 1154 949 et
1183 896 1263 949 terra
1294 906 1371 948 nova

325 986 532 1059 creponatur,
554 997 589 1038 eo
613 980 679 1057 ipso
697 986 832 1057 tempore
856 976 1093 1056 conflagrationis
1117 978 1182 1037 eius
1205 975 1257 1037 ubi
1279 986 1371 1037 crunt

360 1069 464 1147 sancti,
486 1085 555 1127 curn
573 1084 625 1127 eos
643 1065 786 1127 habentes
809 1083 934 1145 corpora
957 1068 987 1126 in
1011 1064 1109 1144 aliquo
1133 1064 1281 1144 corporali
1302 1064 1370 1126 loco

360 1174 426 1217 esse
449 1174 573 1216 necesse
596 1158 642 1216 sit
687 1154 850 1215 Possumus
882 1152 1062 1233 respondere
1086 1154 1203 1214 tuturos
1227 1171 1279 1214 eos
1303 1171 1370 1214 esse

360 1247 391 1305 in
424 1244 629 1324 superioribus
659 1242 793 1322 partibus
799 1291 808 1323 ,
841 1260 900 1321 quo
928 1244 968 1302 ita
996 1260 1055 1301 non
1084 1243 1225 1303 ascendet
1252 1242 1369 1303 tiammo

360 1333 439 1394 illius
461 1332 604 1412 incendii,
631 1350 720 1410 quem
748 1330 927 1392 admodum
951 1348 1006 1390 neo
1030 1331 1108 1391 unda
1132 1330 1242 1391 diluvii.
1288 1330 1369 1391 Talia

309 1436 341 1484 10
361 1424 470 1501 quippe
492 1420 550 1481 illis
572 1422 694 1481 inerunt
716 1438 850 1499 corpora,
873 1427 907 1480 ut
929 1418 989 1480 illic
1012 1420 1081 1501 sint,
1104 1418 1156 1479 ubi
1179 1436 1245 1479 esse
1269 1418 1368 1479 volue-

361 1512 430 1571 riut.
477 1508 535 1569 Sed
562 1527 618 1568 neo
645 1510 744 1587 ignem
777 1508 1014 1585 conflagrationis
1044 1506 1124 1568 illius
1155 1509 1368 1586 pertimescent

360 1596 532 1658 inmortales
562 1604 650 1675 atquc
678 1596 919 1675 incorruptibiles
948 1596 1031 1677 laeti,
1062 1598 1088 1656 si
1115 1597 1248 1655 virorum
1276 1597 1369 1656 trium

361 1684 564 1764 corruptibilia
596 1702 720 1763 corpora
753 1693 842 1763 atquc
874 1683 1008 1745 mortalia
1040 1685 1072 1744 in
1104 1685 1219 1743 camino
1252 1684 1369 1745 ardenti

360 1772 471 1835 inlaesa
493 1775 591 1833 rivere
614 1781 783 1852 potuerunt.

309 2035 341 2082 tn
753 2012 873 2079 anur
892 2013 976 2079 XIX.

365 2145 446 2216 Quia
471 2147 622 2219 apostolas
649 2144 764 2203 Paulas
797 2142 1109 2204 Thessalonicensibus
1140 2146 1300 2219 scripserit
1332 2148 1371 2206 de
1458 2178 1459 2219 3

391 2230 634 2307 manifestatione
655 2232 848 2303 antichristi,
877 2234 964 2291 enias
992 2237 1106 2309 tempus
1129 2234 1193 2293 dies
1216 2233 1341 2293 Domini

759 2320 965 2393 subsequetur.

449 2442 555 2503 blultas
574 2442 755 2522 evangelicas
774 2441 1008 2521 apostolicasque
1028 2445 1189 2505 sententias
1208 2443 1245 2504 de
1268 2444 1367 2505 divino

309 2548 342 2596 20
361 2536 418 2593 isto
441 2532 551 2592 iudicio
575 2533 733 2591 novissimo
756 2530 840 2591 video
870 2530 942 2591 milri
966 2548 1031 2591 esse
1054 2532 1300 2614 praetereundas,
1330 2552 1368 2594 ne
1458 2536 1459 2619 ᾗ

361 2621 418 2680 hoc
450 2619 586 2679 volumen
617 2621 649 2679 in
681 2621 800 2680 nimiam
834 2618 1047 2698 longitudinem
1080 2620 1282 2702 provolvatur,
1315 2623 1368 2683 sed

361 2706 442 2767 nullo
465 2707 552 2767 modo
576 2713 622 2767 est
643 2706 878 2785 praetereundus
901 2706 1051 2785 apostolus
1074 2706 1199 2791 Paulus,
1222 2711 1273 2787 qui
1297 2714 1369 2771 scri·

362 2795 435 2855 bens
458 2794 493 2855 ad
517 2794 810 2856 Thessalonicenses:
838 2796 1005 2871 Ronanus,
1029 2798 1139 2877 inqurit,
1162 2814 1221 2872 aas,
1242 2796 1370 2874 fratres,

359 2901 417 2959 per
436 2885 596 2943 adventum
619 2882 742 2943 Domini
758 2887 857 2944 nostri
874 2884 953 2944 Iesu.
967 2884 1080 2944 Cbra'sti
1101 2891 1131 2946 et
1152 2894 1276 2947 nostrae
1299 2905 1370 2948 con-

310 2985 343 3033 25
360 2974 549 3047 precationis
568 2973 599 3031 in
618 2972 722 3046 ipsum,
745 2978 780 3031 nt
797 2988 857 3032 non
876 2975 935 3032 cito
954 2976 1133 3033 moveamini
1154 2981 1251 3034 mente
1272 2994 1372 3051 neque
1458 3010 1459 3021 κ

363 3061 543 3120 terreamini
568 3076 665 3133 nepae
683 3077 742 3135 per
768 3062 909 3136 spiritam
931 3078 1028 3135 neque
1047 3078 1105 3137 per
1128 3063 1251 3122 verbnm
1273 3082 1372 3139 neque

360 3166 419 3224 per
437 3149 596 3224 epistolam
614 3153 766 3222 tamqnam
782 3166 843 3225 per
859 3165 920 3221 nos,
943 3151 1033 3224 quasi
1050 3151 1140 3210 instet
1158 3152 1221 3211 dies
1240 3151 1370 3225 Domini,

363 3254 401 3296 ne
422 3238 490 3310 quis
506 3252 563 3297 aas
585 3238 713 3297 seducat
729 3240 789 3296 ullo
811 3238 915 3308 moda;
937 3239 1080 3313 quoniam
1101 3240 1162 3299 nasi
1183 3243 1301 3301 uenerit
1322 3259 1371 3301 re-

360 3322 439 3398 sima
457 3326 590 3399 primum
613 3329 644 3385 et
665 3327 816 3384 revelatus
837 3322 936 3399 fuerit
957 3326 1043 3386 bomo
1063 3329 1302 3402 peceati,1iiius
1327 3332 1371 3389 in-

430 3457 472 3518 14)
492 3452 562 3507 Dan.
583 3459 607 3521 3,
623 3458 656 3506 28
666 3470 707 3520 sq.

429 3614 444 3662 'l
469 3610 517 3680 sii]
541 3612 584 3663 esi
602 3609 644 3664 R¹
663 3612 673 3679 Η
694 3615 727 3662 12
751 3610 776 3662 si
796 3627 861 3678 mom
886 3611 959 3665 sicut
976 3630 993 3667 a
1013 3614 1022 3681 ll
1044 3619 1077 3665 ld
1100 3612 1204 3667 Paulus
1224 3630 1274 3669 om.
1295 3614 1347 3669 blt'
1363 3617 1372 3685 {l

359 3686 391 3734 17
411 3680 489 3733 cuius
506 3711 540 3720 -
557 3680 742 3747 subsequetur
759 3696 810 3734 cm.
830 3682 861 3735 E
877 3682 886 3751 ΙΙ
905 3687 937 3734 27
956 3699 1006 3750 per
1024 3700 1074 3737 nos
1093 3682 1303 3755 R¹AG¹e¹p¹p
1321 3702 1371 3741 sec.

359 3752 468 3817 Graec,
486 3765 538 3818 per
554 3766 605 3803 nos
623 3750 738 3803 missam
756 3749 1002 3823 R²0¹naoe¹9²o
