3284 4459
345 508 412 573 584
751 521 951 565 cannosum

346 660 479 737 quamvis
505 659 536 718 in
562 659 703 718 memoria
726 658 872 717 sacrificet
902 675 1019 737 eornm,
1046 660 1114 736 qnia
1137 657 1191 719 Dei
1214 660 1356 720 sacerdos

346 755 407 825 cst,
438 764 498 806 oon
531 746 658 806 illorum.
703 744 802 825 lpsum
840 762 910 805 vero
947 746 1124 807 sacrificium
1161 765 1270 826 corpus
1308 759 1357 809 cst

346 834 471 915 Christi,
499 834 578 912 quod
607 851 666 894 non
693 835 818 895 ollertur
845 836 931 915 ipsis,
958 836 1028 912 qnia
1055 834 1112 894 hoc
1141 844 1211 895 sunt
1234 844 1265 897 ct
1287 839 1356 915 ipsi.

346 922 461 994 Quibus
482 925 574 1001 igitur
595 924 695 1001 potius
713 922 896 983 credendum
918 930 964 983 εει
987 923 1128 983 miracola
1152 922 1357 985 facientibus?

311 1010 436 1071 uEisne
466 1013 518 1089 qui
544 1029 576 1071 se
602 1013 684 1091 ipsos
713 1010 814 1071 volunt
837 1009 940 1070 baberi
963 1011 1034 1071 deos
1057 1010 1094 1071 ab
1116 1010 1163 1073 bis
1186 1012 1296 1091 quibus
1319 1032 1356 1073 ea

347 1100 474 1180 iaciunt,
497 1118 532 1160 an
556 1101 600 1160 cis
623 1101 687 1180 qni,
710 1108 744 1160 nt
765 1102 796 1159 in
820 1098 914 1159 Deum
938 1098 1089 1181 credatur,
1112 1100 1192 1178 quod
1216 1110 1246 1161 et
1269 1100 1355 1162 Chri·

346 1196 410 1249 stus
442 1196 502 1269 est,
535 1188 646 1248 iaciunt
674 1187 816 1266 quidquid
845 1186 978 1248 mirabile
1008 1183 1143 1249 iaciunt?
1188 1188 1277 1250 Eisne
1302 1193 1356 1269 qui

345 1295 428 1338 sacra
458 1294 510 1336 sua
538 1278 625 1337 etiam
655 1278 778 1337 crimina
805 1294 858 1336 sua
888 1294 953 1336 esse
977 1274 1147 1357 voluerunt,
1174 1295 1211 1337 an
1235 1280 1278 1338 cis
1302 1280 1357 1357 qui

345 1384 400 1427 nec
422 1365 524 1426 laudes
552 1382 620 1425 suas
644 1363 745 1425 volunt
768 1383 833 1424 esse
857 1381 939 1424 sacra
963 1382 1029 1445 sua,
1059 1364 1111 1425 sed
1135 1373 1244 1447 totum,
1272 1367 1356 1445 quod

295 1467 325 1515 ιι)
345 1456 489 1514 veraciter
506 1452 671 1527 laudantur,
695 1452 730 1513 ad
754 1455 818 1513 eius
841 1451 963 1531 gloriam
985 1453 1131 1533 proficere
1154 1456 1184 1514 in
1208 1472 1267 1532 quo
1291 1454 1355 1515 lan·

345 1539 473 1604 dantur?
494 1543 525 1601 in
544 1541 668 1602 Domino
687 1544 796 1621 qnippe
814 1540 972 1602 laudantur
989 1542 1104 1602 animae
1128 1559 1240 1602 eornm.
1278 1540 1353 1603 Cre·

344 1632 447 1692 damus
479 1648 549 1709 ergo
580 1632 623 1689 cis
650 1638 681 1689 et
710 1648 778 1690 vera
805 1628 973 1691 dicentibus
1001 1637 1032 1689 et
1061 1631 1134 1689 mira
1165 1630 1353 1692 iacientibus.

344 1718 473 1781 Dicendo
496 1721 575 1778 enim
593 1736 662 1777 vera
680 1720 759 1797 passi
782 1727 860 1799 sunt,
883 1726 916 1778 ut
938 1720 1054 1797 possint
1077 1718 1173 1779 lacere
1198 1721 1280 1779 mira.
1318 1720 1354 1780 ln

344 1811 388 1869 eis
406 1808 483 1867 veris
502 1814 548 1867 cst
566 1808 768 1889 praecipuum,
790 1806 870 1885 quod
889 1804 1026 1866 Christus
1045 1809 1210 1867 resurrexit
1233 1825 1249 1866 a
1272 1826 1354 1867 mor-

293 1910 325 1957 15
344 1898 403 1958 tuis
426 1903 457 1954 et
478 1894 719 1955 inmortalitatem
741 1896 970 1955 resurrectionis
992 1896 1023 1954 in
1047 1912 1100 1954 sna
1123 1913 1212 1955 carne
1235 1898 1353 1975 primus

344 1982 481 2062 ostendit,
504 2000 591 2063 quam
611 1982 696 2042 nobis
715 1982 882 2044 adiuturam
905 1982 950 2042 vel
973 1984 1004 2042 in
1027 1984 1173 2062 principio
1197 1986 1265 2044 novi
1290 2003 1354 2045 sae·

344 2072 402 2133 culi
425 2071 471 2132 vel
492 2073 524 2131 in
546 2072 635 2132 buius
658 2072 716 2131 fine
738 2073 882 2150 promisit.

750 2310 868 2378 Garun
888 2312 942 2378 XI.

347 2445 459 2506 Contra
483 2444 668 2515 Platonicos,
690 2443 745 2516 qui
765 2442 803 2501 de
826 2443 1019 2503 naturalibus
1041 2445 1254 2504 elementorum
1273 2462 1353 2520 pon·

291 2546 325 2596 2⁰
407 2534 530 2593 cleribus
553 2535 807 2607 arpumentantur
830 2535 985 2591 terrenum
1008 2547 1120 2607 corpus
1144 2534 1176 2591 ic
1199 2536 1284 2594 caelo

714 2636 778 2679 esse
799 2635 860 2678 noc
879 2635 975 2694 posse.

432 2742 541 2804 Contra
564 2742 642 2822 quod
666 2760 803 2821 magnum
827 2740 880 2801 Dei
907 2742 1017 2801 donum
1045 2744 1270 2803 ratiocinatores
1293 2745 1355 2826 isti,

345 2849 470 2909 quorum
493 2834 690 2907 condictiones
716 2833 800 2891 novit
820 2830 966 2891 Dominus
979 2834 1130 2905 ,quoniam
1152 2849 1251 2892 vacce
1272 2842 1355 2909 sunt,

345 2919 381 2980 de
404 2917 585 2998 ponderibus
609 2917 823 2978 elementorum
846 2925 1105 2999 argumentantur3
1133 2921 1271 2998 quoniam
1295 2924 1354 2981 sci-

292 3021 326 3069 26
344 3008 415 3067 licet
438 3008 577 3085 magistro
600 3005 721 3066 Platone
744 3006 912 3067 didicerunt
935 3005 1037 3066 mundi
1060 3005 1118 3066 duo
1142 3024 1267 3087 corpora
1291 3028 1353 3069 nra-

344 3098 421 3156 xima
440 3102 527 3173 atquc
546 3101 695 3173 postrema
714 3094 830 3155 duobus
851 3095 964 3176 mediis
987 3112 1055 3155 acre
1078 3094 1192 3155 scilicet
1215 3104 1245 3157 et
1267 3114 1355 3179 aqna,

345 3203 410 3245 csse
430 3182 565 3262 copulata
582 3191 670 3261 atque
690 3185 855 3243 coniuncta.
891 3186 933 3244 Ac
950 3202 1004 3263 per
1023 3183 1088 3263 boc,
1105 3186 1254 3265 inquiunt,
1278 3204 1354 3264 quo-

345 3275 422 3333 niam
441 3281 521 3332 terra
540 3270 646 3331 abhinc
665 3289 783 3332 sursum
801 3289 906 3331 versus
930 3282 975 3332 est
996 3274 1100 3352 prima,
1123 3273 1252 3333 secunda
1275 3292 1354 3352 aqua

346 3379 436 3439 snper
465 3369 588 3439 terram,
617 3362 724 3420 tertius
754 3377 804 3419 aer
832 3377 922 3437 super
950 3378 1068 3440 aquarn,
1099 3369 1236 3438 quantum
1261 3380 1355 3441 super

292 3462 326 3511 ιο
345 3466 412 3508 aera
440 3448 567 3527 caelum,
595 3466 653 3508 non
681 3456 779 3527 potest
802 3465 868 3507 esse
891 3456 1045 3507 terrenum
1068 3465 1177 3527 corpus
1200 3450 1231 3508 in
1256 3450 1354 3531 caclo;

409 3592 453 3659 11)
471 3592 515 3647 Ps.
536 3599 578 3660 aa,
593 3599 617 3647 c.
668 3597 712 3664 aa)
731 3594 774 3648 Pe.
795 3600 896 3662 93,11.
947 3601 991 3665 er)
1009 3595 1082 3650 Plau.
1101 3596 1173 3651 uim.
1191 3615 1219 3668 p.
1234 3603 1276 3651 32.

409 3736 425 3783 2
443 3747 541 3785 nerum
558 3750 576 3802 p
594 3736 603 3802 ΙΙ
621 3740 638 3785 4
657 3735 700 3786 esb
718 3751 767 3788 om.
783 3736 811 3789 R
829 3738 838 3803 {l
858 3740 890 3789 13
909 3738 1018 3803 possint
1037 3737 1120 3809 Rb93
1139 3740 1254 3807 possent
1268 3740 1354 3795 AGn

337 3817 419 3869 aepv
432 3803 441 3869 ΙΙ
455 3806 489 3854 30
508 3818 601 3856 aerem
619 3803 712 3857 Ab’e1
