3284 4459
633 1077 818 1145 LIBER
852 1077 971 1146 xlv:

741 1240 849 1251 -ῳ

712 1344 832 1413 Ceron
853 1344 880 1413 Ι.

323 1475 385 1535 Per
408 1474 660 1535 inoboedientiam
680 1474 777 1550 prima·
797 1476 926 1535 hominis
949 1491 1050 1536 omnes
1071 1478 1104 1535 in
1125 1476 1280 1536 secundae

369 1565 474 1624 mortis
493 1565 726 1639 perpetuitatem
748 1564 886 1624 ruituros
904 1561 1014 1639 fuisse,
1037 1566 1100 1623 aiei
1119 1566 1226 1625 multos
1319 1576 1336 1625 o

617 1650 677 1711 net
695 1652 801 1725 oratio
824 1651 978 1712 liberaret.

384 1774 516 1836 Diximus
542 1776 601 1835 iam
631 1772 836 1853 superioribus
858 1774 942 1836 libris
965 1775 1001 1835 ad
1023 1774 1186 1838 humanum
1207 1794 1303 1855 genus

292 1883 354 1925 non
383 1863 478 1924 solum
505 1871 627 1923 naturae
656 1862 847 1923 similitudine
875 1863 1061 1945 sociandum,
1089 1866 1303 1925 verumetiam

292 1952 421 2033 quadam
449 1953 631 2031 cognationis
661 1950 880 2012 necessitudine
903 1954 935 2013 in
958 1954 1101 2013 unitatem
1123 1952 1302 2031 concordem

292 2042 376 2123 pacis
404 2039 520 2101 vinculo
548 2038 755 2119 conligendum
778 2057 815 2101 ex
837 2039 955 2101 homine
975 2058 1035 2100 uno
1057 2038 1152 2101 Deum
1173 2040 1302 2101 voluisse
1321 2054 1354 2108 ιο

292 2131 430 2190 homines
459 2130 632 2209 instituere,
660 2145 758 2207 neque
785 2127 843 2188 hoc
874 2146 968 2206 genus
1000 2128 1093 2189 tuisse
1120 2130 1151 2188 in
1178 2128 1303 2209 singulis

293 2218 464 2298 quibusque
483 2218 670 2299 moriturum,
692 2217 750 2277 nisi
768 2215 828 2275 duo
845 2218 943 2297 primi,
966 2233 1095 2295 quorum
1116 2225 1235 2279 creatus
1257 2226 1304 2279 est

292 2326 374 2369 unus
398 2324 434 2367 ex
453 2305 544 2386 nullo,
565 2304 656 2365 altera
680 2322 716 2365 ex
738 2302 850 2384 illo,=id
872 2303 1090 2367 inoboedientia
1113 2308 1302 2387 meruissent,

292 2414 309 2457 a
334 2393 444 2475 quibus
462 2393 624 2454 admissum
641 2399 688 2454 est
710 2401 769 2453 tam
792 2391 903 2471 mande
925 2400 1090 2473 peccatum,
1112 2401 1145 2454 ut
1167 2395 1198 2455 in
1221 2393 1302 2455 dete·

291 2486 359 2545 rius
379 2501 414 2542 eo
433 2489 537 2542 natura
560 2489 726 2543 mutaretur
748 2480 885 2562 humana,
907 2484 996 2542 etiam
1018 2483 1049 2542 in
1071 2490 1207 2560 posteros
1230 2480 1356 2543 obli-15

291 2574 413 2652 gatione
441 2572 556 2650 peccati
582 2577 612 2630 et
638 2571 742 2629 mortis
770 2571 947 2630 necessitate
975 2572 1175 2631 transmissa.⁸
1199 2569 1303 2631 llortia

292 2668 395 2723 autem
419 2676 545 2737 regnum
562 2660 594 2719 in
615 2657 749 2717 homines
773 2675 868 2736 usque
891 2655 964 2718 adeo
987 2656 1169 2718 dominatum
1192 2666 1247 2740 est,
1270 2666 1304 2721 ut

291 2765 400 2810 omnes
432 2748 463 2808 in
494 2746 654 2808 secundam
686 2763 804 2827 quoque
835 2753 979 2825 mortem,
1011 2748 1096 2808 cuius
1128 2746 1226 2808 nullus
1258 2756 1304 2809 cst

291 2839 379 2915 linis,
405 2853 500 2915 poena
527 2833 624 2896 dehita
646 2835 826 2915 praecipites
847 2841 961 2915 ageret,
988 2836 1045 2895 nisi
1068 2834 1136 2895 inde
1160 2835 1304 2913 quosdam

291 2924 428 2987 indebita
446 2922 500 2984 llei
522 2925 614 3003 gratia
637 2921 786 2984 liberaret.
831 2922 872 2982 Ac
895 2939 949 3001 per
971 2921 1028 2983 hoc
1050 2922 1161 2983 lactum
1184 2931 1240 3004 est,
1261 2931 1304 3005 ut,
1322 2937 1356 2986 20

293 3032 368 3075 cum
397 3020 443 3073 tot
472 3019 630 3090 tantaeque
658 3018 762 3090 gentes
788 3028 843 3089 per
872 3018 1021 3072 terrarum
1047 3009 1151 3071 orbem
1179 3010 1304 3073 diversis

292 3100 405 3163 ritibus
424 3099 615 3179 moribusque
633 3101 765 3160 viventes
787 3098 943 3178 multiplici
964 3096 1132 3177 linguarum
1154 3117 1305 3160 armorum

293 3192 426 3251 vestium
444 3190 504 3249 sint
521 3189 660 3249 varietate
679 3186 846 3267 distinctae,
867 3205 928 3248 non
947 3194 1044 3248 tamen
1068 3186 1193 3268 amplius
1216 3205 1305 3267 quam

294 3278 356 3339 duo
386 3276 528 3359 quaedam
555 3294 665 3355 genera
690 3274 835 3335 humanae
858 3268 1008 3336 societatis
1031 3276 1208 3359 existerent,
1231 3294 1304 3354 quas

296 3369 432 3427 civitates
460 3364 532 3424 duas
559 3363 723 3424 secundum
750 3364 914 3443 scripturas
935 3370 1054 3423 nostras
1076 3365 1183 3425 merito
1206 3364 1303 3443 appel·
1322 3376 1356 3425 25

297 3454 359 3514 lare
383 3470 546 3533 possemus.
591 3450 655 3512 Una
678 3452 787 3530 quippe
811 3457 857 3511 est
878 3449 1031 3511 hominum
1054 3451 1218 3512 secundum
1241 3470 1303 3512 car-

368 3662 494 3728 tsuper.
515 3658 646 3725 VAFap
669 3657 714 3742 (ef,
733 3656 779 3711 tto.
799 3660 816 3711 5
834 3674 856 3711 c.
870 3659 906 3711 21
925 3663 1010 3722 πίω
1031 3656 1100 3711 t.12
1117 3660 1170 3711 c.1
1189 3656 1253 3725 im.);
1276 3654 1307 3708 in

296 3728 652 3871 rutilant-,tto
665 3729 818 3868 orout

1060 3884 1093 3938 1⁸
