3284 4459
336 513 402 578 282
738 525 759 567 5.
773 524 939 567 Aucnsrnu

333 665 397 743 pria
427 664 544 723 nomina
571 661 789 741 inponebantur
817 670 848 721 et
874 659 931 721 hoc
958 677 1017 720 nou
1047 659 1141 720 deluit
1163 677 1342 738 cognomen-

334 761 410 830 tum3
441 752 519 812 sicut
545 749 631 830 longe
658 759 760 829 postea
784 747 924 810 Caesares
954 749 1151 826 cognominati
1175 756 1260 828 sunt,
1290 750 1342 827 qui

334 847 544 900 successerunt
574 837 692 899 Caesari
723 839 865 917 Augusto.
911 835 1079 915 Reprobato
1112 843 1211 896 autern
1245 835 1342 916 Saule,

334 946 371 988 ne
395 929 608 1007 quisquam·ex
631 929 696 986 eius
719 927 811 1005 stirpe
835 933 982 1006 regnaret,
1004 941 1099 1002 eoque
1122 923 1263 984 defuncto
1287 924 1342 983 lla·

300 1029 315 1076 5
334 1015 381 1076 vid
402 1018 546 1076 successit
563 1017 594 1076 in
613 1033 738 1094 regnum
755 1021 824 1093 post
847 1031 939 1075 annos
962 1030 978 1072 a
1002 1011 1097 1073 Saulis
1120 1013 1245 1091 imperio
1270 1031 1341 1090 qua-

333 1103 475 1182 draginta.
526 1103 610 1164 Tunc
642 1102 837 1163 Athenienses
871 1100 980 1162 habere
1016 1099 1123 1161 deinde
1155 1118 1241 1179 reges
1273 1109 1343 1180 post

335 1191 423 1252 Codri
459 1193 612 1253 interitum
642 1190 821 1251 destiterunt
850 1197 881 1250 et
910 1191 1099 1267 magistratus
1127 1187 1236 1249 habere
1274 1207 1342 1249 coe·

333 1291 443 1359 perunt
461 1278 706 1358 administrandae
725 1281 769 1339 rei
787 1277 930 1357 publicae.
967 1277 1038 1338 Post
1056 1276 1155 1358 David,
1178 1278 1230 1356 qui
1252 1279 1342 1339 etiam

334 1371 397 1448 ipse
426 1369 616 1447 quadraginta
643 1369 775 1446 regnavit
804 1383 911 1447 annos,
938 1366 1103 1426 filiuseius
1127 1364 1265 1425 Salomon
1289 1384 1343 1426 rex

285 1469 316 1518 ro
334 1455 533 1516 Israelitarum
565 1455 635 1536 luit,
673 1457 723 1535 qui
756 1454 898 1534 templum
929 1452 1002 1515 illud
1037 1453 1252 1514 nobilissimum
1288 1453 1343 1514 llel

334 1544 631 1624 Hierosolymitanum
657 1541 796 1604 condidit.
843 1541 934 1603 Cuius
963 1551 1097 1621 tempore
1120 1540 1197 1621 apud
1220 1540 1343 1602 Latinos

335 1633 453 1693 condita
480 1639 526 1692 est
553 1630 640 1712 Alba,
672 1649 708 1692 ex
736 1649 793 1709 qua
823 1631 964 1709 deinceps
986 1648 1045 1690 non
1068 1629 1257 1711 Latinorum,
1289 1631 1343 1691 scd

334 1720 514 1781 Albanorum
541 1737 627 1799 reges
657 1719 811 1800 appellari,
840 1721 872 1779 in
895 1718 998 1779 eodem
1021 1726 1120 1779 tamen
1143 1716 1243 1798 Latio,
1274 1736 1344 1779 coe-

333 1817 451 1888 perunt.
498 1807 647 1869 Salomoni
670 1809 814 1869 successit
837 1807 915 1867 lilius
939 1807 1003 1867 eius
1026 1805 1172 1881 Romam,
1203 1805 1259 1867 sub
1283 1825 1343 1886 quo

285 1909 316 1958 15
335 1899 365 1957 in
389 1895 447 1957 duo
472 1914 561 1975 regua
588 1896 716 1979 populus
739 1894 788 1956 ille
812 1894 924 1956 divisus
947 1904 1006 1975 est,
1034 1904 1064 1955 et
1086 1893 1218 1974 singulae
1241 1904 1343 1974 partes

335 2003 405 2045 suos
428 1983 560 2064 singulos
583 2001 668 2064 reges
691 1982 799 2044 habere
823 1991 994 2062 coeperunt.

728 2224 845 2292 Ourna*
863 2225 949 2291 XXI.

336 2356 382 2416 De
404 2355 528 2429 regibus
550 2353 641 2427 Latii,
665 2370 793 2428 quorum
810 2356 932 2429 primus
954 2353 1074 2414 Aeneae
1095 2359 1126 2414 et
1147 2354 1344 2414 duodecimus

623 2444 787 2502 Aventinus
811 2443 857 2502 dia·
874 2439 957 2516 sacti
976 2447 1053 2502 aaut.

283 2577 317 2628 20
424 2564 539 2624 latium
562 2571 630 2644 post
651 2565 785 2644 Aenean,
808 2581 896 2642 quem
920 2561 1009 2623 deum
1032 2563 1181 2645 lecerunt,
1204 2563 1343 2625 undecim

337 2671 422 2732 reges
447 2651 561 2733 habuit,
591 2670 717 2730 quorum
742 2651 841 2712 nullus
864 2650 938 2712 deus
961 2652 1056 2712 lactus
1079 2659 1134 2712 est.
1179 2653 1342 2713 Arentinus

336 2751 449 2821 autem,
480 2742 530 2819 qui
558 2740 732 2801 duodecimo
762 2739 828 2800 loco
850 2741 968 2800 Aenean
992 2741 1141 2820 sequitur,
1171 2758 1240 2801 cum
1263 2752 1344 2802 esset

335 2837 502 2910 prostratus
533 2829 564 2888 in
592 2826 669 2888 hello
700 2836 730 2888 et
757 2827 891 2907 sepultus
920 2829 952 2888 in
974 2846 1010 2888 eo
1033 2838 1150 2910 monte,
1178 2831 1230 2907 qui
1255 2832 1343 2890 etiam

336 2935 416 2978 nunc
439 2919 503 2976 eius
522 2918 640 2978 nomine
660 2925 857 2997 nuncupatur,
880 2914 1004 2976 deorum
1027 2915 1138 2996 talium,
1161 2917 1263 2996 quales
1286 2917 1343 2980 sibi

284 3004 494 3084 insaniebant,
523 3021 646 3065 numero
674 3012 721 3064 est
748 3003 872 3066 additus.
918 3002 974 3064 Alii
997 3022 1066 3066 sane
1090 3005 1251 3066 noluerunt
1273 3024 1343 3067 eum

336 3096 366 3154 in
398 3092 510 3172 proelio
541 3091 671 3152 scribere
699 3095 846 3173 occisum,
879 3090 930 3152 scd
958 3110 1018 3153 non
1048 3095 1239 3172 conparuisse
1262 3093 1342 3156 dixe·

337 3191 420 3261 runt3
450 3198 505 3241 nec
532 3198 569 3240 ex
595 3181 660 3240 eius
689 3179 831 3242 vocabulo
855 3178 1032 3259 appellatum
1055 3189 1200 3262 montem,
1230 3182 1283 3243 sed
1307 3202 1343 3244 ex

337 3268 462 3329 adventu
493 3270 589 3328 avium
619 3267 730 3329 dlctum
760 3269 945 3329 Aventinum.
997 3267 1069 3328 Post
1097 3269 1177 3330 hunc
1207 3288 1267 3330 non
1297 3281 1344 3332 est

337 3356 410 3418 deus
433 3358 528 3418 lactus
545 3357 577 3416 in
594 3354 677 3418 Latio
696 3358 754 3417 nisi
771 3355 916 3418 Romulus
938 3354 1074 3417 conditor
1095 3355 1215 3418 Romae.
1259 3357 1345 3420 luter

409 3492 434 3557 6)
454 3495 478 3543 2.
494 3489 567 3546 Sam.
587 3495 611 3543 2.
658 3494 702 3561 23)
722 3489 795 3545 Serv.
814 3493 845 3546 in
865 3493 932 3546 Aen.
953 3499 976 3558 i,
992 3499 1051 3547 ool.

409 3725 442 3771 20
461 3717 588 3772 fecerunt
607 3719 741 3788 nucem
764 3720 872 3774 fecerat
889 3739 920 3787 ας
943 3721 1069 3775 fecerant
1085 3722 1189 3794 FGpo
1205 3725 1218 3793 l
1241 3730 1274 3778 27
1294 3741 1346 3780 nec

337 3806 402 3858 mam
422 3789 471 3844 sed
488 3803 541 3844 nac
558 3791 645 3859 51126
664 3790 796 3862 scribere]
816 3807 877 3846 5555
897 3791 993 3861 91128
1011 3791 1119 3847 dicium
1137 3809 1197 3848 5555
1216 3795 1310 3850 ΑΓΘ
