<?xml version="1.0" encoding="UTF-8"?>
<!DOCTYPE html PUBLIC "-//W3C//DTD XHTML 1.0 Transitional//EN"
    "http://www.w3.org/TR/xhtml1/DTD/xhtml1-transitional.dtd">
<html xmlns="http://www.w3.org/1999/xhtml" xml:lang="en" lang="en">
 <head>
  <title>
</title>
<meta http-equiv="Content-Type" content="text/html;charset=utf-8" />
  <meta name='ocr-system' content='tesseract 3.04.00' />
  <meta name='ocr-capabilities' content='ocr_page ocr_carea ocr_par ocr_line ocrx_word'/>
</head>
<body>
  <div class='ocr_page' id='page_1' title='image "./sanctiaureliiau11augugoog_0592.png"; bbox 0 0 3284 4459; ppageno 0'>
   <div class='ocr_carea' id='block_1_1' title="bbox 326 465 930 528">
    <p class='ocr_par' dir='ltr' id='par_1_1' title="bbox 326 465 930 528">
     <span class='ocr_line' id='line_1_1' title="bbox 326 465 930 528; baseline -0.007 0"><span class='ocrx_word' id='word_1_1' title='bbox 326 465 391 528; x_wconf 79' lang='lat'><strong>574</strong></span> <span class='ocrx_word' id='word_1_2' title='bbox 729 483 750 524; x_wconf 90' lang='lat' dir='ltr'><strong>s.</strong></span> <span class='ocrx_word' id='word_1_3' title='bbox 764 484 930 525; x_wconf 68' lang='lat' dir='ltr'><strong>cucusum</strong></span> 
     </span>
    </p>
   </div>
   <div class='ocr_carea' id='block_1_2' title="bbox 271 618 1368 2902">
    <p class='ocr_par' dir='ltr' id='par_1_2' title="bbox 324 618 1337 870">
     <span class='ocr_line' id='line_1_2' title="bbox 325 618 1336 697; baseline 0.005 -22"><span class='ocrx_word' id='word_1_4' title='bbox 325 618 433 676; x_wconf 85' lang='lat' dir='ltr'><strong>crimes</strong></span> <span class='ocrx_word' id='word_1_5' title='bbox 452 634 529 697; x_wconf 90' lang='lat' dir='ltr'><strong>suas,</strong></span> <span class='ocrx_word' id='word_1_6' title='bbox 552 635 620 677; x_wconf 83' lang='lat' dir='ltr'><strong>mox</strong></span> <span class='ocrx_word' id='word_1_7' title='bbox 643 635 660 677; x_wconf 92' lang='lat' dir='ltr'><strong>a</strong></span> <span class='ocrx_word' id='word_1_8' title='bbox 682 618 836 678; x_wconf 88' lang='lat' dir='ltr'><strong>daemonio</strong></span> <span class='ocrx_word' id='word_1_9' title='bbox 860 619 952 679; x_wconf 85' lang='lat' dir='ltr'><strong>luisse</strong></span> <span class='ocrx_word' id='word_1_10' title='bbox 976 628 1115 679; x_wconf 89' lang='lat' dir='ltr'><strong>sanatam.</strong></span> <span class='ocrx_word' id='word_1_11' title='bbox 1153 619 1220 679; x_wconf 90' lang='lat' dir='ltr'><strong>Scio</strong></span> <span class='ocrx_word' id='word_1_12' title='bbox 1243 622 1336 681; x_wconf 88' lang='lat' dir='ltr'><strong>etiam</strong></span> 
     </span>
     <span class='ocr_line' id='line_1_3' title="bbox 325 704 1337 788; baseline 0.004 -25"><span class='ocrx_word' id='word_1_13' title='bbox 325 706 498 784; x_wconf 88' lang='lat' dir='ltr'><strong>episcopum</strong></span> <span class='ocrx_word' id='word_1_14' title='bbox 517 704 609 765; x_wconf 89' lang='lat' dir='ltr'><strong>semel</strong></span> <span class='ocrx_word' id='word_1_15' title='bbox 631 723 686 784; x_wconf 90' lang='lat' dir='ltr'><strong>pro</strong></span> <span class='ocrx_word' id='word_1_16' title='bbox 710 706 909 787; x_wconf 78' lang='lat' dir='ltr'>adulescente,</span> <span class='ocrx_word' id='word_1_17' title='bbox 932 725 1020 785; x_wconf 83' lang='lat' dir='ltr'><strong>quern</strong></span> <span class='ocrx_word' id='word_1_18' title='bbox 1045 726 1103 767; x_wconf 93' lang='lat' dir='ltr'><strong>non</strong></span> <span class='ocrx_word' id='word_1_19' title='bbox 1128 708 1208 788; x_wconf 90' lang='lat' dir='ltr'><strong>vidit,</strong></span> <span class='ocrx_word' id='word_1_20' title='bbox 1231 725 1337 767; x_wconf 89' lang='lat' dir='ltr'><strong>orasse</strong></span> 
     </span>
     <span class='ocr_line' id='line_1_4' title="bbox 324 791 885 870; baseline 0.005 -19"><span class='ocrx_word' id='word_1_21' title='bbox 324 791 466 870; x_wconf 89' lang='lat' dir='ltr'><strong>illumque</strong></span> <span class='ocrx_word' id='word_1_22' title='bbox 489 792 557 853; x_wconf 88' lang='lat' dir='ltr'><strong>ilico</strong></span> <span class='ocrx_word' id='word_1_23' title='bbox 580 792 722 853; x_wconf 88' lang='lat' dir='ltr'><strong>daemone</strong></span> <span class='ocrx_word' id='word_1_24' title='bbox 745 796 885 854; x_wconf 78' lang='lat' dir='ltr'><strong>caruisse.</strong></span> 
     </span>
    </p>

    <p class='ocr_par' dir='ltr' id='par_1_3' title="bbox 412 878 1368 965">
     <span class='ocr_line' id='line_1_5' title="bbox 412 878 1368 965; baseline 0.006 -26"><span class='ocrx_word' id='word_1_25' title='bbox 412 878 486 941; x_wconf 85' lang='lat' dir='ltr'><strong>Erat</strong></span> <span class='ocrx_word' id='word_1_26' title='bbox 517 881 634 959; x_wconf 89' lang='lat' dir='ltr'><strong>quidam</strong></span> <span class='ocrx_word' id='word_1_27' title='bbox 662 900 753 942; x_wconf 81' lang='lat' dir='ltr'><strong>senex</strong></span> <span class='ocrx_word' id='word_1_28' title='bbox 782 881 951 944; x_wconf 80' lang='lat' dir='ltr'><strong>Florentius</strong></span> <span class='ocrx_word' id='word_1_29' title='bbox 982 883 1190 962; x_wconf 83' lang='lat' dir='ltr'><strong>Hipponiensis</strong></span> <span class='ocrx_word' id='word_1_30' title='bbox 1220 894 1337 965; x_wconf 90' lang='lat' dir='ltr'><strong>noster,</strong></span> <span class='ocrx_word' id='word_1_31' title='bbox 1364 924 1368 927; x_wconf 97' lang='lat'>-</span> 
     </span>
    </p>

    <p class='ocr_par' dir='ltr' id='par_1_4' title="bbox 289 967 1336 1403">
     <span class='ocr_line' id='line_1_6' title="bbox 289 967 1336 1053; baseline 0.006 -26"><span class='ocrx_word' id='word_1_32' title='bbox 289 967 413 1028; x_wconf 78' lang='lat' dir='ltr'><strong>themo</strong></span> <span class='ocrx_word' id='word_1_33' title='bbox 445 969 601 1048; x_wconf 82' lang='lat' dir='ltr'><strong>religiosus</strong></span> <span class='ocrx_word' id='word_1_34' title='bbox 638 979 669 1030; x_wconf 93' lang='lat' dir='ltr'><strong>et</strong></span> <span class='ocrx_word' id='word_1_35' title='bbox 705 988 830 1051; x_wconf 69' lang='lat' dir='ltr'><strong>pauper,</strong></span> <span class='ocrx_word' id='word_1_36' title='bbox 867 974 988 1037; x_wconf 89' lang='lat' dir='ltr'><strong>sartoris</strong></span> <span class='ocrx_word' id='word_1_37' title='bbox 1020 991 1052 1031; x_wconf 88' lang='lat' dir='ltr'><strong>se</strong></span> <span class='ocrx_word' id='word_1_38' title='bbox 1085 981 1148 1033; x_wconf 90' lang='lat' dir='ltr'><strong>arte</strong></span> <span class='ocrx_word' id='word_1_39' title='bbox 1180 972 1336 1053; x_wconf 87' lang='lat' dir='ltr'><strong>pascebat;</strong></span> 
     </span>
     <span class='ocr_line' id='line_1_7' title="bbox 325 1051 1335 1141; baseline 0.006 -25"><span class='ocrx_word' id='word_1_40' title='bbox 325 1051 454 1117; x_wconf 80' lang='lat' dir='ltr'><strong>casulam</strong></span> <span class='ocrx_word' id='word_1_41' title='bbox 476 1057 647 1136; x_wconf 82' lang='lat' dir='ltr'><strong>perdiderat</strong></span> <span class='ocrx_word' id='word_1_42' title='bbox 673 1067 703 1119; x_wconf 92' lang='lat' dir='ltr'><strong>et</strong></span> <span class='ocrx_word' id='word_1_43' title='bbox 734 1059 813 1119; x_wconf 89' lang='lat' dir='ltr'><strong>unde</strong></span> <span class='ocrx_word' id='word_1_44' title='bbox 837 1057 894 1119; x_wconf 92' lang='lat' dir='ltr'><strong>sibi</strong></span> <span class='ocrx_word' id='word_1_45' title='bbox 916 1069 1029 1119; x_wconf 89' lang='lat' dir='ltr'><strong>emeret</strong></span> <span class='ocrx_word' id='word_1_46' title='bbox 1051 1079 1109 1121; x_wconf 90' lang='lat' dir='ltr'><strong>non</strong></span> <span class='ocrx_word' id='word_1_47' title='bbox 1134 1060 1272 1141; x_wconf 72' lang='lat' dir='ltr'><strong>babebat,</strong></span> <span class='ocrx_word' id='word_1_48' title='bbox 1295 1062 1335 1122; x_wconf 92' lang='lat' dir='ltr'><strong>ad</strong></span> 
     </span>
     <span class='ocr_line' id='line_1_8' title="bbox 324 1147 1333 1227; baseline 0.005 -23"><span class='ocrx_word' id='word_1_49' title='bbox 324 1147 427 1224; x_wconf 81' lang='lat' dir='ltr'><strong>viginti</strong></span> <span class='ocrx_word' id='word_1_50' title='bbox 450 1153 607 1227; x_wconf 77' lang='lat' dir='ltr'><strong>martyreS,</strong></span> <span class='ocrx_word' id='word_1_51' title='bbox 634 1165 761 1225; x_wconf 89' lang='lat' dir='ltr'><strong>quornm</strong></span> <span class='ocrx_word' id='word_1_52' title='bbox 790 1149 933 1207; x_wconf 88' lang='lat' dir='ltr'><strong>memoria</strong></span> <span class='ocrx_word' id='word_1_53' title='bbox 955 1157 1001 1207; x_wconf 90' lang='lat' dir='ltr'><strong>est</strong></span> <span class='ocrx_word' id='word_1_54' title='bbox 1022 1148 1099 1225; x_wconf 90' lang='lat' dir='ltr'><strong>apud</strong></span> <span class='ocrx_word' id='word_1_55' title='bbox 1122 1167 1177 1208; x_wconf 91' lang='lat' dir='ltr'><strong>nos</strong></span> <span class='ocrx_word' id='word_1_56' title='bbox 1200 1149 1333 1210; x_wconf 88' lang='lat' dir='ltr'><strong>celeber·</strong></span> 
     </span>
     <span class='ocr_line' id='line_1_9' title="bbox 324 1234 1333 1314; baseline 0.005 -21"><span class='ocrx_word' id='word_1_57' title='bbox 324 1236 407 1314; x_wconf 89' lang='lat' dir='ltr'><strong>rima,</strong></span> <span class='ocrx_word' id='word_1_58' title='bbox 429 1234 506 1295; x_wconf 89' lang='lat' dir='ltr'><strong>clara</strong></span> <span class='ocrx_word' id='word_1_59' title='bbox 525 1253 596 1296; x_wconf 88' lang='lat' dir='ltr'><strong>voce</strong></span> <span class='ocrx_word' id='word_1_60' title='bbox 615 1244 649 1295; x_wconf 91' lang='lat' dir='ltr'><strong>ut</strong></span> <span class='ocrx_word' id='word_1_61' title='bbox 667 1238 826 1296; x_wconf 78' lang='lat' dir='ltr'><strong>vestiretur</strong></span> <span class='ocrx_word' id='word_1_62' title='bbox 844 1238 944 1295; x_wconf 91' lang='lat' dir='ltr'><strong>oravit.</strong></span> <span class='ocrx_word' id='word_1_63' title='bbox 990 1236 1154 1297; x_wconf 77' lang='lat' dir='ltr'><strong>Audierunt</strong></span> <span class='ocrx_word' id='word_1_64' title='bbox 1172 1255 1241 1298; x_wconf 89' lang='lat' dir='ltr'><strong>eunt</strong></span> <span class='ocrx_word' id='word_1_65' title='bbox 1260 1238 1333 1298; x_wconf 88' lang='lat' dir='ltr'><strong>adu—</strong></span> 
     </span>
     <span class='ocr_line' id='line_1_10' title="bbox 324 1320 1335 1403; baseline 0.004 -22"><span class='ocrx_word' id='word_1_66' title='bbox 324 1320 471 1383; x_wconf 90' lang='lat' dir='ltr'><strong>lescentes</strong></span> <span class='ocrx_word' id='word_1_67' title='bbox 494 1326 546 1402; x_wconf 88' lang='lat' dir='ltr'><strong>qui</strong></span> <span class='ocrx_word' id='word_1_68' title='bbox 569 1324 646 1384; x_wconf 87' lang='lat' dir='ltr'><strong>iorte</strong></span> <span class='ocrx_word' id='word_1_69' title='bbox 669 1324 790 1383; x_wconf 93' lang='lat' dir='ltr'><strong>aderant</strong></span> <span class='ocrx_word' id='word_1_70' title='bbox 812 1325 955 1383; x_wconf 88' lang='lat' dir='ltr'><strong>inrisores</strong></span> <span class='ocrx_word' id='word_1_71' title='bbox 978 1342 1105 1403; x_wconf 89' lang='lat' dir='ltr'><strong>eumque</strong></span> <span class='ocrx_word' id='word_1_72' title='bbox 1129 1326 1335 1386; x_wconf 85' lang='lat' dir='ltr'><strong>discedentem</strong></span> 
     </span>
    </p>

    <p class='ocr_par' dir='ltr' id='par_1_5' title="bbox 273 1412 1335 1846">
     <span class='ocr_line' id='line_1_11' title="bbox 273 1412 1332 1492; baseline 0.004 -23"><span class='ocrx_word' id='word_1_73' title='bbox 273 1422 306 1470; x_wconf 81' lang='grc' dir='ltr'><strong>ιο</strong></span> <span class='ocrx_word' id='word_1_74' title='bbox 325 1414 507 1489; x_wconf 83' lang='lat' dir='ltr'><strong>exagitantes</strong></span> <span class='ocrx_word' id='word_1_75' title='bbox 533 1412 803 1492; x_wconf 87' lang='lat' dir='ltr'><strong>prosequebantur,</strong></span> <span class='ocrx_word' id='word_1_76' title='bbox 832 1414 954 1489; x_wconf 86' lang='lat' dir='ltr'><strong>quasia</strong></span> <span class='ocrx_word' id='word_1_77' title='bbox 978 1412 1155 1491; x_wconf 86' lang='lat' dir='ltr'><strong>martyribus</strong></span> <span class='ocrx_word' id='word_1_78' title='bbox 1186 1416 1332 1492; x_wconf 89' lang='lat' dir='ltr'><strong>quinqua-</strong></span> 
     </span>
     <span class='ocr_line' id='line_1_12' title="bbox 324 1499 1334 1580; baseline 0.002 -21"><span class='ocrx_word' id='word_1_79' title='bbox 324 1518 416 1577; x_wconf 78' lang='lat' dir='ltr'><strong>genos</strong></span> <span class='ocrx_word' id='word_1_80' title='bbox 436 1499 529 1580; x_wconf 79' lang='lat' dir='ltr'><strong>tolles,</strong></span> <span class='ocrx_word' id='word_1_81' title='bbox 550 1500 629 1560; x_wconf 90' lang='lat' dir='ltr'><strong>unde</strong></span> <span class='ocrx_word' id='word_1_82' title='bbox 648 1503 857 1561; x_wconf 84' lang='lat' dir='ltr'><strong>vestimentum</strong></span> <span class='ocrx_word' id='word_1_83' title='bbox 875 1509 997 1580; x_wconf 88' lang='lat' dir='ltr'><strong>emeret,</strong></span> <span class='ocrx_word' id='word_1_84' title='bbox 1018 1503 1180 1579; x_wconf 89' lang='lat' dir='ltr'><strong>petivisset.</strong></span> <span class='ocrx_word' id='word_1_85' title='bbox 1225 1504 1262 1561; x_wconf 78' lang='lat' dir='ltr'><strong>tt</strong></span> <span class='ocrx_word' id='word_1_86' title='bbox 1281 1501 1334 1561; x_wconf 89' lang='lat' dir='ltr'><strong>ille</strong></span> 
     </span>
     <span class='ocr_line' id='line_1_13' title="bbox 324 1586 1332 1668; baseline 0.003 -21"><span class='ocrx_word' id='word_1_87' title='bbox 324 1590 432 1647; x_wconf 87' lang='lat' dir='ltr'><strong>tacitus</strong></span> <span class='ocrx_word' id='word_1_88' title='bbox 455 1586 607 1647; x_wconf 88' lang='lat' dir='ltr'><strong>ambulans</strong></span> <span class='ocrx_word' id='word_1_89' title='bbox 625 1591 752 1649; x_wconf 88' lang='lat' dir='ltr'><strong>eiectum</strong></span> <span class='ocrx_word' id='word_1_90' title='bbox 776 1587 917 1667; x_wconf 84' lang='lat' dir='ltr'><strong>grandem</strong></span> <span class='ocrx_word' id='word_1_91' title='bbox 939 1590 1053 1666; x_wconf 85' lang='lat' dir='ltr'><strong>piscem</strong></span> <span class='ocrx_word' id='word_1_92' title='bbox 1075 1589 1266 1668; x_wconf 88' lang='lat' dir='ltr'><strong>palpitantem</strong></span> <span class='ocrx_word' id='word_1_93' title='bbox 1290 1592 1332 1650; x_wconf 89' lang='lat' dir='ltr'><strong>ri·</strong></span> 
     </span>
     <span class='ocr_line' id='line_1_14' title="bbox 325 1674 1335 1755; baseline 0.003 -21"><span class='ocrx_word' id='word_1_94' title='bbox 325 1675 368 1736; x_wconf 93' lang='lat' dir='ltr'><strong>dit</strong></span> <span class='ocrx_word' id='word_1_95' title='bbox 394 1678 424 1735; x_wconf 94' lang='lat' dir='ltr'><strong>in</strong></span> <span class='ocrx_word' id='word_1_96' title='bbox 453 1675 538 1735; x_wconf 90' lang='lat' dir='ltr'><strong>litore</strong></span> <span class='ocrx_word' id='word_1_97' title='bbox 572 1693 699 1753; x_wconf 88' lang='lat' dir='ltr'><strong>eumque</strong></span> <span class='ocrx_word' id='word_1_98' title='bbox 726 1676 785 1737; x_wconf 92' lang='lat' dir='ltr'><strong>illis</strong></span> <span class='ocrx_word' id='word_1_99' title='bbox 811 1674 976 1737; x_wconf 85' lang='lat' dir='ltr'><strong>laventibus</strong></span> <span class='ocrx_word' id='word_1_100' title='bbox 1005 1685 1093 1755; x_wconf 84' lang='lat' dir='ltr'><strong>etque</strong></span> <span class='ocrx_word' id='word_1_101' title='bbox 1125 1678 1335 1739; x_wconf 88' lang='lat' dir='ltr'><strong>adiuvantibus</strong></span> 
     </span>
     <span class='ocr_line' id='line_1_15' title="bbox 325 1762 1332 1846; baseline 0.005 -25"><span class='ocrx_word' id='word_1_102' title='bbox 325 1762 518 1841; x_wconf 87' lang='lat' dir='ltr'><strong>adprehendit</strong></span> <span class='ocrx_word' id='word_1_103' title='bbox 537 1772 568 1823; x_wconf 92' lang='lat' dir='ltr'><strong>et</strong></span> <span class='ocrx_word' id='word_1_104' title='bbox 586 1764 701 1824; x_wconf 89' lang='lat' dir='ltr'><strong>cuidam</strong></span> <span class='ocrx_word' id='word_1_105' title='bbox 725 1782 831 1843; x_wconf 90' lang='lat' dir='ltr'><strong>coquo,</strong></span> <span class='ocrx_word' id='word_1_106' title='bbox 854 1762 973 1826; x_wconf 85' lang='lat' dir='ltr'><strong>Cattoso</strong></span> <span class='ocrx_word' id='word_1_107' title='bbox 995 1767 1123 1846; x_wconf 89' lang='lat' dir='ltr'><strong>nomine,</strong></span> <span class='ocrx_word' id='word_1_108' title='bbox 1146 1765 1222 1826; x_wconf 93' lang='lat' dir='ltr'><strong>bene</strong></span> <span class='ocrx_word' id='word_1_109' title='bbox 1246 1764 1332 1826; x_wconf 86' lang='lat' dir='ltr'><strong>Chri·</strong></span> 
     </span>
    </p>

    <p class='ocr_par' dir='ltr' id='par_1_6' title="bbox 273 1851 1336 2282">
     <span class='ocr_line' id='line_1_16' title="bbox 273 1851 1332 1933; baseline 0.004 -24"><span class='ocrx_word' id='word_1_110' title='bbox 273 1860 305 1909; x_wconf 78' lang='lat'><strong>15</strong></span> <span class='ocrx_word' id='word_1_111' title='bbox 324 1853 435 1929; x_wconf 91' lang='lat' dir='ltr'><strong>stiano,</strong></span> <span class='ocrx_word' id='word_1_112' title='bbox 462 1851 497 1910; x_wconf 93' lang='lat' dir='ltr'><strong>ad</strong></span> <span class='ocrx_word' id='word_1_113' title='bbox 527 1854 683 1929; x_wconf 85' lang='lat' dir='ltr'><strong>coquinam</strong></span> <span class='ocrx_word' id='word_1_114' title='bbox 710 1852 916 1933; x_wconf 85' lang='lat' dir='ltr'><strong>conditariam,</strong></span> <span class='ocrx_word' id='word_1_115' title='bbox 943 1852 1075 1913; x_wconf 91' lang='lat' dir='ltr'><strong>indicans</strong></span> <span class='ocrx_word' id='word_1_116' title='bbox 1109 1854 1180 1933; x_wconf 86' lang='lat' dir='ltr'><strong>qnid</strong></span> <span class='ocrx_word' id='word_1_117' title='bbox 1212 1863 1332 1933; x_wconf 85' lang='lat' dir='ltr'><strong>gestum</strong></span> 
     </span>
     <span class='ocr_line' id='line_1_17' title="bbox 324 1940 1336 2020; baseline 0.004 -23"><span class='ocrx_word' id='word_1_118' title='bbox 324 1940 371 2018; x_wconf 89' lang='lat' dir='ltr'><strong>sit,</strong></span> <span class='ocrx_word' id='word_1_119' title='bbox 395 1942 536 1999; x_wconf 88' lang='lat' dir='ltr'><strong>trecentis</strong></span> <span class='ocrx_word' id='word_1_120' title='bbox 560 1940 679 2000; x_wconf 79' lang='lat' dir='ltr'><strong>follibus</strong></span> <span class='ocrx_word' id='word_1_121' title='bbox 701 1940 844 2020; x_wconf 90' lang='lat' dir='ltr'><strong>vendidit,</strong></span> <span class='ocrx_word' id='word_1_122' title='bbox 867 1940 961 2001; x_wconf 90' lang='lat' dir='ltr'><strong>lanam</strong></span> <span class='ocrx_word' id='word_1_123' title='bbox 985 1959 1156 2020; x_wconf 89' lang='lat' dir='ltr'><strong>comparare</strong></span> <span class='ocrx_word' id='word_1_124' title='bbox 1179 1943 1247 2003; x_wconf 91' lang='lat' dir='ltr'><strong>inde</strong></span> <span class='ocrx_word' id='word_1_125' title='bbox 1271 1942 1336 2002; x_wconf 91' lang='lat' dir='ltr'><strong>dis·</strong></span> 
     </span>
     <span class='ocr_line' id='line_1_18' title="bbox 323 2028 1333 2109; baseline 0.006 -25"><span class='ocrx_word' id='word_1_126' title='bbox 323 2044 446 2107; x_wconf 89' lang='lat' dir='ltr'><strong>ponens,</strong></span> <span class='ocrx_word' id='word_1_127' title='bbox 469 2037 502 2088; x_wconf 94' lang='lat' dir='ltr'><strong>ut</strong></span> <span class='ocrx_word' id='word_1_128' title='bbox 524 2046 600 2089; x_wconf 83' lang='lat' dir='ltr'><strong>uror</strong></span> <span class='ocrx_word' id='word_1_129' title='bbox 618 2031 683 2089; x_wconf 91' lang='lat' dir='ltr'><strong>eius</strong></span> <span class='ocrx_word' id='word_1_130' title='bbox 706 2047 764 2106; x_wconf 90' lang='lat' dir='ltr'><strong>quo</strong></span> <span class='ocrx_word' id='word_1_131' title='bbox 788 2028 875 2088; x_wconf 88' lang='lat' dir='ltr'><strong>modo</strong></span> <span class='ocrx_word' id='word_1_132' title='bbox 897 2039 999 2106; x_wconf 89' lang='lat' dir='ltr'><strong>posset</strong></span> <span class='ocrx_word' id='word_1_133' title='bbox 1021 2032 1049 2090; x_wconf 92' lang='lat' dir='ltr'><strong>ei</strong></span> <span class='ocrx_word' id='word_1_134' title='bbox 1070 2048 1130 2109; x_wconf 82' lang='lat' dir='ltr'><strong>quo</strong></span> <span class='ocrx_word' id='word_1_135' title='bbox 1153 2030 1333 2091; x_wconf 91' lang='lat' dir='ltr'><strong>indueretur</strong></span> 
     </span>
     <span class='ocr_line' id='line_1_19' title="bbox 323 2114 1333 2196; baseline 0.005 -22"><span class='ocrx_word' id='word_1_136' title='bbox 323 2114 464 2175; x_wconf 85' lang='lat' dir='ltr'><strong>efficeret.</strong></span> <span class='ocrx_word' id='word_1_137' title='bbox 515 2116 572 2176; x_wconf 90' lang='lat' dir='ltr'><strong>Sed</strong></span> <span class='ocrx_word' id='word_1_138' title='bbox 601 2135 714 2195; x_wconf 89' lang='lat' dir='ltr'><strong>coquus</strong></span> <span class='ocrx_word' id='word_1_139' title='bbox 741 2115 900 2176; x_wconf 90' lang='lat' dir='ltr'><strong>concidens</strong></span> <span class='ocrx_word' id='word_1_140' title='bbox 927 2120 1039 2196; x_wconf 91' lang='lat' dir='ltr'><strong>piscem</strong></span> <span class='ocrx_word' id='word_1_141' title='bbox 1062 2118 1181 2178; x_wconf 89' lang='lat' dir='ltr'><strong>anulum</strong></span> <span class='ocrx_word' id='word_1_142' title='bbox 1206 2137 1333 2179; x_wconf 91' lang='lat' dir='ltr'><strong>aureum</strong></span> 
     </span>
     <span class='ocr_line' id='line_1_20' title="bbox 323 2204 1332 2282; baseline 0.005 -20"><span class='ocrx_word' id='word_1_143' title='bbox 323 2205 353 2262; x_wconf 93' lang='lat' dir='ltr'><strong>in</strong></span> <span class='ocrx_word' id='word_1_144' title='bbox 383 2204 547 2265; x_wconf 88' lang='lat' dir='ltr'><strong>ventriculo</strong></span> <span class='ocrx_word' id='word_1_145' title='bbox 577 2206 642 2265; x_wconf 89' lang='lat' dir='ltr'><strong>eius</strong></span> <span class='ocrx_word' id='word_1_146' title='bbox 669 2207 782 2265; x_wconf 90' lang='lat' dir='ltr'><strong>invenit</strong></span> <span class='ocrx_word' id='word_1_147' title='bbox 808 2222 935 2282; x_wconf 83' lang='lat' dir='ltr'><strong>moxque</strong></span> <span class='ocrx_word' id='word_1_148' title='bbox 963 2208 1151 2267; x_wconf 88' lang='lat' dir='ltr'><strong>miseratione</strong></span> <span class='ocrx_word' id='word_1_149' title='bbox 1182 2206 1276 2267; x_wconf 85' lang='lat' dir='ltr'><strong>flexus</strong></span> <span class='ocrx_word' id='word_1_150' title='bbox 1300 2215 1332 2267; x_wconf 85' lang='lat' dir='ltr'><strong>et</strong></span> 
     </span>
    </p>

    <p class='ocr_par' dir='ltr' id='par_1_7' title="bbox 271 2290 1332 2460">
     <span class='ocr_line' id='line_1_21' title="bbox 271 2290 1332 2375; baseline 0.003 -25"><span class='ocrx_word' id='word_1_151' title='bbox 271 2301 305 2351; x_wconf 88' lang='grc' dir='ltr'><strong>2ο</strong></span> <span class='ocrx_word' id='word_1_152' title='bbox 323 2290 465 2369; x_wconf 85' lang='lat' dir='ltr'><strong>religione</strong></span> <span class='ocrx_word' id='word_1_153' title='bbox 491 2295 670 2371; x_wconf 87' lang='lat' dir='ltr'><strong>perterritus</strong></span> <span class='ocrx_word' id='word_1_154' title='bbox 696 2292 808 2352; x_wconf 87' lang='lat' dir='ltr'><strong>bomini</strong></span> <span class='ocrx_word' id='word_1_155' title='bbox 836 2311 905 2352; x_wconf 89' lang='lat' dir='ltr'><strong>curn</strong></span> <span class='ocrx_word' id='word_1_156' title='bbox 935 2293 1063 2354; x_wconf 90' lang='lat' dir='ltr'><strong>reddidit</strong></span> <span class='ocrx_word' id='word_1_157' title='bbox 1089 2294 1204 2356; x_wconf 87' lang='lat' dir='ltr'><strong>dicens:</strong></span> <span class='ocrx_word' id='word_1_158' title='bbox 1231 2294 1332 2375; x_wconf 86' lang='lat' dir='ltr'><strong>„Ecce</strong></span> 
     </span>
     <span class='ocr_line' id='line_1_22' title="bbox 324 2376 1052 2460; baseline 0.004 -21"><span class='ocrx_word' id='word_1_159' title='bbox 324 2397 381 2458; x_wconf 85' lang='lat' dir='ltr'><strong>quo</strong></span> <span class='ocrx_word' id='word_1_160' title='bbox 406 2380 492 2440; x_wconf 91' lang='lat' dir='ltr'><strong>modo</strong></span> <span class='ocrx_word' id='word_1_161' title='bbox 515 2389 545 2441; x_wconf 90' lang='lat' dir='ltr'><strong>te</strong></span> <span class='ocrx_word' id='word_1_162' title='bbox 568 2383 670 2459; x_wconf 83' lang='lat' dir='ltr'><strong>viginti</strong></span> <span class='ocrx_word' id='word_1_163' title='bbox 692 2391 837 2460; x_wconf 80' lang='lat' dir='ltr'><strong>martyres</strong></span> <span class='ocrx_word' id='word_1_164' title='bbox 860 2376 1052 2442; x_wconf 89' lang='lat' dir='ltr'><strong>vestierunt.“</strong></span> 
     </span>
    </p>

    <p class='ocr_par' dir='ltr' id='par_1_8' title="bbox 323 2468 1332 2729">
     <span class='ocr_line' id='line_1_23' title="bbox 411 2468 1332 2548; baseline 0.003 -20"><span class='ocrx_word' id='word_1_165' title='bbox 411 2468 453 2529; x_wconf 82' lang='lat' dir='ltr'><strong>Ad</strong></span> <span class='ocrx_word' id='word_1_166' title='bbox 486 2487 576 2547; x_wconf 88' lang='lat' dir='ltr'><strong>aquas</strong></span> <span class='ocrx_word' id='word_1_167' title='bbox 608 2469 779 2529; x_wconf 90' lang='lat' dir='ltr'><strong>Tibilitauas</strong></span> <span class='ocrx_word' id='word_1_168' title='bbox 816 2471 955 2548; x_wconf 91' lang='lat' dir='ltr'><strong>episcopo</strong></span> <span class='ocrx_word' id='word_1_169' title='bbox 993 2469 1143 2531; x_wconf 79' lang='lat' dir='ltr'><strong>adferente</strong></span> <span class='ocrx_word' id='word_1_170' title='bbox 1175 2470 1332 2531; x_wconf 86' lang='lat' dir='ltr'><strong>Praeiecto</strong></span> 
     </span>
     <span class='ocr_line' id='line_1_24' title="bbox 323 2556 1332 2637; baseline 0.002 -20"><span class='ocrx_word' id='word_1_171' title='bbox 323 2558 460 2637; x_wconf 78' lang='lat' dir='ltr'><strong>martyris</strong></span> <span class='ocrx_word' id='word_1_172' title='bbox 487 2557 691 2636; x_wconf 83' lang='lat' dir='ltr'><strong>gloriosissimi</strong></span> <span class='ocrx_word' id='word_1_173' title='bbox 713 2556 855 2636; x_wconf 87' lang='lat' dir='ltr'><strong>Stephani</strong></span> <span class='ocrx_word' id='word_1_174' title='bbox 886 2561 1025 2618; x_wconf 90' lang='lat' dir='ltr'><strong>memoria</strong></span> <span class='ocrx_word' id='word_1_175' title='bbox 1049 2559 1185 2619; x_wconf 89' lang='lat' dir='ltr'><strong>veniebat</strong></span> <span class='ocrx_word' id='word_1_176' title='bbox 1207 2577 1332 2637; x_wconf 79' lang='lat' dir='ltr'><strong>magnae</strong></span> 
     </span>
     <span class='ocr_line' id='line_1_25' title="bbox 325 2644 1332 2729; baseline 0.004 -24"><span class='ocrx_word' id='word_1_177' title='bbox 325 2644 521 2705; x_wconf 89' lang='lat' dir='ltr'><strong>multitudinis</strong></span> <span class='ocrx_word' id='word_1_178' title='bbox 550 2663 698 2706; x_wconf 89' lang='lat' dir='ltr'><strong>concursu</strong></span> <span class='ocrx_word' id='word_1_179' title='bbox 730 2653 761 2705; x_wconf 90' lang='lat' dir='ltr'><strong>et</strong></span> <span class='ocrx_word' id='word_1_180' title='bbox 790 2663 925 2706; x_wconf 90' lang='lat' dir='ltr'><strong>occursu.</strong></span> <span class='ocrx_word' id='word_1_181' title='bbox 971 2645 1015 2705; x_wconf 93' lang='lat' dir='ltr'><strong>lbi</strong></span> <span class='ocrx_word' id='word_1_182' title='bbox 1037 2666 1123 2707; x_wconf 89' lang='lat' dir='ltr'><strong>caeca</strong></span> <span class='ocrx_word' id='word_1_183' title='bbox 1147 2648 1265 2729; x_wconf 91' lang='lat' dir='ltr'><strong>mulier,</strong></span> <span class='ocrx_word' id='word_1_184' title='bbox 1295 2656 1332 2709; x_wconf 89' lang='lat' dir='ltr'><strong>ut</strong></span> 
     </span>
    </p>

    <p class='ocr_par' dir='ltr' id='par_1_9' title="bbox 271 2733 1331 2902">
     <span class='ocr_line' id='line_1_26' title="bbox 271 2733 1331 2816; baseline 0.006 -26"><span class='ocrx_word' id='word_1_185' title='bbox 271 2743 304 2790; x_wconf 82' lang='grc'><strong>25</strong></span> <span class='ocrx_word' id='word_1_186' title='bbox 324 2733 359 2792; x_wconf 93' lang='lat' dir='ltr'><strong>ad</strong></span> <span class='ocrx_word' id='word_1_187' title='bbox 389 2736 561 2811; x_wconf 89' lang='lat' dir='ltr'><strong>episcopum</strong></span> <span class='ocrx_word' id='word_1_188' title='bbox 590 2742 756 2811; x_wconf 88' lang='lat' dir='ltr'><strong>portantem</strong></span> <span class='ocrx_word' id='word_1_189' title='bbox 785 2733 962 2814; x_wconf 86' lang='lat' dir='ltr'><strong>duceretur,</strong></span> <span class='ocrx_word' id='word_1_190' title='bbox 989 2738 1096 2816; x_wconf 78' lang='lat' dir='ltr'><strong>orarit3</strong></span> <span class='ocrx_word' id='word_1_191' title='bbox 1126 2736 1229 2816; x_wconf 89' lang='lat' dir='ltr'><strong>llores,</strong></span> <span class='ocrx_word' id='word_1_192' title='bbox 1252 2754 1331 2815; x_wconf 88' lang='lat' dir='ltr'><strong>quos</strong></span> 
     </span>
     <span class='ocr_line' id='line_1_27' title="bbox 325 2819 1328 2902; baseline 0.004 -23"><span class='ocrx_word' id='word_1_193' title='bbox 325 2821 450 2901; x_wconf 79' lang='lat' dir='ltr'><strong>terebat,</strong></span> <span class='ocrx_word' id='word_1_194' title='bbox 473 2819 567 2901; x_wconf 88' lang='lat' dir='ltr'><strong>dedit,</strong></span> <span class='ocrx_word' id='word_1_195' title='bbox 595 2824 721 2901; x_wconf 90' lang='lat' dir='ltr'><strong>recepit,</strong></span> <span class='ocrx_word' id='word_1_196' title='bbox 753 2822 846 2882; x_wconf 92' lang='lat' dir='ltr'><strong>oculis</strong></span> <span class='ocrx_word' id='word_1_197' title='bbox 869 2821 997 2882; x_wconf 85' lang='lat' dir='ltr'><strong>admovit</strong></span> <span class='ocrx_word' id='word_1_198' title='bbox 1021 2856 1063 2865; x_wconf 95' lang='lat'><em>-</em></span> <span class='ocrx_word' id='word_1_199' title='bbox 1087 2826 1224 2902; x_wconf 90' lang='lat' dir='ltr'><strong>protinus</strong></span> <span class='ocrx_word' id='word_1_200' title='bbox 1246 2824 1328 2885; x_wconf 84' lang='lat' dir='ltr'><strong>vidit.</strong></span> 
     </span>
    </p>
   </div>
   <div class='ocr_carea' id='block_1_3' title="bbox 271 2907 1331 3431">
    <p class='ocr_par' dir='ltr' id='par_1_10' title="bbox 323 2907 1331 3077">
     <span class='ocr_line' id='line_1_28' title="bbox 324 2907 1331 2991; baseline 0.003 -23"><span class='ocrx_word' id='word_1_201' title='bbox 324 2908 517 2988; x_wconf 88' lang='lat' dir='ltr'><strong>Stupentibus</strong></span> <span class='ocrx_word' id='word_1_202' title='bbox 540 2911 592 2987; x_wconf 88' lang='lat' dir='ltr'><strong>qui</strong></span> <span class='ocrx_word' id='word_1_203' title='bbox 615 2907 737 2969; x_wconf 91' lang='lat' dir='ltr'><strong>aderant</strong></span> <span class='ocrx_word' id='word_1_204' title='bbox 763 2910 896 2988; x_wconf 89' lang='lat' dir='ltr'><strong>praeibat</strong></span> <span class='ocrx_word' id='word_1_205' title='bbox 922 2911 1072 2990; x_wconf 86' lang='lat' dir='ltr'><strong>exultans,</strong></span> <span class='ocrx_word' id='word_1_206' title='bbox 1104 2913 1180 2971; x_wconf 87' lang='lat' dir='ltr'><strong>riam</strong></span> <span class='ocrx_word' id='word_1_207' title='bbox 1202 2930 1331 2991; x_wconf 85' lang='lat' dir='ltr'><strong>carpens</strong></span> 
     </span>
     <span class='ocr_line' id='line_1_29' title="bbox 323 2996 985 3077; baseline 0.003 -21"><span class='ocrx_word' id='word_1_208' title='bbox 323 3005 354 3057; x_wconf 90' lang='lat' dir='ltr'><strong>et</strong></span> <span class='ocrx_word' id='word_1_209' title='bbox 375 2999 437 3057; x_wconf 86' lang='lat' dir='ltr'><strong>viae</strong></span> <span class='ocrx_word' id='word_1_210' title='bbox 461 2996 567 3057; x_wconf 89' lang='lat' dir='ltr'><strong>ducem</strong></span> <span class='ocrx_word' id='word_1_211' title='bbox 590 2996 716 3057; x_wconf 89' lang='lat' dir='ltr'><strong>ulterius</strong></span> <span class='ocrx_word' id='word_1_212' title='bbox 739 3016 797 3057; x_wconf 90' lang='lat' dir='ltr'><strong>non</strong></span> <span class='ocrx_word' id='word_1_213' title='bbox 822 3001 985 3077; x_wconf 79' lang='lat' dir='ltr'><strong>requirens</strong></span> 
     </span>
    </p>

    <p class='ocr_par' dir='ltr' id='par_1_11' title="bbox 410 3084 1329 3166">
     <span class='ocr_line' id='line_1_30' title="bbox 410 3084 1329 3166; baseline 0.005 -22"><span class='ocrx_word' id='word_1_214' title='bbox 410 3084 563 3146; x_wconf 87' lang='lat' dir='ltr'><strong>Memorati</strong></span> <span class='ocrx_word' id='word_1_215' title='bbox 586 3088 756 3146; x_wconf 89' lang='lat' dir='ltr'><strong>memoriam</strong></span> <span class='ocrx_word' id='word_1_216' title='bbox 776 3089 921 3166; x_wconf 81' lang='lat' dir='ltr'><strong>martyris,</strong></span> <span class='ocrx_word' id='word_1_217' title='bbox 944 3105 1018 3164; x_wconf 88' lang='lat' dir='ltr'><strong>quae</strong></span> <span class='ocrx_word' id='word_1_218' title='bbox 1041 3090 1135 3165; x_wconf 89' lang='lat' dir='ltr'><strong>posita</strong></span> <span class='ocrx_word' id='word_1_219' title='bbox 1158 3090 1257 3149; x_wconf 91' lang='lat' dir='ltr'><strong>estin</strong></span> <span class='ocrx_word' id='word_1_220' title='bbox 1281 3108 1329 3149; x_wconf 88' lang='lat' dir='ltr'><strong>ca·</strong></span> 
     </span>
    </p>

    <p class='ocr_par' dir='ltr' id='par_1_12' title="bbox 271 3172 1331 3257">
     <span class='ocr_line' id='line_1_31' title="bbox 271 3172 1331 3257; baseline 0.005 -25"><span class='ocrx_word' id='word_1_221' title='bbox 271 3184 304 3231; x_wconf 78' lang='lat'><strong>30</strong></span> <span class='ocrx_word' id='word_1_222' title='bbox 324 3173 408 3233; x_wconf 90' lang='lat' dir='ltr'><strong>stello</strong></span> <span class='ocrx_word' id='word_1_223' title='bbox 437 3172 593 3254; x_wconf 91' lang='lat' dir='ltr'><strong>Sinitensi,</strong></span> <span class='ocrx_word' id='word_1_224' title='bbox 623 3174 701 3252; x_wconf 81' lang='lat' dir='ltr'><strong>qtrod</strong></span> <span class='ocrx_word' id='word_1_225' title='bbox 730 3174 925 3253; x_wconf 87' lang='lat' dir='ltr'><strong>Hipponiensi</strong></span> <span class='ocrx_word' id='word_1_226' title='bbox 954 3174 1085 3235; x_wconf 88' lang='lat' dir='ltr'><strong>coloniae</strong></span> <span class='ocrx_word' id='word_1_227' title='bbox 1115 3178 1244 3236; x_wconf 87' lang='lat' dir='ltr'><strong>vicinum</strong></span> <span class='ocrx_word' id='word_1_228' title='bbox 1274 3186 1331 3257; x_wconf 89' lang='lat' dir='ltr'><strong>est,</strong></span> 
     </span>
    </p>

    <p class='ocr_par' dir='ltr' id='par_1_13' title="bbox 322 3261 1330 3343">
     <span class='ocr_line' id='line_1_32' title="bbox 322 3261 1330 3343; baseline 0.004 -22"><span class='ocrx_word' id='word_1_229' title='bbox 322 3261 454 3321; x_wconf 89' lang='lat' dir='ltr'><strong>eiusdem</strong></span> <span class='ocrx_word' id='word_1_230' title='bbox 477 3261 535 3322; x_wconf 91' lang='lat' dir='ltr'><strong>loci</strong></span> <span class='ocrx_word' id='word_1_231' title='bbox 557 3262 687 3324; x_wconf 90' lang='lat' dir='ltr'><strong>Lucillus</strong></span> <span class='ocrx_word' id='word_1_232' title='bbox 710 3266 866 3341; x_wconf 89' lang='lat' dir='ltr'><strong>episcopus</strong></span> <span class='ocrx_word' id='word_1_233' title='bbox 889 3262 997 3342; x_wconf 87' lang='lat' dir='ltr'><strong>pupulo</strong></span> <span class='ocrx_word' id='word_1_234' title='bbox 1020 3264 1215 3342; x_wconf 86' lang='lat' dir='ltr'><strong>praecedente</strong></span> <span class='ocrx_word' id='word_1_235' title='bbox 1239 3273 1330 3343; x_wconf 89' lang='lat' dir='ltr'><strong>atque</strong></span> 
     </span>
    </p>

    <p class='ocr_par' dir='ltr' id='par_1_14' title="bbox 322 3350 1329 3431">
     <span class='ocr_line' id='line_1_33' title="bbox 322 3350 1329 3431; baseline 0.002 -22"><span class='ocrx_word' id='word_1_236' title='bbox 322 3358 465 3427; x_wconf 89' lang='lat' dir='ltr'><strong>sequente</strong></span> <span class='ocrx_word' id='word_1_237' title='bbox 487 3350 631 3428; x_wconf 85' lang='lat' dir='ltr'><strong>portabat.</strong></span> <span class='ocrx_word' id='word_1_238' title='bbox 677 3350 801 3431; x_wconf 84' lang='lat' dir='ltr'><strong>Fistula,</strong></span> <span class='ocrx_word' id='word_1_239' title='bbox 831 3352 916 3411; x_wconf 92' lang='lat' dir='ltr'><strong>cuius</strong></span> <span class='ocrx_word' id='word_1_240' title='bbox 939 3351 1072 3412; x_wconf 87' lang='lat' dir='ltr'><strong>molestia</strong></span> <span class='ocrx_word' id='word_1_241' title='bbox 1095 3354 1151 3411; x_wconf 83' lang='lat' dir='ltr'><strong>iarn</strong></span> <span class='ocrx_word' id='word_1_242' title='bbox 1175 3352 1226 3411; x_wconf 93' lang='lat' dir='ltr'><strong>diu</strong></span> <span class='ocrx_word' id='word_1_243' title='bbox 1249 3352 1329 3412; x_wconf 91' lang='lat' dir='ltr'><strong>labo-</strong></span> 
     </span>
    </p>
   </div>
   <div class='ocr_carea' id='block_1_4' title="bbox 318 3548 1335 3832">
    <p class='ocr_par' dir='ltr' id='par_1_15' title="bbox 318 3548 1335 3832">
     <span class='ocr_line' id='line_1_34' title="bbox 389 3548 1335 3621; baseline 0.006 -21"><span class='ocrx_word' id='word_1_244' title='bbox 389 3548 628 3618; x_wconf 74' lang='lat' dir='ltr'><strong>tffipponensisv</strong></span> <span class='ocrx_word' id='word_1_245' title='bbox 640 3550 650 3618; x_wconf 81' lang='grc' dir='ltr'><strong>[Ι</strong></span> <span class='ocrx_word' id='word_1_246' title='bbox 665 3554 698 3601; x_wconf 84' lang='grc'><strong>14</strong></span> <span class='ocrx_word' id='word_1_247' title='bbox 708 3548 941 3617; x_wconf 63' lang='lat' dir='ltr'><strong>eeibosoRAGn3</strong></span> <span class='ocrx_word' id='word_1_248' title='bbox 951 3551 1059 3603; x_wconf 82' lang='lat' dir='ltr'><strong>cebobso</strong></span> <span class='ocrx_word' id='word_1_249' title='bbox 1067 3550 1095 3616; x_wconf 73' lang='grc' dir='ltr'><strong>ὸς</strong></span> <span class='ocrx_word' id='word_1_250' title='bbox 1107 3552 1202 3605; x_wconf 80' lang='lat' dir='ltr'><strong>cattuso</strong></span> <span class='ocrx_word' id='word_1_251' title='bbox 1210 3553 1335 3621; x_wconf 69' lang='lat' dir='ltr'><strong>ueppup</strong></span> 
     </span>
     <span class='ocr_line' id='line_1_35' title="bbox 319 3618 1335 3691; baseline 0.004 -21"><span class='ocrx_word' id='word_1_252' title='bbox 319 3622 353 3670; x_wconf 88' lang='grc'><strong>22</strong></span> <span class='ocrx_word' id='word_1_253' title='bbox 367 3618 499 3672; x_wconf 79' lang='lat' dir='ltr'><strong>efferente</strong></span> <span class='ocrx_word' id='word_1_254' title='bbox 512 3621 541 3674; x_wconf 85' lang='lat' dir='ltr'><em>R</em></span> <span class='ocrx_word' id='word_1_255' title='bbox 557 3622 567 3688; x_wconf 83' lang='grc' dir='ltr'><strong>ΙΙ</strong></span> <span class='ocrx_word' id='word_1_256' title='bbox 585 3625 619 3672; x_wconf 79' lang='grc'><strong>23</strong></span> <span class='ocrx_word' id='word_1_257' title='bbox 632 3618 763 3686; x_wconf 74' lang='lat' dir='ltr'><strong>martyris</strong></span> <span class='ocrx_word' id='word_1_258' title='bbox 778 3618 984 3690; x_wconf 63' lang='lat' dir='ltr'><strong>RAGnaepp3</strong></span> <span class='ocrx_word' id='word_1_259' title='bbox 1002 3619 1136 3689; x_wconf 84' lang='lat' dir='ltr'><strong>reliquiae</strong></span> <span class='ocrx_word' id='word_1_260' title='bbox 1150 3622 1231 3674; x_wconf 82' lang='lat' dir='ltr'><strong>mari.</strong></span> <span class='ocrx_word' id='word_1_261' title='bbox 1247 3622 1310 3691; x_wconf 79' lang='lat' dir='ltr'><strong>bap</strong></span> <span class='ocrx_word' id='word_1_262' title='bbox 1323 3624 1335 3691; x_wconf 71' lang='grc' dir='ltr'><strong>ΙΙ</strong></span> 
     </span>
     <span class='ocr_line' id='line_1_36' title="bbox 318 3688 1334 3763; baseline 0.005 -22"><span class='ocrx_word' id='word_1_263' title='bbox 318 3689 453 3741; x_wconf 84' lang='lat' dir='ltr'><strong>memorie</strong></span> <span class='ocrx_word' id='word_1_264' title='bbox 468 3690 605 3759; x_wconf 63' lang='lat' dir='ltr'><strong>An¹epp3</strong></span> <span class='ocrx_word' id='word_1_265' title='bbox 619 3688 782 3742; x_wconf 77' lang='lat' dir='ltr'><strong>memoriam</strong></span> <span class='ocrx_word' id='word_1_266' title='bbox 796 3688 906 3755; x_wconf 54' lang='grc' dir='ltr'><strong>Μὴ</strong></span> <span class='ocrx_word' id='word_1_267' title='bbox 921 3690 957 3743; x_wconf 87' lang='lat' dir='ltr'><strong>ad</strong></span> <span class='ocrx_word' id='word_1_268' title='bbox 972 3690 1032 3744; x_wconf 89' lang='lat' dir='ltr'><strong>eius</strong></span> <span class='ocrx_word' id='word_1_269' title='bbox 1046 3692 1208 3745; x_wconf 79' lang='lat' dir='ltr'><strong>memoriam</strong></span> <span class='ocrx_word' id='word_1_270' title='bbox 1223 3693 1334 3763; x_wconf 75' lang='lat' dir='ltr'><strong>edepl</strong></span> 
     </span>
     <span class='ocr_line' id='line_1_37' title="bbox 318 3758 1333 3832; baseline 0.009 -23"><span class='ocrx_word' id='word_1_271' title='bbox 318 3758 471 3812; x_wconf 77' lang='lat' dir='ltr'><strong>ueniebant</strong></span> <span class='ocrx_word' id='word_1_272' title='bbox 487 3778 523 3813; x_wconf 86' lang='lat' dir='ltr'><strong>m.</strong></span> <span class='ocrx_word' id='word_1_273' title='bbox 542 3760 738 3812; x_wconf 79' lang='lat' dir='ltr'><strong>multitudines</strong></span> <span class='ocrx_word' id='word_1_274' title='bbox 758 3759 810 3828; x_wconf 74' lang='lat' dir='ltr'><strong>dp</strong></span> <span class='ocrx_word' id='word_1_275' title='bbox 828 3764 862 3811; x_wconf 86' lang='grc'><strong>24</strong></span> <span class='ocrx_word' id='word_1_276' title='bbox 881 3774 1031 3814; x_wconf 85' lang='lat' dir='ltr'><strong>concursus</strong></span> <span class='ocrx_word' id='word_1_277' title='bbox 1050 3763 1079 3815; x_wconf 76' lang='lat' dir='ltr'><strong>eb</strong></span> <span class='ocrx_word' id='word_1_278' title='bbox 1097 3778 1226 3816; x_wconf 82' lang='lat' dir='ltr'><strong>occursus</strong></span> <span class='ocrx_word' id='word_1_279' title='bbox 1246 3764 1333 3832; x_wconf 81' lang='lat' dir='ltr'><strong>abvp</strong></span> 
     </span>
    </p>
   </div>
   <div class='ocr_carea' id='block_1_5' title="bbox 325 4075 486 4143">
    <p class='ocr_par' dir='ltr' id='par_1_16' title="bbox 325 4075 486 4143">
     <span class='ocr_line' id='line_1_38' title="bbox 325 4075 486 4143; baseline 0 0"><span class='ocrx_word' id='word_1_280' title='bbox 325 4075 486 4143; x_wconf 62' lang='lat' dir='ltr'>A</span> 
     </span>
    </p>
   </div>
   <div class='ocr_carea' id='block_1_6' title="bbox 0 0 1646 4459">
    <p class='ocr_par' dir='ltr' id='par_1_17' title="bbox 0 0 1646 4459">
     <span class='ocr_line' id='line_1_39' title="bbox 0 0 1646 4459; baseline 0 3"><span class='ocrx_word' id='word_1_281' title='bbox 0 0 1646 4459; x_wconf 95' lang='lat' dir='ltr'><strong> </strong></span> 
     </span>
    </p>
   </div>
  </div>
 </body>
</html>
