3284 4459
565 541 607 582 ns
621 540 870 582 cmnsrsnmu
884 541 934 581 xv.
948 539 971 581 d.
985 539 1017 580 as.
1231 529 1294 591 115

284 676 412 738 Humani
445 679 554 757 quippe
589 678 724 756 corporis
756 675 907 756 longitudo
938 694 955 735 a
987 678 1098 737 vertice
1130 695 1225 758 usque
1257 677 1294 738 ad

285 767 408 844 vestigia
432 767 550 826 sexiens
573 773 688 826 tantum
710 764 799 825 hahet
822 782 911 843 quam
933 763 1066 845 latitudo,
1089 783 1164 844 quae
1188 772 1235 827 est
1257 765 1294 826 ab

285 872 345 916 uno
365 854 456 914 latere
475 852 511 914 ad
530 853 655 915 alterum
678 853 763 933 latus,
787 863 817 914 et
840 852 959 913 deciens
983 861 1096 913 tantum
1120 871 1208 932 quam
1230 853 1293 915 alti·

284 943 371 1022 tudo,
400 945 485 1003 cuius
513 941 677 1003 altitudinis
706 959 846 1002 mensura
869 943 968 1002 estin
991 941 1083 1002 latere
1106 960 1122 1001 a
1146 941 1234 1002 dorso
1257 941 1293 1002 ad

284 1039 435 1111 ventrem3
467 1029 547 1091 velut
578 1033 604 1090 si
634 1033 779 1090 iacentem
809 1028 959 1090 hominem
991 1032 1124 1091 metiaris
1155 1032 1329 1109 supinumt

285 1138 339 1180 seu
359 1137 496 1199 pronum,
520 1120 637 1179 sexiens
654 1126 769 1178 tantum
788 1118 894 1196 longus
913 1126 959 1178 est
977 1135 993 1177 a
1016 1121 1111 1199 eapite
1134 1117 1170 1178 ad
1193 1118 1294 1198 pedes,

284 1225 375 1287 quam
393 1207 470 1267 latus
489 1225 505 1267 a
526 1206 629 1268 dextra
647 1209 678 1266 iu
698 1208 848 1266 sinistram
867 1205 911 1265 vel
930 1224 946 1266 a
965 1208 1084 1266 sinistra
1102 1209 1133 1267 in
1152 1207 1294 1287 dextram,

284 1306 317 1357 et
339 1295 469 1375 deciens,
491 1312 580 1374 quam
598 1295 674 1355 altus
697 1313 712 1354 a
735 1303 825 1355 terra.
869 1292 953 1354 Unde
977 1295 1053 1354 lacta
1076 1303 1122 1356 est
1145 1313 1213 1355 arca
1234 1303 1294 1355 tre·

285 1392 443 1446 centorum
461 1385 492 1444 in
515 1381 698 1462 longitudine
721 1381 890 1443 cubitorum
913 1392 943 1443 ct
966 1384 1177 1462 quinquaginta
1199 1386 1231 1443 in
1253 1383 1293 1444 la·

285 1472 413 1534 titudine
450 1481 480 1532 et
515 1473 636 1550 triginta
672 1473 703 1530 in
740 1467 902 1531 altitudine.
948 1469 988 1531 Et
1018 1471 1096 1550 quud
1124 1473 1232 1532 ostium
1261 1473 1293 1531 in
1314 1481 1346 1530 ιο

285 1561 378 1621 latere
398 1562 520 1639 accepit,
542 1559 676 1640 prolecto
694 1557 766 1619 illud
785 1567 832 1619 est
849 1557 964 1640 vulnus,
987 1560 1104 1637 quaudo
1127 1559 1204 1620 latus
1227 1577 1294 1620 cru·

286 1649 368 1710 cifixi
390 1648 490 1708 lancea
513 1648 697 1726 periuratum
720 1656 778 1728 est;
800 1646 855 1707 hac
878 1649 988 1726 quippe
1011 1647 1048 1707 ad
1070 1647 1153 1707 illum
1175 1649 1293 1708 venien·

286 1747 332 1798 tes
356 1736 577 1815 ingrediuntur,
606 1737 673 1814 quia
697 1733 765 1795 inde
789 1745 972 1794 sacramenta
994 1743 1163 1816 manarunt,
1186 1735 1295 1815 quibus

287 1826 443 1886 credentes
475 1826 638 1884 initiantur.
688 1822 727 1883 Et
758 1823 837 1901 quod
869 1823 905 1884 de
928 1823 1015 1902 lignis
1048 1823 1198 1902 quadratis
1230 1825 1295 1884 lieri

286 1912 417 1993 iubetur,
440 1912 571 1990 undique
590 1910 724 1972 stabilem
743 1911 832 1971 vitam
850 1920 1021 1973 sanctorum
1044 1913 1200 1992 significat3
1224 1931 1294 1990 qua·
1315 1922 1347 1972 15

287 2019 415 2080 cumque
440 2003 519 2061 enim
541 2001 666 2060 verteris
689 1998 877 2079 quadratum,
908 1999 1009 2081 stabit3
1032 2009 1062 2060 et
1085 2008 1197 2080 cetera,
1221 2018 1295 2078 quae

286 2093 317 2150 in
342 2089 476 2150 eiusdem
499 2106 583 2149 arcae
606 2089 829 2148 constructione
852 2087 1008 2169 dicuntur,
1030 2087 1296 2149 ecclesiasticarum

287 2181 370 2257 signa
394 2184 464 2238 sunt
487 2194 596 2237 rerum.

378 2265 436 2326 Sed
460 2283 494 2325 ea
516 2283 596 2325 nunc
619 2267 760 2345 persequi
782 2263 903 2342 longum
926 2271 986 2344 est;
1014 2273 1044 2324 et
1065 2263 1122 2324 hue
1143 2266 1203 2323 iam
1225 2264 1294 2325 leci·

287 2373 354 2416 mus
372 2357 404 2414 in
427 2371 531 2433 opere,
560 2352 639 2431 quod
662 2352 803 2413 adversus
821 2351 963 2412 Faustum
982 2351 1183 2412 Manichaeum
1203 2355 1294 2431 scrip·
1314 2363 1348 2412 20

288 2446 392 2524 simus,
415 2451 571 2520 negantem
594 2443 625 2500 in
648 2439 850 2501 Hebraeorum
877 2439 962 2500 libris
986 2439 1094 2518 aliquid
1118 2440 1154 2500 de
1178 2438 1295 2500 Christo

288 2549 355 2591 esse
386 2528 602 2610 prophetatum.
648 2527 686 2588 Et
716 2529 781 2588 lieri
808 2527 928 2606 quidem
955 2536 1068 2612 potest,
1097 2536 1132 2588 ut
1158 2535 1189 2588 et
1210 2527 1296 2588 nubis

288 2620 433 2698 quispiam
461 2626 492 2678 et
518 2617 593 2677 alius
620 2616 676 2677 alio
704 2626 831 2695 exponat
858 2615 931 2676 haec
954 2618 1064 2696 aptius,
1092 2615 1163 2676 dum
1195 2624 1295 2676 tamen

288 2726 334 2788 ea,
363 2724 439 2784 quae
462 2705 615 2785 dicuutur,
642 2704 678 2764 ad
705 2704 780 2764 hanc
808 2704 845 2764 de
869 2722 926 2782 qua
949 2704 1098 2783 loquimur
1121 2703 1175 2764 Dei
1197 2705 1295 2765 civita·

287 2805 347 2855 tem
372 2797 403 2854 in
427 2794 482 2854 hoc
506 2793 623 2854 saeculo
651 2792 777 2872 maligno
806 2801 955 2871 tamquam
977 2795 1009 2853 in
1032 2792 1141 2852 diluvic
1165 2795 1295 2871 peregri·
1314 2801 1349 2852 att

288 2891 408 2944 nantem
440 2883 537 2942 omnia
569 2881 754 2961 referantur,
788 2882 814 2941 si
850 2880 886 2940 ab
923 2883 987 2940 eius
1015 2898 1118 2961 seusu,
1150 2883 1202 2958 qui
1239 2883 1296 2941 ista

288 2971 475 3050 conscripsit,
493 2987 553 3029 uon
572 2967 634 3030 vult
651 2969 737 3048 longe
757 2967 905 3049 aberrare,
928 2970 980 3046 qui
998 2971 1125 3048 exponit.
1161 2967 1297 3048 Exempli

288 3061 391 3139 gratia,
410 3057 489 3121 velut
508 3059 533 3116 si
552 3059 707 3137 quispiam,
729 3056 808 3134 quod
827 3055 876 3116 hie
894 3057 1039 3134 scriptum
1057 3066 1116 3117 est:
1139 3056 1296 3132 Inferioru

288 3150 478 3209 bicamerata
500 3154 531 3206 et
552 3148 753 3206 tricamerata
773 3144 873 3220 facies
895 3161 975 3219 eam,
1003 3162 1062 3204 nou
1086 3146 1164 3222 quod
1187 3164 1242 3225 ego.
1264 3147 1296 3206 in

288 3235 337 3295 illu
366 3252 456 3314 opere
485 3233 545 3294 dixi
574 3232 643 3294 velit
670 3232 814 3313 intellegi,
842 3234 910 3309 quia
938 3250 975 3292 ex
998 3231 1134 3293 omnibus
1157 3232 1295 3312 gentibus
1314 3246 1349 3293 au

287 3322 412 3384 ecclesia
448 3330 660 3402 congregatur,
697 3319 905 3381 bicameratam
943 3319 1051 3381 dictam
1082 3330 1205 3401 propter
1237 3322 1294 3381 duo

287 3429 396 3490 genera
423 3409 592 3490 hominum,
620 3411 876 3470 cirumcisionem
904 3408 1018 3468 scilicet
1047 3415 1078 3469 et
1098 3411 1295 3489 praeputium,

288 3517 362 3577 quos
397 3497 547 3576 apostolus
586 3506 616 3558 et
655 3496 710 3557 alio
745 3496 832 3557 modo
872 3496 944 3556 dicit
981 3495 1105 3557 ludaeos
1142 3504 1172 3555 et
1206 3495 1295 3556 Grae-

359 3635 403 3698 12)
421 3631 460 3688 10.
481 3637 522 3699 19,
541 3638 583 3686 34.
620 3632 665 3698 20)
684 3631 715 3688 t.
736 3637 778 3686 12.
797 3647 819 3687 e.
842 3636 883 3688 14.
919 3633 964 3700 aa)
983 3630 1051 3687 (ren
1070 3637 1095 3698 e,
1115 3634 1157 3685 1e.

359 3797 373 3843 l
390 3790 427 3843 ud
440 3789 774 3857 om.1t;ef.101‚11;26
787 3791 796 3859 ll
810 3796 843 3844 17
859 3806 922 3842 cum
936 3789 1042 3842 eisdem
1058 3788 1111 3854 V¹3
1126 3787 1156 3839 in
1169 3786 1296 3840 ciusdem

293 3880 348 3949 1⁷¹3
367 3895 431 3934 cum
445 3878 476 3933 in
489 3877 615 3932 eiusdem
629 3864 717 3945 ffel,
736 3894 799 3932 cum
812 3877 939 3931 eiusdem
952 3874 995 3930 E·
1009 3878 1018 3944 ll
1032 3881 1065 3928 29
1079 3874 1253 3927 bicamaraiu
1268 3875 1297 3928 R

609 3961 614 3970 .
1049 3961 1083 4016 8,
