3284 4459
321 503 389 566 404
723 514 744 556 s.
758 513 923 556 auersam

322 659 422 713 sanata
450 649 660 712 inmortalitate
688 659 777 728 atquc
803 649 1028 726 incorruptione
1051 657 1155 708 natrrra
1179 649 1247 708 vitia
1270 664 1331 708 non

322 738 443 802 babebit
466 756 521 800 nec
544 740 704 816 unicuique
736 744 871 798 nostrum
894 735 940 796 val
962 733 999 796 ab
1022 735 1078 796 alio
1102 735 1148 796 vel
1171 752 1187 795 a
1210 753 1242 796 se
1265 737 1332 814 ipso

323 829 474 907 quippiam
501 825 692 907 repugnabit,
720 843 779 886 non
802 842 879 903 opus
901 825 960 884 erit
982 831 1016 885 ut
1038 825 1114 885 ratio
1137 825 1232 905 vitiis,
1255 841 1333 903 quae

323 915 403 977 nulla
425 922 523 995 arunt,
544 917 686 995 imperet3
710 913 762 974 sed
785 911 943 993 imperabit
964 910 1045 973 Deus
1066 911 1193 994 bomini,
1215 913 1333 973 enlmus

288 1013 304 1062 o
323 1005 457 1085 corpori,
483 1011 622 1082 lacuque
645 1002 687 1063 ibi
715 1004 772 1062 erit
794 1000 970 1062 oboediendi
993 1002 1121 1062 suavitas
1143 1008 1175 1062 et
1197 1000 1332 1081 facilitas,

325 1100 432 1172 quama
469 1091 584 1152 vivendi
620 1089 821 1170 regnandique
859 1089 991 1151 lelicitas.
1035 1087 1073 1150 Et
1109 1088 1167 1150 boc
1204 1089 1264 1150 illic
1300 1091 1333 1149 in

324 1179 462 1242 omuibus
498 1188 586 1260 atque
622 1180 654 1241 in
686 1177 809 1257 singulis
841 1188 994 1240 aeteruum
1027 1179 1085 1239 erit
1115 1185 1332 1256 aeternumque

324 1286 390 1331 esse
413 1277 528 1330 certum
551 1270 623 1348 erit,
646 1275 677 1328 et
699 1267 765 1328 ldeo
788 1285 844 1347 pax
867 1266 1059 1326 beatitudinis
1081 1265 1171 1326 buius
1194 1265 1241 1326 rcl
1262 1264 1332 1327 bea·

324 1356 419 1418 titudo
443 1360 524 1436 pacis
546 1356 636 1418 buius
658 1373 807 1417 summum
830 1354 942 1415 bonum
963 1357 1031 1422 orit

273 1616 305 1665 10
680 1595 798 1665 Garun
816 1597 969 1664 XXVIII.

427 1726 464 1786 In
487 1743 573 1801 quem
593 1730 685 1800 tinem
707 1734 853 1787 uenturus
875 1729 1037 1787 attentius
1060 1728 1227 1802 implorum.

412 1847 523 1909 Eorum
546 1858 658 1932 autem,
686 1851 737 1929 qui
760 1868 819 1910 non
842 1850 993 1930 pertinent
1015 1847 1051 1909 ad
1075 1851 1159 1910 istam
1183 1851 1332 1910 civitatem

325 1937 466 2019 Deiecit
484 1955 501 1997 e
519 1940 667 1999 contrario
686 1940 804 1999 miseria
829 1940 1017 2017 sempiterna,
1039 1956 1114 2016 quae
1137 1956 1218 1998 mors
1241 1940 1333 1998 ctiam

325 2026 454 2088 secunda
481 2026 602 2100 dicitur,
633 2027 700 2105 quia
729 2044 784 2087 nec
811 2029 906 2087 amma
934 2025 975 2086 ibi
1003 2026 1099 2086 vivere
1129 2024 1252 2087 dicenda
1275 2036 1333 2106 est,

272 2128 305 2176 15
325 2132 399 2193 quae
427 2132 443 2175 a
471 2115 528 2177 rita
551 2113 604 2174 Dei
627 2114 751 2176 alienata
774 2115 846 2195 erit,
874 2132 929 2176 nee
953 2132 1075 2195 corpus,
1098 2113 1177 2193 quod
1200 2116 1332 2181 aeternis

325 2201 477 2263 doloribus
496 2202 672 2284 subiacebit3
695 2220 728 2263 ac
750 2221 805 2283 per
828 2202 885 2264 hoc
908 2201 973 2263 ideo
997 2203 1099 2262 durior
1122 2205 1178 2265 ista
1201 2203 1333 2264 secunda

325 2308 405 2351 mors
435 2292 505 2371 erit,
532 2293 602 2370 quia
628 2291 707 2351 finiri
734 2301 830 2352 morte
858 2309 917 2351 non
945 2293 1063 2371 poterit.
1110 2289 1167 2352 Sed
1191 2294 1333 2370 quoniam

325 2381 402 2441 sicut
431 2380 549 2440 miseria
578 2377 753 2441 beatitudini
780 2388 811 2440 ct
838 2397 918 2440 mors
946 2381 1037 2458 vitae,
1063 2381 1105 2439 ita
1131 2377 1241 2440 bellum
1264 2383 1333 2459 paci

324 2467 441 2530 videtur
471 2485 536 2528 esse
569 2469 764 2528 contrarium:
795 2469 901 2528 merito
925 2469 1090 2546 quaeritur,
1120 2469 1197 2528 sicut
1219 2485 1275 2547 par
1298 2471 1333 2529 in

272 2568 305 2616 20
324 2555 471 2617 bonorum
502 2555 610 2617 finibus
637 2555 803 2634 praedicata
833 2563 878 2616 est
906 2563 993 2634 atque
1022 2555 1150 2635 laudata,
1177 2555 1255 2634 quod
1283 2558 1334 2618 vel

325 2643 410 2723 quale
433 2641 544 2704 bellum
567 2662 583 2704 e
607 2646 754 2704 contrario
777 2645 807 2704 in
830 2643 939 2704 flnibus
962 2643 1104 2704 malorum
1128 2646 1222 2723 possit
1243 2643 1334 2705 intel-

325 2731 391 2809 legi.
435 2729 545 2793 Verum
581 2734 632 2810 qui
667 2731 724 2792 boc
756 2734 885 2812 quaerit,
917 2729 1055 2792 adtendat
1086 2730 1157 2810 quid
1189 2733 1221 2793 in
1252 2731 1333 2794 bello

326 2821 446 2880 nonium
476 2821 734 2899 perniciosumque
764 2823 816 2899 sit,
845 2829 876 2880 et
903 2818 1012 2880 videbit
1039 2819 1112 2881 nibil
1139 2818 1218 2881 aliud
1241 2839 1333 2900 quam

326 2924 427 2969 rerum
450 2925 515 2968 csse
538 2909 617 2969 inter
635 2925 667 2968 se
687 2905 892 2969 adversitatem
916 2917 1003 2987 atque
1027 2907 1206 2971 conflictum.
1243 2907 1333 2980 Quod

273 3007 306 3056 ab
326 2998 416 3075 igitur
448 2994 557 3056 bellum
584 2997 702 3075 gravius
729 3004 760 3056 et
791 2999 920 3058 amarius
947 2998 1069 3074 cogitari
1096 3004 1211 3075 potest,
1240 3015 1334 3076 quarn

326 3083 377 3146 ubi
399 3083 533 3145 voluntas
556 3085 599 3145 sic
621 3083 741 3144 adversa
764 3092 810 3145 cst
832 3086 962 3164 passioni
991 3093 1021 3145 et
1048 3087 1146 3164 passio
1177 3085 1335 3169 volomtati,

326 3181 360 3234 ut
376 3172 486 3234 nullius
505 3190 606 3233 earum
625 3174 746 3233 ulctoria
768 3171 842 3233 tales
861 3174 1029 3234 inimicitiae
1048 3172 1202 3256 finiantur,
1223 3181 1255 3234 et
1276 3173 1335 3237 ubi

326 3265 368 3322 sic
392 3260 522 3340 confligit
540 3278 609 3321 cum
626 3263 689 3339 ipsa
708 3269 812 3321 natura
835 3262 970 3340 corporis
992 3263 1035 3320 vis
1058 3259 1176 3342 doloris,
1199 3270 1234 3324 ut
1255 3279 1333 3324 neu-

326 3358 405 3410 trum
429 3348 513 3410 alteri
544 3346 649 3411 cedat?
694 3347 749 3408 Illo
772 3350 851 3408 enim
873 3346 990 3427 quando
1014 3351 1157 3428 confingit
1179 3352 1235 3412 iste
1258 3369 1334 3416 con-

273 3448 307 3497 30
326 3437 432 3519 llictus,
456 3446 506 3497 aut
524 3436 606 3497 dolor
624 3437 715 3498 vlncit
732 3444 763 3497 ct
780 3453 901 3498 sensum
919 3453 1000 3497 mors
1018 3434 1127 3518 adimit,
1150 3436 1201 3500 aut
1222 3448 1334 3502 natura

395 3581 439 3648 aa)
458 3577 544 3646 apoc.
564 3583 589 3643 a,
606 3583 651 3645 11³
671 3584 713 3644 ao,
729 3583 758 3644 c;
778 3583 821 3645 21,
836 3582 860 3630 e.

392 3775 408 3824 3
429 3769 584 3838 quidquam
601 3785 618 3823 a
635 3770 645 3838 l
663 3775 697 3822 at
717 3785 776 3824 esse
795 3786 846 3825 om.
862 3782 904 3840 'ap
981 3821 984 3824 ,
