3284 4459
329 504 370 568 78
737 519 939 563 souousnnu

327 655 400 736 Noe,
423 663 514 735 quoto
533 657 597 718 eius
615 674 692 716 anno
710 655 854 717 diluvium
875 656 986 717 factum
1008 663 1068 717 est:
1090 657 1141 735 qui
1164 656 1240 716 liunt
1261 674 1335 717 non·

328 746 409 824 genti
428 746 639 824 quinquaginta
658 746 798 824 quinque,
821 763 859 804 ex
882 762 940 823 quo
963 744 1156 805 Mathusalam
1173 753 1336 824 natusest,

327 850 423 911 nsque
442 832 478 893 ed
497 850 606 892 annum
624 832 734 894 diluvii.
779 831 891 893 Omnes
912 841 1011 894 eutem
1030 834 1099 892 anni
1121 834 1197 893 vitae
1220 831 1334 893 blathu-

328 920 418 980 salam
446 922 587 999 nongenti
614 921 764 999 sexaginta
791 939 897 982 novem
923 929 1135 1000 conputantur,
1158 921 1242 1001 quia,
1265 938 1335 981 cnm

293 1021 309 1069 5
327 1010 449 1069 vixisset
466 1026 559 1069 annos
578 1009 698 1069 centum
711 1009 862 1088 sexaginta
879 1017 994 1088 septem
1012 1016 1042 1069 et
1060 1010 1212 1088 genuisset
1233 1007 1336 1089 illlum,

328 1098 380 1175 qul
403 1103 449 1157 est
471 1096 633 1176 appellatus
652 1095 788 1176 Lamech,
810 1104 970 1176 postcom
992 1098 1124 1176 genitum
1146 1098 1219 1157 vixit
1241 1114 1336 1158 annm

328 1187 513 1264 octingentos
540 1184 612 1265 duo;
640 1186 691 1263 qui
719 1202 836 1266 omnes»,
858 1191 893 1246 ut
919 1184 1059 1266 diximus,
1087 1187 1229 1263 nongenti
1252 1203 1334 1246 sexa·

327 1275 408 1352 ginta
427 1291 531 1333 novom
551 1274 632 1333 liunt.
678 1271 761 1333 Unde
780 1272 921 1334 detractis
944 1275 1099 1352 nongentis
1122 1275 1336 1352 quinquaginta

329 1363 460 1440 quinque
489 1360 525 1421 ab
548 1370 617 1422 ortu
638 1360 815 1421 Mathusalae
840 1361 992 1440 usquead
1015 1360 1158 1422 diluvium
1180 1369 1338 1422 remanent

277 1463 310 1511 ιο
329 1449 583 1530 quattuordecim,
624 1447 732 1527 quibus
767 1451 876 1510 vixisse
911 1448 1044 1509 creditur
1079 1457 1147 1527 post
1182 1448 1336 1512 diluvium.

327 1537 454 1616 Propter
473 1537 551 1616 quod
571 1555 639 1598 cum
657 1536 800 1618 nonnulli,
824 1539 880 1598 etsi
899 1554 958 1597 non
976 1539 1007 1597 in
1029 1545 1119 1617 terra,
1140 1535 1193 1598 ubi
1215 1555 1335 1598 omnem

328 1643 461 1706 coenem,
488 1643 576 1704 quam
603 1627 701 1685 vivere
729 1627 760 1685 in
788 1627 873 1703 aquis
896 1633 1001 1686 natura
1024 1643 1084 1686 non
1107 1627 1191 1706 sinit,
1218 1634 1336 1686 constat

328 1715 420 1774 luisse
448 1712 589 1794 deletam,
616 1729 686 1774 cum
711 1720 795 1792 patre
823 1730 878 1774 suo
901 1715 952 1791 qui
975 1712 1135 1774 translatus
1162 1712 1261 1774 luerat
1282 1713 1333 1773 ali·

243 1786 255 1812 ’
329 1810 472 1882 quantum
502 1802 595 1863 luisse
627 1809 714 1880 atque
746 1799 801 1882 ibi,
837 1801 933 1861 donec
971 1801 1113 1862 diluvium
1147 1803 1335 1882 praeteriret,

277 1902 309 1951 15
329 1892 435 1951 vixisse
468 1889 662 1964 arbitrantur,
699 1889 834 1950 nolentes
870 1889 1013 1968 derogare
1049 1889 1135 1949 noem
1172 1888 1335 1970 codicibus,

330 1996 404 2057 quos
439 1979 472 2038 in
503 1979 709 2038 auctoritatem
740 1976 936 2038 celebriorem
967 1979 1100 2056 suscepit
1131 1977 1272 2058 ecclesia,
1304 1986 1335 2037 et

329 2066 485 2127 credentes
502 2064 680 2128 ludaeorum
701 2067 801 2145 potius
825 2083 913 2144 mam
935 2068 1008 2126 istos
1035 2083 1094 2127 non
1116 2064 1227 2126 babere
1252 2065 1332 2145 quod

330 2173 432 2215 verum
461 2161 515 2215 est.
560 2153 625 2214 Non
657 2156 736 2214 enim
764 2153 935 2235 admittunt,
965 2153 1044 2233 quod
1072 2155 1164 2232 magis
1191 2153 1239 2214 bic
1268 2171 1334 2214 esse

328 2245 459 2322 potuerit
486 2260 571 2303 error
598 2243 808 2323 interpretum,
836 2259 924 2321 quam
950 2244 982 2302 in
1009 2260 1043 2302 ea
1071 2242 1169 2320 lingua
1192 2259 1258 2302 esse
1281 2241 1334 2302 fal-

275 2343 309 2392 20
328 2350 407 2412 sum,
430 2330 509 2392 unde
531 2332 563 2390 in
587 2339 719 2391 nostram
740 2349 795 2410 per
818 2329 959 2390 Graecam
982 2333 1129 2409 scriptura
1152 2331 1215 2409 ipso
1237 2338 1333 2393 trans·

328 2419 384 2480 lata
412 2427 472 2498 est,
499 2418 551 2479 sed
578 2419 718 2496 inquiunt
744 2436 804 2478 non
828 2435 893 2478 esse
917 2417 1058 2479 credibile
1081 2420 1266 2497 septuaginta
1288 2420 1333 2479 in·

327 2516 484 2588 terpreteS,
507 2508 558 2584 qui
581 2524 640 2566 uno
664 2506 751 2567 simul
774 2512 907 2585 tempore
930 2524 1051 2585 unoque
1073 2523 1164 2567 sensu
1186 2508 1333 2585 iuterpre-

327 2597 381 2656 tati
407 2593 490 2675 sunt,
517 2612 618 2655 errare
645 2596 776 2673 potuisse
804 2602 856 2655 aut
882 2593 934 2655 ubi
960 2594 1034 2654 nibil
1064 2612 1168 2655 eorum
1189 2596 1335 2656 intererat

327 2683 454 2744 voluisse
479 2684 611 2762 mentiri,
634 2681 757 2744 ludaeos
780 2701 865 2763 vero,
888 2683 957 2744 dum
981 2682 1067 2744 nobis
1089 2681 1231 2761 invident,
1253 2682 1332 2761 quod

276 2782 309 2831 25
327 2771 375 2833 lex
393 2779 424 2833 ct
442 2769 602 2851 prophetae
621 2770 657 2831 ad
676 2789 730 2832 nos
752 2771 975 2849 interpretando
999 2771 1179 2850 transierint,
1203 2778 1332 2831 mutasse

328 2857 472 2939 quaedam
489 2861 520 2919 in
539 2858 691 2919 codicibus
713 2861 785 2941 suis,
806 2868 843 2921 ut
863 2860 974 2921 nostris
996 2860 1181 2919 minneretur
1205 2860 1332 2919 auctori-

298 2999 302 3005 .
328 2957 381 3010 tas.
425 2946 508 3008 Hanc
526 2948 695 3026 opinionem
713 2947 759 3008 vel
781 2948 981 3026 suspicionem
1002 2948 1128 3025 accipiat
1150 2948 1276 3024 quisque
1299 2955 1333 3006 ut

327 3038 490 3116 putaverit;
512 3044 627 3095 certum
650 3042 696 3094 est
719 3042 815 3096 temen
842 3053 901 3096 uon
925 3036 1032 3095 vixisse
1050 3033 1242 3094 llatbusalam
1264 3042 1333 3112 post

328 3123 478 3203 diluvium,
501 3122 552 3183 sed
572 3123 676 3184 eodem
693 3140 769 3183 anno
793 3123 885 3184 luisse
907 3123 1090 3202 defunctum,
1113 3124 1263 3183 sirenum
1286 3132 1333 3182 est

274 3211 407 3291 eoquod
436 3211 472 3272 de
500 3229 624 3272 numero
651 3225 797 3271 annorum
823 3213 855 3270 in
877 3209 1020 3272 Hebraeis
1046 3208 1198 3270 codicibus
1220 3211 1331 3270 iuveni·

327 3308 386 3362 tur.
430 3298 472 3360 De
498 3298 557 3360 illis
584 3307 683 3359 autem
710 3300 895 3378 septuaginta
920 3297 1135 3380 interpretibus
1162 3297 1232 3376 quid
1258 3297 1332 3360 mibi

400 3481 512 3556 1)‘Gen.
533 3491 558 3553 7,
577 3492 601 3542 θ.

399 3710 484 3760 letat
506 3722 591 3772 nung.
616 3703 684 3759 VR¹
702 3711 727 3759 et
743 3706 784 3762 oia
803 3706 948 3772 Voemper
964 3707 974 3774 ΙΙ
992 3711 1008 3756 3
1027 3709 1121 3761 antem
1139 3705 1236 3762 ΒΑΓ
1252 3707 1334 3766 Porr.

323 3777 407 3847 plere.
425 3792 455 3844 υς
474 3775 548 3829 enim
569 3776 616 3843 Vp
629 3776 667 3843 ll⁷
688 3774 742 3828 duo
763 3775 866 3842 ΓΒΚ
886 3775 955 3830 duos
976 3775 1040 3830 θεν

316 4087 463 4152 μὶ

1445 2212 1471 2559 l

1469 2709 1474 2931 l
