3284 4459
551 494 592 533 nu
606 492 749 533 omraun
763 493 817 532 nnn
830 493 856 532 n.
870 492 932 533 xx1.
947 492 969 533 o.
984 494 1016 533 ri.
1223 476 1289 541 535

283 628 529 704 manifestabitur
553 629 656 701 utorio
683 634 744 688 tua.
790 626 977 705 ltaperlicit
1003 626 1138 687 Christus
1167 625 1289 687 multam

283 717 502 778 multitudinem
525 714 689 776 dulcedinis
712 733 783 776 suae
807 715 996 794 sperantibus
1019 716 1050 774 in
1073 732 1150 776 eum.
1195 713 1289 774 Porro

283 813 380 866 autem
410 807 435 864 si
463 821 541 884 eam,
569 820 657 881 quiam
684 802 727 862 illi
748 811 867 885 putant,
895 802 1080 863 dulcedinem
1104 820 1186 863 suam
1211 802 1290 863 Deus

282 893 437 954 abscondit
455 890 628 953 timentibus
647 909 725 972 eum,
748 909 805 969 qua
824 909 884 951 uon
903 900 950 951 est
966 893 1072 970 impios
1089 890 1290 971 damnaturum,

282 991 317 1042 ut
338 980 396 1042 boc
414 982 581 1041 nescientes
599 988 631 1039 et
649 978 781 1039 damnari
803 981 943 1039 timentes
965 988 1047 1039 recte
1070 981 1167 1039 vivunt
1190 996 1224 1039 ac
1247 981 1290 1039 sic
1309 988 1325 1037 5

282 1072 399 1149 possint
430 1086 496 1130 esse
528 1069 580 1147 qui
612 1075 699 1128 orent
727 1085 782 1147 pro
814 1085 875 1127 non
906 1075 988 1128 recte
1019 1066 1199 1128 viventibus:
1232 1084 1290 1145 quo

284 1158 371 1218 modo
401 1175 465 1217 eam
494 1157 611 1236 perlicit
638 1154 827 1235 sperantibus
854 1157 886 1215 in
914 1173 995 1235 eum,
1022 1154 1139 1233 quando
1163 1155 1292 1237 quidem,

284 1248 363 1305 sicut
385 1247 540 1325 somniant,
563 1262 616 1323 per
639 1244 715 1303 hano
738 1242 923 1304 dulcedinem
948 1261 1006 1303 non
1030 1242 1223 1304 damnaturus
1246 1252 1292 1303 est

284 1352 350 1414 eos,
378 1336 428 1411 qui
456 1351 514 1393 non
542 1341 663 1411 sperant
689 1334 720 1391 in
747 1327 839 1392 eum?
883 1330 934 1391 llla
964 1333 1056 1409 igitur
1078 1334 1143 1391 eius
1166 1330 1291 1392 dulcedo

285 1430 458 1501 quaeratur,
484 1438 572 1499 qnam
600 1420 717 1498 perlicit
745 1418 934 1498 sperantibus
956 1421 986 1479 in
1011 1438 1092 1500 eum,
1120 1437 1180 1479 non
1203 1438 1291 1498 quam
1311 1431 1344 1479 10

284 1510 428 1588 perlicere
446 1516 568 1588 putatur
586 1507 845 1569 contemnentibus
868 1516 899 1568 et
921 1506 1192 1587 blasphemantibus
1214 1526 1291 1569 eum.

284 1596 406 1657 Frustra
436 1599 536 1675 itaque
565 1596 653 1655 bomo
683 1595 833 1674 posthoc
861 1614 971 1675 corpus
993 1598 1131 1677 inquirit,
1159 1596 1238 1675 quod
1261 1598 1291 1656 in

284 1685 341 1745 hoc
364 1702 489 1763 corpore
512 1682 569 1744 sibi
592 1702 762 1763 comparare
785 1683 923 1763 neglexit.

373 1772 447 1832 lllud
471 1790 589 1851 quoque
613 1772 818 1851 apostolicum:
850 1772 1004 1833 conclusit
1025 1776 1105 1834 enim
1127 1774 1210 1834 Deus
1232 1789 1291 1834 om·

285 1878 338 1921 nes
356 1862 389 1921 in
407 1862 592 1934 infidelitate,
610 1867 646 1920 ut
661 1863 791 1921 omnium
805 1864 997 1934 misereatur,
1015 1878 1075 1921 non
1094 1860 1161 1922 ideo
1180 1861 1292 1922 dictum
1312 1870 1344 1917 15

285 1956 339 2022 est,
364 1947 443 2027 quod
466 1950 506 2007 sit
527 1949 674 2007 neminem
698 1947 906 2028 damnaturus,
934 1948 987 2008 sed
1011 1950 1149 2028 superius
1172 1958 1294 2028 apparet

286 2036 364 2096 unde
388 2038 427 2095 sit
449 2035 569 2095 dictum.
614 2033 688 2094 Nam
715 2051 782 2095 cnm
809 2035 846 2094 de
870 2034 986 2095 ludaeis
1009 2046 1111 2115 postea
1135 2036 1293 2097 credituris

285 2122 436 2202 apostolus
462 2121 637 2200 loqueretur
659 2122 695 2182 ad
719 2131 837 2203 gentes,
867 2123 901 2182 ad
926 2142 998 2202 quas
1022 2125 1124 2202 utique
1148 2126 1205 2183 iam
1228 2142 1297 2185 cre·v
1328 2130 1330 2137 ’

285 2211 390 2272 dentes
414 2209 618 2270 conscribebat
641 2210 794 2290 epistulas:
817 2211 904 2271 Sicut
927 2215 1005 2272 enim
1027 2230 1087 2287 uos,
1110 2214 1214 2293 inquit,
1237 2208 1307 2273 eti-¹

284 2300 409 2376 quando
435 2314 495 2359 aon
522 2298 697 2359 credidistis
718 2299 795 2372 Deo,
824 2315 906 2360 nunc
929 2306 1029 2359 eutem
1051 2302 1294 2361 misericordiam
1312 2307 1346 2357 20

285 2389 442 2449 cometen·
462 2388 533 2446 estis
554 2388 674 2447 illorum
697 2387 926 2447 incredulitate:
954 2390 1000 2447 stc
1023 2389 1109 2448 etti
1129 2402 1211 2449 nunc
1232 2406 1293 2449 non

285 2475 488 2536 crediderunt
508 2476 541 2533 tn
558 2479 689 2534 uestram
711 2477 967 2549 misericordiam,
989 2482 1025 2535 nt
1046 2481 1077 2537 et
1098 2478 1157 2551 ipsi
1177 2478 1293 2536 miseri·

286 2565 425 2624 cordiam
455 2568 687 2636 consequentur.
736 2561 848 2622 Deinde
876 2563 1018 2644 subiecit,
1050 2562 1129 2623 unde
1159 2565 1208 2624 isti
1238 2563 1294 2624 sibi

286 2650 413 2711 errando
431 2648 631 2731 blandiuntur,
648 2658 737 2729 atque
756 2652 809 2711 ait:
832 2652 1080 2713 continerentur
1093 2652 1175 2712 Deus
1194 2668 1295 2714 omnes

286 2743 319 2799 in
347 2740 575 2813 incredulitate,
605 2744 640 2798 ut
667 2740 798 2799 omnium
830 2740 1021 2799 misereatur.
1071 2737 1152 2810 Quos
1182 2758 1295 2822 omues,
1312 2749 1346 2797 no

286 2828 344 2886 nisi
373 2824 409 2885 de
437 2825 545 2903 quibm
573 2824 764 2905 loquebatur,
796 2834 944 2904 tamquam
972 2826 1089 2889 dicens:
1118 2826 1156 2887 Et
1183 2846 1235 2889 vos
1265 2836 1296 2890 et

286 2909 375 2973 illos?
420 2912 499 2973 Deus
522 2930 593 2992 ergo
621 2922 652 2973 et
674 2913 800 2993 gentiles
823 2923 853 2974 et
876 2913 1013 2997 ludaeos,
1040 2932 1115 2995 quos
1138 2918 1296 2995 praescivit

287 3010 318 3061 et
346 3000 575 3080 praedestinavit
603 3003 771 3061 conformes
800 3004 936 3081 imaginis
964 3002 1016 3063 filii
1047 3005 1108 3084 sui,
1138 3022 1241 3065 omnes
1263 3007 1295 3064 in

286 3088 458 3149 infidelitate
486 3087 644 3169 conclusit,
670 3098 705 3149 ut
733 3089 770 3149 de
798 3090 992 3151 amaritudine
1019 3091 1200 3152 infidelitatis
1223 3106 1293 3153 snae

286 3176 463 3256 paenitendo
493 3176 609 3236 contusi
640 3185 671 3236 et
702 3176 738 3236 ad
770 3176 956 3238 dulcedinem
990 3179 1208 3240 misericordiae
1241 3176 1294 3240 Dei
1314 3195 1347 3244 30

286 3263 435 3324 credendo
458 3265 594 3323 conversi
611 3262 773 3325 clamarent
789 3264 861 3324 illud
880 3268 911 3326 in
930 3266 1055 3345 psalmo:
1083 3268 1179 3339 Qum
1201 3271 1295 3328 multa

356 3388 382 3456 1)
401 3384 445 3438 Pe.
467 3390 508 3453 16,
524 3389 565 3438 15.
616 3387 661 3454 23)
679 3385 757 3439 Rom.
779 3392 821 3451 11,
836 3391 870 3438 30
881 3403 940 3455 sqq.
991 3390 1035 3457 28)
1054 3387 1133 3441 Rom.
1154 3394 1178 3454 8,
1194 3392 1235 3442 29.

357 3550 371 3599 1
390 3543 621 3599 manifestabitur
637 3543 708 3598 mihi
726 3544 818 3613 glorie
831 3544 860 3598 A
877 3545 887 3613 l
905 3550 938 3598 12
957 3544 987 3598 in
1004 3547 1129 3599 uestrum
1142 3546 1298 3603 mirericor-

284 3617 363 3672 diam
377 3618 548 3685 RAGcbp3
567 3616 598 3669 in
614 3617 711 3669 noema
727 3614 919 3669 misericordia
933 3625 1011 3685 nepo
1024 3618 1034 3686 ΙΙ
1048 3622 1081 3670 rt
1099 3616 1299 3675 incredulitate

285 3690 336 3745 Rs
356 3687 473 3742 Olorem.
493 3688 540 3753 (cf.
553 3690 590 3740 21
595 3706 606 3753 ;
628 3688 701 3756 Any.
723 3685 831 3755 Quaem.
850 3687 883 3741 de
901 3687 1125 3756 Exodop.190,
1143 3693 1180 3743 19
1196 3690 1297 3761 Zycb);

284 3758 454 3813 infidelitate
473 3757 661 3827 AGobeppv
681 3757 865 3824 (cf.15;29;
883 3760 1009 3825 52112)
