3284 4459
562 540 1028 585 nnmmuannnmnmuu.
1226 530 1292 598 eit

692 723 807 790 Garun
829 724 886 792 XL

285 853 331 915 lle
353 854 541 914 beatitudine
563 856 653 930 pacis
680 860 841 929 aeternae,
868 857 901 914 ia
927 871 989 929 aaa
1010 857 1126 916 sanetis
1144 857 1218 928 fiais
1239 863 1294 932 est,

603 943 638 1002 id
657 949 704 1003 est
724 959 799 1004 aera
817 940 977 1019 perfectio.

373 1064 562 1144 Quapropter
588 1081 744 1144 possemus
773 1063 873 1125 dicere
900 1065 974 1126 lines
1002 1065 1149 1128 bonorum
1176 1075 1293 1129 nostro-

284 1171 352 1216 rum
375 1170 441 1214 osse
463 1170 578 1234 paoem,
609 1154 687 1214 siout
709 1160 859 1214 aeternam
882 1152 1009 1215 diximus
1032 1156 1135 1236 vitam,
1157 1168 1328 1234 praesen-a

284 1245 339 1302 tim
357 1243 426 1321 quiia
451 1242 509 1321 ipsi
531 1242 641 1302 civitati
664 1239 726 1322 Dei,
749 1239 785 1301 de
809 1260 867 1320 qua
890 1240 976 1302 nobis
998 1250 1046 1303 est
1066 1244 1123 1303 ista
1145 1245 1292 1322 operosis·

284 1333 358 1390 sima
373 1329 542 1409 disputatio,
556 1331 587 1388 in
601 1337 705 1390 saneto
720 1328 830 1389 dieitur
838 1329 967 1409 psalmo:
980 1330 1091 1392 laada
1100 1332 1294 1394 Hierusalem

284 1421 459 1493 Dominam,
486 1419 640 1479 conlauda
662 1418 759 1478 Deam
786 1425 870 1479 taam
892 1419 966 1480 Sion
972 1439 985 1490 ;
1011 1422 1154 1494 quoniam
1181 1423 1292 1494 aortfir-

284 1510 379 1568 maait
398 1523 486 1568 seras
500 1512 663 1584 partarum
680 1512 812 1580 taaram,
835 1508 992 1568 benedieti
1008 1510 1090 1581 filios
1111 1514 1179 1570 taos
1200 1511 1233 1569 ia
1255 1516 1293 1584 te,

284 1598 340 1673 aui
361 1598 465 1673 posuit
486 1597 565 1668 fiaes
592 1601 659 1656 taos
681 1612 799 1671 paoem.
846 1594 969 1666 Quando
1001 1597 1080 1657 enim
1103 1597 1292 1658 confirmatae
1312 1608 1346 1660 ιο

284 1685 397 1744 luerint
419 1699 503 1743 serae
527 1689 680 1762 portarum
703 1684 782 1763 eius,
813 1685 871 1743 iam
893 1685 925 1744 ln
947 1683 1027 1745 illam
1049 1683 1149 1745 nullus
1170 1684 1295 1747 intrabit

285 1789 341 1833 neo
364 1769 400 1832 ab
422 1771 472 1832 illa
499 1770 578 1832 ullus
606 1770 706 1831 exibit.
751 1771 793 1831 Ae
815 1789 870 1851 per
892 1770 949 1833 hoo
972 1772 1046 1832 fines
1069 1775 1134 1835 eius
1157 1790 1221 1833 eam
1243 1773 1293 1835 de·

284 1859 390 1921 bemus
411 1858 462 1921 hie
483 1858 655 1938 intellegere
678 1877 794 1940 paoem,
822 1877 910 1938 quam
932 1859 1068 1921 volumus
1090 1861 1294 1924 demonstrare

284 1947 410 2010 finalem.
454 1946 529 2009 Nam
551 1955 582 2008 et
603 1948 697 2027 ipsius
720 1949 846 2008 civitatis
869 1950 1025 2028 mysticum
1048 1966 1173 2029 nomen,
1194 1950 1224 2011 id
1247 1958 1296 2013 est

284 2035 484 2116 Hierusalem,
507 2036 586 2114 quod
610 2044 640 2096 et
662 2042 730 2096 ante
752 2037 811 2096 iam
833 2035 974 2116 diximus,
1002 2039 1077 2098 visio
1098 2040 1180 2117 pacis
1202 2040 1346 2101 inter-15

284 2131 428 2207 pretatur.
475 2123 533 2184 Sed
561 2125 699 2202 quoniam
727 2126 808 2203 pacis
836 2141 945 2185 nomen
969 2127 1056 2185 etiam
1079 2127 1110 2185 in
1133 2125 1180 2186 his
1202 2126 1295 2187 rebus

285 2211 459 2274 mortalibus
481 2213 702 2291 frequentatur,
731 2210 783 2272 ubi
805 2214 909 2290 utique
932 2230 993 2272 non
1016 2221 1063 2274 est
1085 2215 1143 2273 rita
1164 2221 1293 2296 aeterna,

284 2309 443 2382 propterea
465 2300 554 2361 linem
577 2301 704 2361 civitatis
726 2300 829 2381 huius,
857 2298 909 2361 uhi
931 2303 989 2362 erit
1011 2318 1160 2361 summum
1182 2299 1293 2362 honum

285 2391 360 2471 eins,
378 2396 527 2450 aeternam
546 2389 636 2448 vitam
650 2387 807 2449 maluimus
825 2405 1056 2449 commemorare
1075 2405 1164 2466 quam
1181 2406 1292 2468 paoem.

283 2477 326 2538 lie
351 2495 411 2557 quo
433 2477 491 2538 flne
515 2475 665 2556 apostolus
687 2478 742 2538 ait:
764 2477 854 2538 Nune
876 2493 948 2539 aero
970 2479 1095 2538 liberati
1108 2494 1137 2538 'a
1156 2484 1293 2555 peceato,
1312 2490 1346 2540 20

282 2569 367 2628 serae·
383 2572 484 2627 autem
498 2563 580 2640 faeti
600 2565 670 2639 Deo,
692 2565 810 2626 dedetis
825 2563 964 2640 fractam
980 2571 1113 2627 oestrum
1130 2567 1163 2626 ia
1180 2569 1293 2628 saneti·

281 2657 468 2729 ficationem
487 2656 580 2727 finem
597 2669 670 2715 aero
687 2655 779 2714 ailam
802 2659 967 2714 aeternam.
1014 2651 1073 2713 Sed
1096 2671 1202 2714 rursus
1225 2656 1294 2732 quia

283 2744 343 2804 vita
372 2750 492 2803 aeterna
520 2739 556 2802 ab
584 2742 643 2822 eis,
671 2743 724 2819 qui
752 2741 979 2802 familiaritatem
1006 2758 1066 2803 non
1092 2739 1203 2803 habent
1225 2759 1294 2805 eum

283 2831 442 2910 seripturis
469 2831 593 2911 sanetis,
620 2836 719 2908 potest
745 2831 840 2909 aeeipi
868 2831 958 2891 etiam
980 2828 1124 2890 malorum
1146 2832 1218 2912 vita,
1247 2829 1295 2892 rel

284 2918 450 2980 seeundum
474 2917 616 2997 quosdam
643 2919 732 2978 etiam
754 2917 946 2997 philosophos
967 2926 1091 2998 propter
1113 2919 1226 2979 animae
1248 2920 1293 2980 in·
1312 2930 1346 2981 m

284 3006 494 3069 mortalitatem
525 3005 571 3066 vel
598 3006 763 3067 seeundum
791 3009 879 3066 etiam
906 3005 994 3067 fldem
1017 3013 1148 3067 nostram
1171 3014 1295 3086 propter

282 3112 396 3175 poenas
423 3092 657 3155 interminabiles
679 3095 853 3174 impiorum,
880 3096 932 3172 qui
959 3095 1063 3172 utique
1085 3096 1117 3154 in
1139 3091 1293 3155 aeternum

284 3185 414 3245 eruciari
441 3200 501 3244 non
529 3190 684 3263 poterunt,
716 3184 774 3244 nisi
800 3184 889 3243 etiam
916 3183 1044 3242 vixerint
1071 3181 1104 3240 in
1125 3190 1294 3243 aeternumt

281 3272 419 3352 proiecto
451 3271 518 3332 fluis
549 3271 676 3332 civitatis
707 3269 810 3351 huius,
843 3271 875 3330 in
907 3286 967 3349 quo
995 3286 1144 3331 summum
1173 3268 1294 3330 habebit

283 3359 413 3440 bonum,
444 3357 490 3419 rel
513 3375 570 3439 pax
591 3359 624 3420 in
646 3359 705 3418 vita
727 3367 848 3418 aeterna
874 3357 921 3417 vel
943 3359 1002 3418 vita
1024 3365 1144 3419 aeterna
1166 3357 1198 3418 in
1219 3374 1293 3437 paee
1311 3369 1347 3420 so

356 3487 401 3556 10)
418 3485 462 3540 Ps.
483 3490 534 3539 146
552 3487 752 3556 (14‘1),1isqq.
799 3487 845 3556 ii)
861 3484 941 3539 Rom
961 3490 987 3554 d,
1001 3489 1043 3541 ii.

353 3668 373 3744 t
384 3677 529 3730 possemus
538 3661 716 3732 RAGabep
728 3662 773 3732 (os.
784 3661 858 3730 quood
866 3662 1000 3730 sequidem:
1015 3660 1071 3715 Sed
1082 3660 1215 3730 quoniam
1223 3664 1294 3735 ae.);

281 3733 933 3873 auusuuuuuuluam
954 3746 1015 3789 “³⁰
1032 3749 1050 3788 ⁰
1065 3733 1076 3803 ¹
1093 3737 1110 3787 ⁸
1127 3731 1215 3787 Μ’
1231 3734 1296 3805 ‘⁹'

1031 3889 1084 3944 w
