3284 4459
345 511 412 575 450
745 521 766 563 s.
780 519 945 563 auuusrnu

346 662 471 733 amicus,
498 658 545 718 rel
571 659 597 717 si
625 655 696 735 quid
726 656 804 717 aliud
828 658 885 716 isto
909 655 1067 716 locutionis
1090 673 1199 734 genere
1223 655 1281 715 dici
1306 674 1348 714 so·
1462 664 1463 721 l

346 749 393 809 let.
441 746 527 817 Quod
557 754 656 806 autem
686 747 739 805 ait:
771 746 812 804 Et
838 762 921 805 nuuc
948 746 1024 819 quid
1045 746 1299 818 detineatscitis,
1322 741 1352 803 id

346 845 406 913 est,
429 836 499 914 quid
530 836 627 895 sitin
650 852 744 913 mora,
775 851 850 911 qliae
873 850 961 892 causa
984 834 1024 891 sit
1046 831 1194 892 dilationis
1217 834 1297 911 eius,
1319 842 1352 891 ut

347 928 497 985 reueletur
515 927 547 983 in
564 940 618 983 suo
636 930 777 999 tempore,
801 923 896 981 scitis:
920 922 1058 999 quoniam
1082 922 1158 979 scire
1182 918 1247 980 illos
1270 919 1352 1000 dixit,

312 1018 448 1091 oapcrte
480 1012 536 1071 boc
567 1011 667 1071 dicere
699 1010 802 1070 noluit.
848 1008 885 1069 lli
918 1009 984 1069 ideo
1017 1026 1086 1088 nos,
1118 1010 1170 1087 qui
1202 1010 1352 1068 nescimus

347 1100 425 1179 quod
444 1099 485 1160 illi
504 1099 646 1180 sciebant,
668 1099 824 1177 pervenire
848 1116 914 1157 cum
939 1097 1038 1158 labore
1062 1096 1160 1177 adid,
1183 1095 1261 1176 quod
1285 1114 1352 1157 sen-

347 1192 386 1249 sit
409 1188 571 1268 apostolus,
600 1189 737 1266 cupimus
769 1204 824 1245 nec
861 1185 1004 1264 valemus3
1032 1182 1207 1263 praesertim
1230 1187 1298 1263 quia
1323 1194 1353 1245 et

347 1277 404 1356 illa,
428 1295 503 1356 quae
522 1276 641 1357 addidit,
664 1275 744 1335 111111
763 1292 883 1334 sensnm
903 1275 1014 1334 iaciunt
1032 1271 1244 1333 obscuriorem.
1278 1272 1352 1333 Nam
1463 1266 1464 1279 ¹

348 1366 417 1444 quid
460 1373 519 1426 est:
560 1365 627 1425 Iam
667 1366 746 1424 enim
781 1366 956 1439 mysterium
992 1364 1161 1437 iniquitatis
1196 1370 1352 1438 operatur.

298 1466 330 1516 ιο
352 1455 478 1515 Tantum
500 1456 555 1528 qui
575 1455 662 1513 modo
684 1457 764 1511 tenet
786 1458 899 1523 teneat,
927 1453 1023 1512 donec
1046 1452 1084 1511 de
1105 1452 1203 1511 medio
1222 1453 1297 1523 fiut;
1325 1459 1354 1511 et

348 1552 421 1604 tuuc
443 1542 628 1604 revelabitur
651 1535 793 1613 iniquus?
837 1537 899 1617 Ego
926 1556 1050 1617 prorsus
1080 1538 1150 1617 quid
1174 1537 1283 1599 dixerit
1305 1556 1352 1599 me

349 1631 442 1691 lateor
469 1631 614 1708 ignorare.
661 1626 852 1706 Suspiciones
880 1635 977 1687 tamen
1005 1626 1174 1707 hominum,
1202 1644 1275 1706 quas
1306 1626 1352 1687 vel

348 1718 451 1779 audire
473 1716 519 1777 vel
541 1715 640 1794 legere
663 1718 761 1795 potui,
784 1733 844 1775 111
867 1715 979 1775 tacebo.

438 1804 562 1875 Quidam
580 1812 685 1884 putant
698 1803 755 1863 boc
773 1803 810 1864 de
829 1805 953 1882 imperio
973 1804 1084 1865 dictum
1103 1804 1196 1865 luisse
1209 1803 1352 1886 Romano,
1464 1848 1465 1863 .

298 1905 330 1954 16
349 1901 379 1954 et
406 1902 563 1973 propterea
591 1892 713 1953 Paulum
744 1891 909 1970 apostolum
937 1910 995 1952 non
1028 1891 1056 1951 id
1087 1900 1188 1971 aperte
1219 1892 1352 1953 scribere

349 1980 486 2061 voluisse,
508 1999 545 2042 ne
569 1979 744 2041 calumniam
767 1979 904 2040 videlicet
921 1981 1097 2060 incurreret,
1121 1980 1200 2058 quod
1218 1980 1351 2042 Romano

349 2072 473 2148 imperio
492 2068 566 2129 male
585 2070 739 2147 optaverit,
763 2087 830 2128 cum
855 2075 1026 2148 speraretur
1048 2076 1215 2149 aeternum;
1238 2077 1273 2130 ut
1295 2069 1353 2131 boc

350 2157 428 2237 quod
460 2158 545 2220 dixit:
582 2158 649 2217 Iam
681 2159 759 2219 euim
789 2160 965 2233 mysterium
998 2160 1165 2231 iniquitatis
1197 2166 1353 2235 operatur,

350 2246 497 2307 Neronem
529 2245 656 2306 voluerit
685 2245 829 2323 intellegi,
861 2246 946 2304 cuius
973 2246 1029 2305 iam
1059 2245 1133 2305 lecta
1161 2245 1241 2305 velut
1268 2246 1351 2308 11111-
1465 2244 1466 2323 ζ

296 2348 331 2396 20
351 2335 454 2396 christi
480 2334 663 2395 videbantur.
708 2332 791 2393 Unde
819 2332 954 2393 nonnulli
981 2335 1077 2412 ipsum
1110 2342 1353 2395 resurrecturum
1465 2336 1466 2375 ³

350 2432 381 2485 ct
407 2425 540 2484 luturum
567 2421 780 2482 dntiebr'istum
812 2423 1014 2500 suspicantur3
1044 2421 1092 2481 alii
1120 2439 1190 2482 vero
1218 2440 1274 2482 nec
1302 2441 1352 2483 oc-

350 2515 443 2572 cisum
462 2519 576 2590 putant,
595 2509 647 2570 sed
666 2509 849 2570 subtractum
868 2511 976 2588 potius,
1000 2517 1033 2569 ut
1050 2516 1206 2588 putaretur
1225 2514 1354 2592 occisuS,

351 2607 381 2661 et
407 2602 503 2659 virum
531 2598 673 2659 occultari
701 2600 732 2658 in
762 2599 860 2675 vigore
889 2599 1122 2677 11111111111111,
1152 2600 1182 2658 in
1206 2617 1264 2677 qua
1287 2599 1353 2675 luit,

350 2705 418 2748 cum
446 2686 619 2746 crederetur
646 2688 810 2765 extinctus,
841 2685 934 2745 donec
963 2703 1017 2745 suo
1047 2693 1180 2765 tempore
1203 2686 1354 2749 reveletur

297 2786 331 2836 26
350 2783 381 2836 et
410 2776 585 2834 restituatur
614 2775 643 2833 in
674 2791 807 2852 regnum.
854 2771 911 2832 Sed
945 2772 1070 2834 multum
1100 2773 1172 2834 mihi
1202 2777 1276 2835 mira
1306 2787 1354 2836 est

350 2863 422 2923 baec
452 2863 634 2941 opinantium
664 2869 744 2922 tanta
766 2864 976 2941 praesumptio.
1022 2860 1095 2921 lllud
1128 2871 1240 2943 tamen,
1273 2866 1353 2942 quod

350 2954 391 3013 ait
413 2949 577 3030 apostolus:
608 2948 733 3009 Tantum
760 2953 814 3024 qui
840 2952 926 3010 modo
954 2957 1035 3011 terret
1056 2957 1168 3024 teneat,
1196 2953 1292 3013 donec
1315 2956 1354 3013 dc

350 3042 447 3101 medio
462 3041 529 3115 fiet,
550 3055 609 3096 non
629 3035 754 3097 absurde
774 3037 810 3097 de
829 3039 894 3116 ipso
917 3037 1048 3097 Romano
1071 3041 1196 3116 imperio
1220 3040 1354 3101 creditur

351 3128 470 3206 dietum,
494 3134 641 3203 tamquam
664 3124 776 3185 dictum
799 3127 851 3186 sit:
873 3125 1018 3205 „Tantum
1042 3129 1093 3204 qui
1116 3127 1204 3187 modo
1226 3130 1354 3208 imperet

298 3230 332 3277 30
351 3218 490 3296 imperet,
520 3213 613 3274 donec
636 3212 673 3273 de
696 3213 792 3273 medio
815 3210 901 3294 fiat“,
924 3214 953 3273 id
977 3223 1022 3275 est
1045 3214 1082 3275 de
1105 3215 1201 3275 medio
1224 3215 1353 3278 tollatur.

351 3304 392 3365 Et
408 3311 481 3364 tuuc
499 3302 685 3362 revelabitur
703 3305 832 3375 iniquus,
856 3320 944 3380 quem
963 3303 1121 3380 significari
1139 3303 1354 3366 Antichristum

351 3391 450 3452 nullus
469 3389 597 3468 ambigit.
643 3388 699 3448 Alii
718 3407 787 3449 vero
805 3398 836 3449 et
855 3390 932 3468 qtiod
952 3392 1007 3451 eit:
1036 3393 1117 3463 Quid
1138 3394 1273 3453 detineat
1294 3397 1352 3454 sci·

350 3484 389 3541 tis
416 3488 446 3540 et
473 3480 646 3554 mysterium
674 3481 800 3553 operari
825 3480 993 3552 iniquitatis
1020 3497 1079 3538 non
1106 3488 1212 3558 putant
1240 3479 1353 3541 dictum

351 3569 408 3628 nisi
430 3567 466 3627 de
490 3564 574 3625 malis
601 3571 631 3624 et
658 3565 749 3643 lictis,
779 3568 830 3642 qui
854 3568 976 3626 suntin
1001 3566 1140 3647 ecclesia,
1168 3554 1268 3629 donec
1285 3587 1352 3649 per·

298 3668 332 3717 31
351 3656 470 3715 veniant
498 3653 535 3712 ad
567 3658 682 3711 tanturm
713 3669 888 3733 numerum,
920 3656 971 3731 qui
1002 3654 1182 3716 Antichristo
1215 3674 1353 3737 magnum

351 3741 491 3823 populum
520 3741 619 3818 iaciat;
648 3745 678 3798 et
706 3738 761 3799 hoc
790 3757 857 3800 esse
880 3744 1051 3819 mysterium
1074 3745 1254 3827 iniquitatis,
1284 3748 1354 3825 qnia
