3284 4459
331 527 395 590 382
743 535 945 578 sorensem

330 683 451 755 peccato
484 691 500 734 e
533 673 683 733 contrario
716 672 885 750 dimicatnr3
916 677 947 730 et
977 671 1074 731 omnis
1100 671 1238 749 victoria,
1269 687 1341 731 cum

330 765 418 824 etiam
451 760 536 822 malis
563 761 714 839 provenit,
745 759 843 819 divino
872 758 982 819 iudicio
1012 761 1107 819 victos
1129 757 1264 818 humiliat
1293 757 1340 818 rel

330 849 492 912 emendans
528 856 648 930 peccata
684 847 731 908 rel
766 848 903 926 puniens.
947 845 1046 906 'lestis
1082 854 1130 907 est
1164 846 1253 906 homo
1286 845 1340 906 lici

330 938 447 1020 Daniel,
470 955 538 999 cum
561 939 592 998 in
616 939 783 1017 captivitate
806 936 921 1014 positus
943 942 1065 1014 peccata
1088 952 1142 996 sua
1164 943 1196 996 et
1217 943 1340 1014 peccata

295 1026 431 1107 opopuli
464 1029 511 1088 sui
546 1026 705 1086 confitetur
737 1023 797 1084 Deo
835 1030 865 1084 et
900 1023 977 1083 hanc
1008 1041 1074 1083 esse
1107 1041 1226 1084 carosam
1258 1023 1340 1103 illius

330 1117 505 1195 captivitatis
537 1117 586 1194 pio
624 1112 725 1174 dolore
762 1119 897 1172 testatur.
951 1110 1049 1172 Prima
1083 1130 1153 1190 ergo
1185 1114 1339 1173 servitutis

330 1221 418 1264 causa
440 1210 594 1284 peccatum
611 1210 681 1282 est,
707 1208 742 1262 ut
768 1200 857 1260 homo
880 1199 992 1260 homini
1014 1200 1197 1260 condicionis
1220 1199 1340 1261 vinculo

330 1292 521 1372 subderetur3
552 1289 631 1370 quod
654 1307 714 1349 non
737 1289 770 1348 lit
792 1290 851 1348 nisi
873 1286 934 1348 Deo
958 1288 1120 1370 iudicante,
1147 1289 1225 1367 apud
1248 1307 1340 1367 quem

330 1399 390 1441 non
418 1390 464 1441 est
491 1381 630 1458 iniquitas
659 1385 689 1438 et
711 1379 792 1438 novit
814 1375 945 1436 diversas
967 1394 1079 1456 poenas
1100 1379 1216 1437 meritis
1237 1377 1339 1438 distri·

278 1481 311 1530 ιο
329 1469 421 1529 buere
441 1467 685 1546 delinquentium.
731 1465 815 1525 Sicut
838 1473 938 1525 autem
961 1482 1109 1544 supernus
1128 1465 1271 1526 Dominus
1294 1465 1339 1525 di·

330 1560 383 1619 cit:
411 1557 520 1629 Omnis,
539 1558 594 1630 qui
608 1554 689 1630 fucit
703 1561 873 1630 peecatum,
890 1570 997 1614 servus
1015 1560 1061 1615 est
1079 1557 1211 1630 peccati,
1233 1571 1268 1615 ac
1282 1572 1339 1633 per

329 1645 386 1705 hoc
415 1643 500 1704 multi
529 1642 649 1721 quidem
681 1641 811 1720 religiosi
837 1642 965 1703 dominis
991 1643 1117 1724 iniquis,
1149 1659 1210 1702 non
1237 1650 1339 1702 tamen

328 1732 431 1792 liberis
454 1733 599 1791 serviunt:
631 1730 658 1790 Α
684 1747 744 1805 quo
771 1733 850 1791 enim
879 1733 946 1806 ques
970 1731 1105 1791 devictm
1127 1737 1185 1805 est,
1211 1732 1286 1792 duic
1308 1738 1341 1793 et

328 1838 434 1882 seruus
461 1821 602 1880 addictus
629 1825 681 1880 est.
726 1816 765 1878 Et
791 1819 896 1896 utique
925 1816 1040 1878 felicius
1063 1821 1192 1880 servitur
1215 1819 1339 1900 homini,

277 1919 310 1969 1⁶
330 1926 417 1987 wem
436 1907 559 1986 libidini,
582 1925 650 1967 cnm
669 1908 839 1967 saevissimo
858 1905 1009 1980 dominatu
1028 1914 1123 1967 vastet
1145 1907 1235 1968 corda
1258 1925 1337 1968 mor·

329 1996 440 2078 talium,
463 2004 497 2057 ut
519 1995 589 2055 alias
613 1997 758 2074 omittam,
780 1992 871 2054 libido
894 1997 957 2073 ipsa
981 1993 1159 2056 dominandi.
1204 1994 1337 2056 Homini·

328 2083 385 2146 bus
409 2092 507 2145 autem
535 2084 585 2144 illo
612 2085 693 2163 pacis
721 2081 838 2164 ordine,
867 2100 925 2160 quo
949 2081 1013 2142 aliis
1035 2082 1084 2143 alii
1107 2083 1234 2144 serbiecti
1257 2093 1338 2166 sunt,

330 2175 408 2234 sicut
436 2172 558 2252 prodest
587 2171 736 2233 humilitas
767 2169 980 2251 servientibus,
1009 2173 1050 2231 ita
1077 2180 1166 2232 nocet
1196 2172 1338 2252 superbia

329 2261 556 2323 dominantibus.
606 2260 712 2322 Nullus
740 2268 840 2320 autem
870 2267 987 2339 natura,
1014 2260 1045 2319 in
1069 2277 1126 2338 qua
1148 2263 1233 2339 prius
1255 2260 1338 2322 [leus

276 2364 310 2412 ‘20
328 2350 478 2412 hominem
496 2349 635 2430 condidit,
658 2367 761 2410 servus
780 2355 827 2408 est
845 2347 972 2407 hominis
994 2354 1045 2408 aut
1067 2351 1189 2427 peccati.
1225 2348 1338 2413 Verum

328 2447 359 2500 et
388 2437 519 2518 poenalis
547 2439 674 2499 servitus
704 2454 738 2496 ea
767 2435 832 2514 lege
862 2437 1032 2516 ordinatur,
1062 2454 1137 2516 quae
1170 2438 1338 2500 naturalem

328 2527 463 2587 ordinem
486 2527 655 2587 conservari
672 2523 763 2602 iubet,
785 2522 957 2602 perturbari
977 2531 1069 2605 vetat3
1091 2527 1160 2603 quia
1182 2527 1209 2586 si
1232 2534 1339 2588 contra

328 2632 392 2674 eam
420 2615 515 2692 legem
542 2631 603 2673 non
630 2620 710 2674 esset
737 2612 861 2693 lactum,
889 2611 963 2672 nihil
990 2620 1070 2673 esset
1095 2613 1213 2692 poenali
1243 2632 1336 2677 servr-

327 2709 391 2762 tute
411 2702 637 2762 cohercendum.
682 2699 810 2778 ldeoque
830 2699 980 2780 apostolus
999 2703 1087 2762 etiam
1110 2719 1212 2763 servos
1234 2712 1338 2767 monet

173 2821 174 2854 fi
275 2799 309 2851 ao
328 2788 463 2850 subditos
492 2807 558 2851 esse
586 2789 712 2850 dominis
742 2789 805 2849 suis
834 2795 865 2850 et
895 2805 932 2849 ex
961 2790 1057 2849 animo
1088 2791 1132 2850 eis
1161 2808 1230 2852 cum
1256 2791 1338 2854 bono

328 2875 478 2938 voluntate
506 2879 631 2956 servire3
659 2884 693 2938 ut
718 2875 845 2958 scilicet,
875 2878 902 2938 si
928 2893 989 2940 non
1015 2886 1141 2956 possunt
1167 2896 1185 2939 a
1207 2879 1337 2943 dominis

328 2964 414 3028 liberi
441 2965 519 3046 lieri,
547 2983 631 3026 suam
660 2967 834 3026 servitutem
860 2966 917 3044 ipsi
944 2965 1072 3044 quodam
1101 2966 1188 3027 modo
1211 2966 1336 3030 liberam

328 3055 444 3133 iaciant,
467 3070 527 3113 non
546 3055 653 3113 timore
672 3051 804 3135 subdolo,
823 3052 876 3114 sed
894 3053 974 3114 lideli
992 3052 1150 3115 dilectione
1169 3058 1336 3139 serviendo,

328 3141 422 3202 donec
451 3149 583 3202 transeat
610 3143 750 3219 iniquitas
780 3149 812 3202 et
841 3147 1001 3202 evacuetur
1027 3143 1123 3203 omnis
1150 3145 1337 3224 principatus

173 3201 174 3240 ³
273 3243 308 3292 ao
327 3240 359 3291 et
380 3237 512 3310 potestas
534 3229 660 3290 humana
682 3237 713 3290 et
735 3231 774 3290 sit
796 3228 876 3290 Deus
898 3231 996 3290 omnia
1018 3231 1050 3290 ln
1072 3230 1219 3293 omnibus

398 3384 426 3452 e)
444 3381 515 3439 Dan.
537 3387 563 3448 e,
583 3386 600 3436 o
619 3397 678 3449 sqq.
717 3382 761 3448 11)
781 3379 820 3436 10.
840 3387 865 3448 e,
883 3386 927 3438 ac
965 3383 1010 3452 14)
1027 3387 1054 3438 a.
1071 3382 1146 3438 Pete.
1164 3389 1191 3454 a,
1209 3389 1252 3440 ro.
1290 3391 1336 3454 aa)

326 3453 397 3522 Eph.
418 3459 443 3521 6,
462 3459 487 3508 d.
524 3454 570 3522 30)
589 3457 614 3510 1.
632 3449 694 3506 Cor.
715 3454 757 3516 15,
775 3456 823 3517 243
842 3455 885 3506 ΞΘ.

398 3652 413 3700 1
433 3662 448 3700 e
468 3662 522 3700 mss
533 3645 627 3713 pterea
647 3647 676 3698 et
695 3661 746 3702 oo
