3284 4459
371 518 433 583 196
775 529 976 574 annonantur

367 666 513 727 Abraham
532 667 660 744 sumpsit
677 665 844 745 exordium3
868 667 919 744 qni
938 667 1025 726 etiam
1043 673 1128 745 pater
1150 669 1282 746 gentium
1306 684 1376 727 con·
1463 707 1464 742 ,

368 757 490 816 stitutus
513 762 568 835 est,
592 752 707 833 quando
731 761 878 814 mutatum
901 771 1008 814 nomen
1032 757 1153 833 accepit.
1177 755 1273 815 ’Ante
1297 754 1375 816 harno
1463 745 1464 772 ³

369 861 439 922 orgo
467 841 546 903 velut
573 844 700 920 pueritia
728 842 784 902 luit
810 841 900 902 hniin
928 845 1046 920 generis
1073 842 1174 922 populi
1197 842 1251 903 Dei
1274 860 1290 902 a
1313 842 1375 903 Noe

368 949 463 1011 usquc
487 929 522 990 ad
551 933 648 1010 ipsum
670 928 828 1010 Abraham3
858 938 888 990 et
915 930 982 990 ideo
1004 933 1035 990 in
1059 930 1158 1010 lingua
1180 933 1298 991 iuventa
1321 940 1376 1011 est,

334 1019 398 1080 oid
428 1026 475 1081 est
500 1017 642 1078 Hebraea.
688 1018 711 1077 Α
738 1021 865 1098 pueritia
894 1036 1019 1096 namque
1047 1017 1135 1078 homo
1163 1021 1268 1098 incipit
1295 1018 1376 1098 loqui
1463 1027 1464 1032 ’

369 1114 437 1187 post
467 1107 635 1188 infantiam,
667 1124 742 1184 quae
769 1105 838 1166 hinc
867 1105 1009 1186 appellata
1037 1114 1095 1187 est,
1128 1106 1205 1187 quod
1238 1106 1293 1167 lari
1317 1125 1375 1167 nou
1463 1139 1464 1180 p

368 1203 475 1275 potest.
521 1194 614 1265 Quam
637 1195 771 1274 prolecto
794 1202 920 1255 aetatem
944 1197 1069 1275 primam
1092 1194 1237 1275 demergit
1260 1194 1377 1275 oblivio,

369 1285 447 1344 sieut
465 1292 544 1343 aetas
562 1285 657 1362 prima
675 1278 792 1361 generis
815 1283 937 1343 humaui
956 1291 1002 1343 est
1024 1281 1120 1343 deleta
1143 1283 1260 1344 diluvio.
1298 1283 1375 1354 Quo·

369 1379 418 1432 tus
446 1373 524 1431 enim
558 1373 684 1450 quisquo
716 1379 778 1450 est,
810 1373 860 1451 qui
889 1388 971 1432 suam
1000 1371 1175 1432 recordetur
1202 1369 1376 1432 infantiam?

318 1475 351 1521 ro
371 1458 465 1530 Quam
493 1457 531 1519 ob
554 1476 618 1519 rom
641 1461 672 1518 in
695 1461 751 1519 isto
774 1476 921 1538 procursu
945 1461 1070 1520 civitatis
1094 1459 1159 1538 Dei,
1189 1461 1267 1520 sicut
1289 1477 1375 1540 supe-

369 1550 432 1608 rior
455 1565 543 1608 unam
566 1546 748 1626 eandemque
767 1550 901 1626 primam,
924 1549 964 1607 ita
987 1546 1059 1607 duas
1083 1557 1192 1608 aetates
1216 1547 1376 1608 secundam

370 1643 400 1696 et
422 1638 540 1696 tertiam
562 1635 638 1696 liber
659 1638 715 1695 iste
739 1637 898 1715 contineat,
921 1639 950 1695 in
975 1653 1032 1714 qua
1057 1638 1142 1696 tertia
1165 1645 1288 1715 propter
1310 1655 1375 1696 vac-

369 1740 434 1784 cam
461 1726 592 1805 trimam,
619 1740 736 1803 capram
763 1726 902 1803 trimam,
925 1725 1046 1783 arietem
1069 1726 1190 1785 trimum
1214 1733 1245 1786 ot
1267 1727 1377 1803 inposi-

351 1821 434 1873 'tum
460 1822 506 1873 est
531 1811 605 1891 legis
632 1815 734 1891 iugum
762 1819 792 1872 ot
818 1815 954 1891 apparuit
987 1811 1163 1873 abundantia
1186 1821 1377 1891 pcccatorum

318 1915 350 1964 15
370 1908 400 1960 et
431 1902 515 1980 regui
546 1903 658 1960 terreni
687 1902 817 1960 surrexit
848 1898 1015 1979 exordium,
1050 1899 1101 1960 ubi
1129 1919 1187 1960 nou
1216 1899 1378 1963 defuerunt

369 1988 529 2068 spiritales,
563 2005 689 2066 quorum
721 1990 753 2048 in
780 1996 898 2049 turture
926 1997 957 2049 et
984 1987 1118 2048 columba
1146 1989 1302 2068 figuratum
1331 1998 1379 2050 est

368 2085 594 2137 sacramentum.

766 2303 976 2312 ——--—-—

696 2493 882 2560 LIBER
917 2493 1048 2562 XVII.

787 2759 906 2826 Curuo
930 2761 954 2825 I.

621 2887 667 2947 Ile
690 2888 872 2970 temporibus
891 2891 1119 2967 prophetarum.

458 3009 674 3071 Promissionos
706 3010 776 3091 Dei,
813 3029 888 3090 quae
926 3013 1018 3074 iactae
1051 3021 1121 3074 sunt
1153 3012 1189 3074 ad
1207 3013 1379 3098 ,Abraham

370 3099 456 3160 cuius
480 3100 585 3163 semini
613 3106 644 3159 et
665 3108 783 3178 gentem
806 3097 995 3161 israeliticam
1018 3101 1180 3180 secundum
1204 3121 1323 3164 caruem
1347 3114 1380 3166 et

318 3202 352 3250 ao
371 3205 473 3248 omues
495 3196 599 3266 gentes
622 3187 724 3247 deberi
747 3186 911 3249 secundum
934 3189 1021 3249 fidem
1040 3188 1100 3249 lieo
1123 3189 1279 3270 pollicente
1302 3192 1378 3253 didi·

371 3277 479 3356 cimuS,
507 3293 596 3354 quom
624 3274 659 3336 ad
684 3275 804 3336 modurn
827 3277 1046 3357 compleantur,
1068 3296 1122 3357 per
1146 3278 1279 3339 ordinem
1302 3288 1378 3340 tem-

443 3375 487 3442 16)
507 3371 574 3428 Gen.
595 3378 636 3439 lo,
652 3377 676 3426 9.

443 3493 460 3541 4
483 3489 512 3541 oi
533 3486 598 3542 ideo
620 3487 651 3540 in
669 3486 767 3556 lingua
786 3485 944 3556 VRFopp
962 3486 1002 3555 (in
1019 3484 1117 3555 lingua
1135 3511 1169 3531 ==
1187 3503 1249 3541 oum
1267 3488 1381 3557 lippum

372 3560 407 3625 ef.
426 3563 489 3624 134,
503 3560 544 3626 5);
562 3560 592 3612 ot
608 3557 672 3612 ideo
704 3558 710 3568 '
753 3599 759 3609 .
777 3574 803 3624 e3
823 3557 852 3609 in
870 3556 938 3624 ling.
958 3558 1065 3626 (omioeo
1082 3557 1110 3608 ei
1123 3556 1198 3624 ideo)
1212 3559 1252 3623 A3
1272 3559 1301 3611 et
1314 3558 1380 3612 ideo

373 3629 428 3699 (ide
448 3630 473 3701 b)
495 3628 587 3698 prima
604 3627 703 3698 lingua
754 3627 791 3681 bo
812 3630 821 3697 ΙΙ
845 3633 861 3680 6
880 3627 954 3695 quod
973 3643 1038 3691 naam
1062 3627 1163 3694 quiae
1184 3630 1194 3696 11
1218 3633 1248 3681 11
1270 3631 1380 3684 aetates

372 3701 492 3769 primum
516 3701 546 3753 et
567 3701 718 3753 secundam
742 3699 797 3768 Vll
820 3703 854 3752 13
877 3697 993 3750 arietem
1012 3697 1218 3766 RAFGaep3
1246 3701 1275 3752 et
1298 3701 1378 3755 arici.

380 3772 467 3840 prv
488 3772 498 3838 ll
520 3771 550 3822 et
570 3769 660 3838 inpos.
683 3787 749 3835 moa3
777 3771 806 3823 et
828 3786 877 3823 om.
897 3785 913 3822 o
935 3769 944 3836 ll
968 3773 999 3820 Π
1019 3773 1083 3837 post
1105 3772 1310 3824 sacramentum
1327 3771 1380 3843 Fp

371 3843 512 3909 praebent:
532 3840 646 3894 contuli.
683 3841 740 3894 Hie
757 3840 858 3894 decimi
875 3839 931 3893 cod.
954 3841 982 3892 V
