3284 4459
485 511 526 550 on
539 509 683 552 orvrrann
696 511 749 550 ona
762 511 787 551 n.
801 511 864 551 m
878 509 902 553 o.
915 512 948 553 aa
961 511 988 553 n
1003 511 1054 552 xx
1067 511 1091 552 o.
1103 513 1123 552 1.
1238 496 1305 560 405

297 647 390 705 vincit
413 652 443 706 et
467 644 598 706 dolorem
628 647 737 706 sanitas
760 643 844 707 tollit.
889 644 934 705 lbi
956 654 1056 706 autem
1078 654 1109 706 et
1131 644 1215 706 dolor
1237 664 1303 725 per·

298 741 397 794 manet
429 739 463 793 ut
495 733 622 815 aliiigat,
653 741 684 793 ot
716 742 821 794 natura
853 732 997 813 perdurat
1022 742 1056 794 ut
1084 737 1204 814 sentiat3
1236 735 1305 812 quia

298 830 459 900 utrumque
490 820 557 881 ideo
587 840 647 882 non
675 821 790 901 deficit,
818 840 855 882 ne
884 813 978 901 poena
1005 821 1130 884 deficiat
1179 821 1223 882 Ad
1250 822 1305 882 hos

297 918 398 970 autem
420 909 494 969 lines
517 909 663 971 bonorum
686 918 716 970 et
738 909 899 990 malorum,
920 909 987 970 illos
1010 910 1204 991 expetendos,
1231 913 1305 970 istos

296 997 457 1078 cavendos,
485 1001 622 1076 quoniam
645 1016 700 1076 per
722 997 865 1058 iudicium
888 996 1058 1059 transibunt
1079 999 1115 1058 ad
1137 997 1204 1057 illos
1227 997 1341 1079 bonit

297 1086 334 1146 ad
359 1087 433 1146 istos
460 1085 542 1146 mali:
574 1087 610 1146 de
638 1085 694 1147 hoc
722 1085 847 1164 iudicio,
877 1094 1019 1164 quantum
1041 1085 1121 1147 Deus
1143 1086 1306 1164 donaverit,

296 1177 328 1234 in
353 1177 547 1252 consequenti
571 1174 718 1235 volumine
740 1173 906 1252 disputabo.

698 1401 908 1412 ..-.—..-

543 1597 546 1604 ⁴
653 1574 948 1642 LIBERXX.

749 1737 855 1745 -0—-—

547 1843 548 1846 ’
632 1917 633 1922 ¹
721 1839 836 1905 Curuo
860 1841 885 1906 Ι.

304 1969 401 2042 Quod,
425 1971 560 2042 quaomnia
578 1972 660 2030 omni
676 1974 808 2045 tempore
826 1970 909 2030 Deus
931 1971 1054 2043 iudicet,
1077 1971 1109 2030 in
1127 1972 1186 2031 troc
1208 1977 1307 2032 tomen

300 2059 379 2118 libro
403 2059 440 2117 de
466 2059 624 2118 nouissimo
653 2059 718 2118 eius
741 2059 855 2118 iudicio
877 2061 918 2117 sit
934 2059 1063 2134 proprie
1085 2061 1307 2134 deputandum.

328 2201 330 2204 ·
389 2178 431 2240 De
459 2178 506 2240 die
535 2179 629 2240 ultimi
656 2179 758 2242 iudicii
781 2178 834 2240 Dei
866 2180 942 2259 quod
966 2183 1030 2260 ipse
1054 2180 1206 2242 donaverit
1227 2181 1307 2242 locu·

302 2270 364 2329 turi
383 2285 510 2346 eumque
529 2267 676 2328 adsentari
699 2268 840 2328 adversus
863 2270 969 2347 impios
991 2276 1021 2328 et
1044 2268 1213 2329 incredulos
1235 2277 1307 2329 tam-
1328 2280 1361 2331 16

302 2374 389 2436 quam
421 2359 452 2416 in
491 2354 614 2416 aedilicii
650 2356 840 2417 fundamento
877 2359 960 2435 prius
992 2374 1103 2436 ponere
1139 2359 1308 2416 testimonia

302 2445 399 2504 divina
436 2442 591 2524 debemus;
628 2442 736 2523 quibus
773 2447 825 2523 qui
861 2444 965 2506 nolunt
997 2444 1136 2526 credere,
1171 2444 1308 2504 humanis

302 2531 478 2592 ratiunculis
507 2532 587 2592 lalsls
618 2541 705 2611 atque
740 2532 890 2593 fallacibus
921 2534 1124 2592 contravenire
1154 2542 1308 2614 conantur,

302 2619 338 2681 ad
362 2620 418 2681 hoc
436 2629 471 2681 ut
489 2630 539 2680 aut
558 2619 635 2681 aliud
660 2622 825 2699 significare
848 2620 1028 2681 contendant
1050 2619 1129 2700 quod
1152 2619 1309 2682 adhibetur

303 2711 504 2770 testimonium
533 2709 570 2768 de
597 2708 704 2769 litteris
726 2710 833 2791 sacris,
863 2718 914 2770 aut
936 2711 1056 2769 omnino
1079 2709 1218 2770 divinitus
1242 2727 1308 2770 osse
1327 2723 1361 2772 20

302 2797 415 2858 dictum
448 2805 564 2876 negent.
616 2796 690 2857 Nam
721 2797 836 2858 nullum
868 2799 1001 2858 existimo
1033 2816 1098 2858 esse
1131 2797 1309 2880 mortalium,

302 2887 354 2964 qui
378 2903 446 2945 cum
469 2903 512 2966 ea,
535 2887 613 2946 sicut
635 2883 713 2948 dicta
736 2894 820 2960 sunt,
845 2885 1022 2946 intellexerit
1044 2894 1074 2946 et
1096 2905 1113 2946 a
1135 2904 1251 2947 summo
1274 2904 1308 2947 ac

303 2991 373 3034 vero
400 2972 461 3034 Deo
491 2990 545 3053 per
574 2975 685 3033 anImas
712 2983 829 3036 sanctas
856 2974 932 3034 dicta
955 2992 1020 3035 esse
1044 2973 1219 3056 crediderit,
1247 2993 1309 3035 non

303 3064 346 3122 eis
377 3062 462 3122 cedat
493 3070 581 3140 atque
614 3064 795 3142 consentiat,
828 3063 888 3122 sive
918 3061 948 3122 id
978 3065 1066 3123 etiam
1097 3081 1148 3122 ore
1182 3064 1309 3124 latentur

303 3153 365 3214 sive
395 3149 492 3228 aliquo
523 3151 593 3210 vitio
622 3149 708 3210 lateri
734 3150 891 3211 eruhescat
918 3156 969 3211 aut
997 3159 1123 3232 metuat,
1152 3151 1198 3212 vel
1220 3153 1307 3211 etiarn
1327 3161 1361 3210 25

302 3240 468 3318 pervicacia
495 3237 640 3298 simillima
668 3240 798 3299 insaniae
827 3238 870 3315 id,
899 3237 978 3317 quod
1006 3239 1111 3299 falsum
1139 3257 1204 3299 esse
1227 3241 1309 3298 novit

303 3333 355 3386 aut
374 3324 477 3402 credit,
504 3321 629 3403 <contra
647 3323 694 3402 id,
710 3323 788 3402 quod
807 3341 910 3383 verum
930 3341 995 3384 esse
1013 3325 1095 3383 novit
1113 3331 1163 3383 aut
1181 3322 1305 3403 credit>

303 3415 393 3473 etiam
415 3412 684 3472 contentiosissime
707 3408 866 3472 delendere
890 3409 1035 3471 moliatur.

394 3499 479 3570 Quod
499 3517 568 3577 ergo
587 3501 618 3557 in
638 3499 823 3558 confessione
846 3517 880 3558 ac
903 3498 1086 3578 professione
1109 3506 1191 3561 tenet
1213 3501 1309 3559 omnis

305 3588 429 3648 ecclesia
462 3586 515 3647 uei
546 3589 608 3647 veri
631 3584 781 3646 Christum
813 3584 850 3646 de
882 3586 962 3646 caelo
990 3604 1055 3646 esse
1083 3594 1240 3647 venturum
1273 3587 1308 3647 ad
1328 3602 1363 3650 30

307 3671 387 3736 viros
410 3693 443 3736 ac
466 3684 599 3736 mortuos
622 3673 807 3756 iudicandos,
834 3675 913 3735 hunc
937 3673 1027 3734 divini
1050 3673 1151 3734 iudicii
1173 3675 1309 3737 ultimum

307 3765 386 3824 diem
408 3764 543 3845 dicimus,
564 3762 595 3823 id
618 3771 665 3823 est
682 3765 872 3824 nouissimum
896 3772 1021 3841 tempus.
1065 3762 1139 3822 Nam
1160 3782 1215 3844 per
1238 3773 1310 3843 quot

373 3901 639 3957 alconus-eredit
651 3900 1311 3972 6¹1²ed.Lcoau.o;om.RAn¹be9pedprino

1468 802 1469 817 i

1468 926 1470 943 i

1468 948 1470 1033 l

1468 1040 1469 1063 l
