3284 4459
353 502 417 568 102
747 517 964 560 unumunurn

348 670 417 714 non-
441 651 515 712 ordo
541 655 766 732 generationum
786 671 851 732 =por
877 654 1091 733 primogenitos
1119 652 1298 733 duceretur,
1328 661 1364 714 ut

347 758 475 812 neccsse
488 759 554 802 non
572 744 611 804 sit
628 742 659 802 iu
682 741 933 802 iilis-homiuibus
955 750 1017 802 tam
1037 758 1136 802 soram
1158 741 1282 802 credere
1305 759 1361 821 pu·
1454 756 1455 789 1

351 828 510 910 hertatem,
546 829 625 909 quod
662 829 775 891 scilicet
811 829 914 890 cadem
950 831 1067 911 civitas,
1103 847 1192 909 qnam
1224 828 1298 890 Cain
1330 831 1362 890 in

352 918 470 979 nomine
499 915 610 979 Enoch,
634 917 686 979 tilii
718 920 765 979 sui
795 918 944 998 condidit,
975 918 1062 997 louge
1091 916 1210 997 iateque
1233 935 1361 998 regnare
1454 926 1455 931 ’

316 1015 333 1066 5
351 1007 483 1084 potuerit
509 1014 540 1067 et
561 1024 647 1086 reges
665 1005 775 1068 hahere
791 1025 854 1068 non
876 1005 965 1068 simui
986 1005 1097 1087 piures,
1119 1006 1173 1086 sed
1195 1008 1259 1066 suis
1281 1014 1361 1067 aeta·

351 1093 602 1176 tibus‘singulos,
630 1113 705 1175 qnos
730 1097 906 1174 ¹genuissent
928 1093 985 1155 sihi
1008 1111 1203 1156 successuros
1225 1096 1361 1174 quicum·

346 1200 410 1260 ,que
437 1191 619 1261 regnassent.
664 1181 777 1244 Horum
806 1201 911 1262 regum
937 1185 1053 1262 primus
1079 1201 1146 1243 esso
1174 1185 1272 1263 potuit
1294 1185 1361 1262 ipsc

353 1269 439 1352 Cain,
471 1271 623 1332 secundus
642 1271 808 1332 filiuseius
832 1270 949 1352 Enoch,
975 1273 1008 1332 in
1030 1273 1116 1332 cuius
1139 1272 1277 1352 nomine,
1307 1269 1360 1332 uhi

352 1368 543 1440 regnaretur,
566 1359 684 1422 condita
707 1367 762 1420 est
776 1361 892 1439 civitas,
919 1362 1028 1421 tertius
1050 1358 1175 1440 Gaidad,
1197 1376 1287 1438 quem
1309 1378 1360 1438 gc·

294 1458 334 1508 110
350 1449 418 1510 uuit
439 1446 555 1528 Enoch3
577 1456 701 1526 quartus
723 1447 831 1528 hieria,
853 1465 943 1526 quem
965 1450 1068 1526 genuit
1090 1446 1214 1527 Gaidad3
1236 1449 1361 1526 quintus

350 1534 526 1615 Mathusaei,
548 1537 763 1614 quemgenuit
785 1535 891 1616 hieria3
914 1546 1017 1597 sextus
1040 1534 1176 1617 Lamech,
1198 1552 1287 1615 quem
1309 1554 1360 1615 ge·

351 1625 418 1683 uuit
434 1621 605 1704 Mathusael,
628 1626 688 1702 qui·
702 1632 748 1686 est
770 1626 915 1703 septimus
937 1623 974 1685 ah
992 1624 1084 1684 hdam
1106 1642 1162 1703 per
1180 1622 1261 1685 Cain.
1292 1623 1361 1686 Nou

352 1720 450 1773 autem
470 1719 534 1771 orat
551 1729 756 1792 consequeus,
770 1720 804 1773 ut
825 1714 1015 1792 primogeniti
1038 1729 1143 1791 regum
1165 1712 1361 1791 regnantibus

352 1799 548 1861 succederent
569 1800 712 1879 patribus,
735 1800 786 1861 sed
809 1818 887 1878 quos
909 1799 1051 1879 regnandi
1074 1802 1214 1861 meritum
1235 1809 1361 1880 propter
1455 1822 1456 1871 r

300 1898 333 1957 15
352 1890 490 1950 virtutem
513 1896 648 1972 terrenae
667 1888 770 1949 utilem
793 1891 905 1950 civitati
926 1889 974 1949 vel
994 1907 1061 1950 sors
1083 1888 1181 1968 aliqua
1203 1890 1360 1968 reperiret,
1455 1922 1456 1925 κ

352 1976 406 2037 rcl'
423 1975 472 2037 iile
500 1978 686 2054 potissimum
714 1976 889 2038 succederet
915 1979 992 2057 patri
1020 1976 1200 2037 hereditario
1231 1977 1360 2056 quodam

351 2067 417 2126 iuro
440 2065 596 2144 regnandi,
626 2082 715 2143 quem
738 2082 809 2144 prae
832 2067 940 2125 ceteris
963 2065 1030 2125 filiis
1053 2064 1213 2126 dilexisset
1257 2064 1361 2126 Potuit

352 2160 450 2214 autem
478 2154 593 2215 vivente
620 2153 715 2213 adhuc
742 2151 869 2214 Lamech
898 2161 987 2231 atque
1016 2161 1158 2231 regnante
1188 2154 1253 2214 fleri
1283 2152 1360 2213 dilu-

352 2243 447 2320 vium,
478 2247 513 2301 ut
539 2243 637 2319 ipsum
664 2259 732 2302 cum
762 2241 827 2301 aliis
849 2239 987 2303 omnibus
1009 2240 1195 2322 homiuibus,
1227 2244 1361 2320 exceptis

296 2341 333 2391 20
352 2331 403 2409 qui
434 2330 465 2389 in
497 2346 565 2389 arca
597 2328 736 2410 suerunt,
765 2338 858 2408 'quem
888 2329 1028 2408 perderet
1054 2331 1210 2390 inveniret.
1255 2329 1360 2408 Neque

352 2419 430 2478 anim
453 2417 620 2478 mirandum
644 2418 855 2496 coustumia
877 2419 1040 2495 quantitate
1063 2420 1285 2479 numerositatis
1308 2435 1360 2478 an·

349 2523 458 2566 norum
477 2506 651 2584 interposita
669 2521 723 2583 per
741 2513 800 2565 tam
818 2505 935 2584 longam
953 2513 1080 2567 aetatem
1097 2504 1135 2565 ah
1153 2505 1245 2566 Adam
1263 2524 1361 2585 usque

350 2593 494 2655 diluvium
512 2610 571 2653 non
591 2592 720 2671 aequalis
738 2596 856 2654 numeri
878 2595 1085 2672 generationes
1107 2592 1212 2670 hahuit
1232 2602 1360 2673 utraque
1456 2584 1457 2667 ἶ

349 2682 522 2762 progenies,
545 2680 597 2741 sed
620 2698 675 2759 per
698 2679 769 2741 Cain
796 2690 924 2762 septem,
946 2700 1001 2761 per
1024 2681 1097 2742 Seth
1118 2690 1219 2742 autem
1241 2681 1361 2763 deccm3
1456 2680 1457 2699 ¹

297 2781 333 2836 25
351 2772 496 2848 septimus
518 2779 564 2830 cst
586 2771 679 2848 enim,
707 2777 742 2830 ut
763 2771 825 2830 iam·
844 2769 917 2851 dixi,
940 2770 976 2830 ab
998 2771 1091 2831 Adam
1112 2768 1253 2851 Lamech,
1280 2770 1360 2832 deci·

351 2876 418 2918 mus
435 2857 511 2938 Noa;
533 2857 649 2920 ntideo
667 2875 727 2918 non
745 2876 825 2918 uuus
842 2858 920 2918 iilius
938 2858 1074 2940 Lamech,
1095 2861 1175 2920 siout
1195 2861 1228 2920 in
1250 2861 1361 2920 ceteris

351 2948 503 3025 superius,
530 2945 581 3006 sed
614 2945 715 3024 piures
747 2948 969 3007 commemorati
997 2956 1080 3027 suut,
1112 2948 1182 3025 quia
1210 2949 1360 3008 incertum

352 3043 416 3094 erat
439 3036 505 3112 quis
528 3035 557 3094 ei
579 3034 685 3094 fuisset
708 3042 826 3114 mortuo
844 3052 1048 3115 successurus,
1070 3037 1097 3096 si
1119 3036 1263 3113 regnandi
1284 3043 1381 3111 tem,

352 3140 408 3202 pus
431 3124 509 3183 iuter
531 3122 629 3200 ipsum
651 3131 683 3184 ot
705 3122 847 3184 diluvium
870 3124 1068 3184 remansisset.

297 3223 333 3280 30
379 3243 381 3248 v
442 3209 500 3271 Sed
528 3227 647 3289 quoquo
674 3210 770 3271 modo.
788 3229 821 3271 sc
850 3211 956 3272 haheat
983 3213 1046 3272 sive
1068 3228 1123 3291 per
1145 3212 1361 3290 primogenitos

352 3301 413 3360 siva
431 3317 486 3378 per
504 3315 589 3378 reges
608 3317 642 3360 ex
663 3297 734 3360 Cain
752 3302 976 3378 generationum
994 3299 1068 3360 ordo
1091 3299 1264 3381 decurrens,
1286 3299 1361 3360 ittud

351 3387 425 3454 mihi
454 3386 534 3448 nulio
564 3394 649 3469 pacto
678 3388 930 3465 praetereundum
962 3386 1079 3449 silentio
1109 3387 1238 3468 videtur,
1270 3388 1361 3468 quttd,

349 3494 421 3540 cum
439 3473 574 3536 Lamech>
589 3476 733 3554 septimus
745 3472 799 3534 'ah
815 3475 907 3536 Adam
923 3475 1035 3536 ¹fuisset
1056 3477 1203 3556 inventus,
1226 3483 1270 3537 tot
1293 3477 1362 3537 cius

422 3709 438 3759 9
456 3704 556 3774 gaidat
569 3703 684 3774 RAlt'gu
699 3709 732 3760 10
751 3705 924 3771 mediorum
942 3705 1068 3760 Mcuihol
1080 3723 1097 3760 v
1109 3708 1121 3777 fl
1133 3711 1167 3760 tt
1180 3725 1270 3779 usquo
1290 3711 1363 3780 7123

349 3791 440 3845 usque
458 3775 736 3846 ad'AFGadepog
749 3782 783 3833 28
798 3775 913 3847 ¹fuioset]
931 3775 1024 3830 fuerat
1042 3779 1070 3832 R
