3284 4459
346 537 420 642 326,
748 547 949 592 sarrensem

434 685 499 746 Non
518 684 610 746 multo
628 692 695 765 post
713 686 792 745 enim
815 683 989 744 adveniente
1012 680 1177 744 Alexandro
1200 680 1357 760 subiugata

346 781 402 855 est,
424 773 541 853 quando
561 775 618 834 etsi
635 772 714 834 nulla
732 781 779 832 est
797 771 874 832 lacta
891 773 1025 852 vastatio,
1048 773 1188 849 quoniam
1206 787 1267 831 non
1285 777 1358 830 sunt

347 864 376 923 ei
398 864 464 922 ausi
485 863 625 922 resistere
653 869 684 922 et
711 860 777 921 ideo
808 860 954 939 placatum
978 858 1115 920 facillime
1138 857 1251 920 subditi
1272 875 1357 918 rece
1465 888 1466 915 v

346 959 470 1031 perum,
493 967 552 1011 non
575 958 639 1010 erat
661 957 759 1010 tamen
783 949 877 1028 gloria
899 956 979 1008 tanta
1001 946 1108 1008 domus
1130 946 1224 1026 illius,
1246 954 1359 1025 quanta

269 1057 279 1077 ·
312 1039 406 1101 eluit
426 1040 458 1099 in
476 1055 599 1099 suorum
619 1055 721 1116 regum
745 1035 838 1097 libera
861 1044 1014 1115 potestate.
1059 1034 1179 1095 Hostias
1201 1051 1272 1095 eane
1290 1034 1357 1094 Ale-

347 1126 458 1188 xander
481 1125 641 1188 immolavit
658 1129 687 1186 in
708 1123 761 1186 Dei
779 1124 899 1204 templo,
921 1142 981 1185 non
1004 1122 1039 1183 ad
1063 1127 1128 1184 eius
1151 1121 1264 1184 cultum
1286 1139 1358 1182 vera

347 1217 458 1295 pietate
481 1232 651 1294 conversus,
674 1213 726 1274 sed
749 1215 838 1292 impia
861 1215 988 1273 vanitate
1011 1230 1079 1272 cum
1103 1211 1159 1272 diis
1182 1228 1251 1272 eum
1274 1209 1358 1271 falsis

347 1301 504 1364 colendum
533 1310 650 1383 putans.
695 1299 805 1362 lleinde
829 1300 1029 1379 Ptolomaeus,
1060 1299 1130 1378 Lagi
1152 1299 1246 1380 tilius,
1276 1299 1358 1378 quod

348 1409 438 1472 supra
461 1392 636 1470 memoravi,
658 1399 726 1470 post
748 1389 905 1450 Alexandri
928 1396 1054 1449 mortem
1078 1390 1209 1466 captivos
1232 1386 1301 1447 inde
1325 1388 1358 1446 in

297 1495 329 1542 ιο
349 1481 511 1559 Aegyptum
532 1477 690 1556 transtulit,
710 1495 784 1556 quos
803 1480 868 1537 eius
888 1494 1044 1537 successor
1058 1474 1246 1536 Ptolomaeus
1260 1473 1357 1535 Phila·

348 1568 473 1648 delphus
500 1565 775 1628 benevolentissime
802 1565 871 1625 inde
900 1565 1023 1644 dimisit3
1050 1581 1105 1644 per
1133 1582 1223 1643 quem
1246 1564 1359 1623 lactum
1467 1600 1468 1619 t

348 1665 408 1736 est,
435 1656 514 1736 quod
540 1653 627 1734 paulo
650 1664 717 1714 ante
741 1655 871 1733 narravi,
894 1662 927 1713 ut
949 1654 1135 1731 septuaginta
1157 1654 1356 1731 interpretum
1467 1664 1468 1675 ¹

349 1748 512 1823 scripturas
539 1742 724 1804 haberemus.
770 1739 882 1802 Deinde
908 1742 1029 1802 contriti
1056 1749 1127 1801 sunt
1149 1739 1249 1813 hellis,
1279 1757 1357 1819 quae

349 1835 381 1894 in
404 1829 664 1892 Macchabaeorum
688 1829 771 1890 libris
794 1828 987 1908 explicantur.
1033 1826 1104 1889 Post
1132 1828 1204 1888 haec
1231 1832 1309 1909 capti
1340 1845 1357 1888 a
1468 1894 1469 1901 q

298 1935 331 1984 15
349 1937 419 2000 rege
438 1919 629 1980 Alexandriae
648 1917 826 1999 Ptolomaeo,
850 1919 903 1997 qui
924 1924 971 1978 est
993 1915 1156 1996 appellatus
1174 1915 1358 1997 Epiphanes3
1468 1920 1469 1923 ’

349 2009 418 2069 inde
442 2007 478 2068 ab
500 2007 643 2068 Antiocho
675 2024 744 2085 rege
769 2005 870 2085 Syriae
894 2003 995 2066 multis
1016 2013 1047 2065 et
1069 2007 1250 2083 gravissimis
1272 2004 1358 2066 malis

349 2095 385 2156 ad
415 2095 491 2168 idola
521 2093 641 2156 colenda
670 2094 820 2174 conpulsi,
850 2092 1051 2174 templumque
1079 2095 1177 2172 ipsum
1208 2092 1356 2172 repletum
1468 2092 1469 2119 ¹

349 2185 500 2263 sacrilegis
518 2181 779 2262 superstitionibus
798 2184 940 2262 gentium,
958 2181 1038 2261 quod
1057 2190 1155 2242 tamen
1174 2181 1233 2242 dux
1252 2199 1357 2242 eorum
1464 2186 1469 2198 ⁴

349 2274 573 2335 strenuissimus
605 2269 709 2344 ludas,
742 2273 794 2350 qui
827 2273 915 2330 etiam
946 2269 1158 2330 llacchahaeus
1181 2270 1279 2330 dictus
1300 2280 1356 2350 est,

251 2437 254 2443 ,
296 2381 330 2427 ao
348 2361 487 2424 Antiochi
509 2357 634 2420 ducibus
652 2357 746 2438 pulsis
768 2355 804 2418 ab
827 2360 908 2418 omni
931 2357 978 2417 illa
1002 2357 1153 2419 idolatriae
1176 2360 1357 2419 contamina·
1469 2422 1470 2437 ,

349 2452 429 2512 tione
453 2447 611 2509 mundavit.

438 2537 503 2598 Non
526 2545 624 2596 autem
647 2533 740 2596 multo
762 2544 830 2614 post
853 2534 982 2595 Alcimus
1004 2535 1123 2613 quidam
1146 2553 1201 2616 per
1223 2534 1358 2596 ambitio·

351 2644 429 2705 uem,
451 2641 519 2686 cum
543 2641 558 2683 a
581 2641 689 2702 genere
714 2622 887 2684 sacerdotali
910 2631 990 2684 esset
1012 2622 1141 2703 alienus,
1170 2622 1249 2703 quod
1273 2624 1357 2684 nelas

349 2723 432 2794 erat,
462 2712 593 2792 pontilex
627 2711 721 2771 lactus
752 2720 807 2772 est.
853 2710 928 2772 llinc
959 2712 1017 2771 iam
1047 2718 1114 2790 post
1141 2729 1233 2772 annos
1262 2711 1356 2772 lerme

298 2816 331 2865 te
351 2801 573 2881 quinquaginta,
595 2801 625 2859 in
649 2797 757 2878 quibus
780 2802 824 2859 eis
846 2810 945 2860 tamen
966 2816 1023 2879 pax
1047 2816 1106 2860 non
1129 2800 1199 2879 luit,
1222 2803 1355 2879 quamvis

351 2889 446 2968 aliqua
471 2898 501 2948 et
523 2905 664 2966 prospere
683 2890 839 2968 gesserint,
861 2890 975 2967 primus
998 2886 1075 2966 apud
1098 2905 1150 2948 eos
1169 2887 1355 2948 Aristoholus

351 2977 506 3056 adsumpto
530 2974 692 3036 diademate
715 2985 745 3036 et
769 2994 820 3036 rex
844 2985 874 3036 et
896 2976 1030 3055 pontifex
1054 2977 1150 3036 lactus
1173 2984 1227 3036 est.
1263 2976 1358 3038 Antea

351 3069 475 3147 quippe,
506 3081 542 3124 ex
574 3082 633 3143 quo
665 3064 702 3124 de
736 3063 911 3143 Babyloniae
943 3066 1110 3143 captivitate
1142 3066 1255 3125 reversi
1286 3073 1358 3126 sunt

351 3153 553 3233 templumque
584 3154 778 3213 instauratum
811 3162 871 3231 est,
903 3169 962 3212 non
990 3169 1089 3232 reges,
1116 3152 1167 3212 sed
1195 3151 1287 3212 duces
1308 3153 1357 3213 vel

298 3259 333 3307 eo
352 3245 502 3324 principes
529 3239 709 3322 hahuerunt3
737 3244 870 3320 quamvis
897 3248 928 3300 et
955 3242 1006 3318 qui
1034 3258 1085 3300 rex
1112 3249 1159 3301 est
1181 3243 1275 3320 possit
1296 3241 1358 3303 dici
1461 3250 1470 3269 '

351 3334 490 3413 princeps
527 3346 542 3388 a
579 3331 745 3408 principatu
778 3328 942 3409 imperandi
973 3337 1003 3387 et
1035 3328 1093 3389 dux
1125 3347 1175 3408 eo,
1206 3327 1285 3407 quod
1316 3332 1358 3392 slt

353 3420 458 3480 ductor
481 3419 643 3498 exercitus,
666 3416 718 3477 sed
742 3436 800 3478 non
823 3419 977 3495 continuo,
1004 3419 1183 3495 quicumque
1205 3419 1357 3497 principes

352 3507 397 3568 vel
416 3506 507 3567 duces
525 3514 603 3584 sunt,
626 3507 713 3566 etiam
733 3523 817 3584 reges
837 3504 894 3564 dici
917 3513 1050 3584 possunt,
1073 3505 1151 3583 quod
1174 3507 1230 3566 istc
1244 3507 1356 3566 Aristo·

352 3595 438 3657 bolus
468 3595 531 3654 luit.
577 3592 632 3654 Cui
662 3595 805 3653 successit
832 3590 1008 3671 Alexander,
1037 3595 1126 3653 etiam
1153 3595 1216 3673 ipse
1246 3611 1298 3654 rex
1325 3601 1358 3654 et

350 3749 454 3870 Ml}
473 3742 595 3797 benivol.
614 3759 679 3811 orea3
703 3743 737 3796 cf.
758 3749 818 3808 336,
833 3750 849 3796 8
867 3746 877 3812 l
895 3749 927 3796 22
948 3743 1065 3797 alcimum
1086 3745 1198 3815 Gqu3
1221 3744 1361 3800 alchimus

415 3831 434 3869 o
459 3829 496 3883 ep
