3284 4459
516 527 557 568 nn
572 525 1006 570 mvrrarnnn1nxvmo.1s.
1210 511 1276 576 275

178 649 179 686 ³
276 659 323 722 sed
346 679 400 742 per
428 660 508 721 illam
530 659 584 720 Dei
607 662 730 739 spiritus
752 659 781 720 id
803 659 922 740 ‘agebat3
951 678 1018 720 nam
1042 662 1129 721 etiam
1151 659 1277 740 prophe-

276 750 342 812 tissa
372 757 451 828 erat,
484 751 570 810 ouius
601 748 755 828 prophetia
783 752 882 809 minus
909 757 1009 828 aperta
1037 756 1098 829 est,
1127 766 1215 828 quam
1245 757 1280 809 ut

270 839 420 916 'possimus
448 855 513 898 eam
540 839 603 898 sine
632 837 772 897 diuturna
801 839 985 916 expositione
1017 835 1054 897 de
1082 835 1199 897 Christo
1228 837 1278 896 de·

276 933 439 986 monstrare
466 925 617 1004 prolatam.
663 923 723 984 lam
751 943 821 1003 ergo
851 924 1013 1003 regnabant
1036 923 1198 987 Laurentes
1221 927 1277 986 uti-

276 1031 329 1092 que
353 1015 383 1072 in
408 1011 498 1093 ltalia,
522 1031 557 1074 ex
581 1012 689 1092 quibus
713 1012 876 1073 evidentior
900 1013 1019 1073 ducitur
1042 1015 1125 1091 origo
1148 1011 1314 1074 Romanae

178 1139 179 1142 κ
275 1111 339 1180 post
367 1099 509 1181 Graecos;
547 1109 577 1162 ct
613 1109 713 1162 tamen
750 1100 845 1162 adbuc
877 1119 1002 1180 regnum
1028 1100 1182 1180 Assyrium
1212 1120 1278 1180 per·

275 1189 418 1268 manebat,
435 1188 488 1249 ubi
507 1199 571 1252 erat
588 1209 641 1251 rex
659 1192 839 1252 vicensimas
858 1198 889 1250 ct
906 1193 1012 1252 tertius
1026 1191 1193 1271 Lamparcs,
1207 1211 1276 1254 cnm

275 1281 387 1357 primus
415 1274 595 1339 Laurentum
623 1277 712 1338 Picus
740 1295 805 1338 esse
835 1280 990 1357 coepisset
1035 1277 1076 1338 Dc
1103 1278 1194 1339 buius
1215 1279 1279 1339 Pici

275 1375 356 1444 patre
381 1363 509 1426 Saturno
538 1365 665 1426 viderint
692 1365 761 1444 quid
793 1367 922 1426 sentiant
945 1366 1047 1428 talium
1070 1366 1195 1428 deorum
1218 1367 1278 1428 cul·

275 1463 363 1533 tores,
386 1455 438 1532 qui
456 1462 564 1532 negant
583 1452 731 1514 bominem
756 1455 861 1534 luisse;
884 1453 920 1514 de
944 1473 1003 1534 quo
1028 1463 1058 1515 ct
1081 1454 1129 1517 alii
1153 1457 1333 1535 scripse-10

274 1548 356 1622 runt,
385 1541 464 1620 quod
487 1551 554 1602 ante
578 1540 681 1602 Picum
704 1541 795 1602 lilium
820 1560 908 1602 suurn
930 1545 961 1602 in
983 1542 1065 1602 ltalia
1087 1546 1151 1622 ipse
1174 1562 1276 1624 regna-

275 1631 357 1711 verit,
380 1637 411 1692 et
433 1627 578 1706 Vergilius
603 1629 768 1691 notioribus
791 1628 898 1690 litteris
921 1630 1006 1692 dicit:

360 1771 391 1831 Is
416 1789 511 1846 genus
533 1771 660 1831 indocile
683 1775 715 1831 ei
737 1772 905 1848 dispersum
927 1773 1080 1832 montibus
1103 1773 1173 1832 altis

362 1857 537 1936 Composuit
558 1859 700 1935 legesque
723 1860 806 1920 dedit
828 1860 1007 1936 Latiumque
1029 1862 1130 1921 vocari

360 1948 477 2024 Maluit,
499 1947 546 2006 his
569 1949 709 2024 quoniam
732 1948 873 2009 latuisset
893 1953 979 2009 tutus
1001 1949 1033 2007 in
1056 1950 1125 2009 oris.
1301 1962 1334 2010 15

362 2037 463 2094 Aurea
484 2054 561 2112 quoe
584 2037 742 2111 perhibent
764 2037 816 2098 illo
840 2038 897 2097 sub
919 2056 991 2114 rege
1014 2037 1097 2096 foere

362 2124 495 2183 Saeculo

274 2263 332 2324 Sed
356 2262 429 2325 haec
452 2266 567 2343 poetica
590 2267 749 2345 opinentur
776 2283 842 2326 esse
865 2265 1004 2345 figmenta
1027 2273 1058 2326 et
1079 2264 1143 2326 Pici
1165 2275 1281 2343 patrem

274 2351 399 2414 Stercen
423 2354 522 2433 potius
552 2353 644 2414 luisse
667 2351 854 2433 adseverent,
882 2371 898 2414 a
922 2371 980 2431 quo
1003 2355 1183 2432 peritissimo
1206 2356 1280 2431 agri·

273 2441 338 2501 cola
361 2443 513 2502 inventum
533 2441 640 2522 lerunt,
663 2449 698 2501 ut
719 2442 787 2502 fimo
811 2441 979 2502 animalium
1002 2444 1065 2518 agri
1088 2440 1280 2501 iocundarcn-
1300 2456 1335 2505 eo

273 2535 337 2604 tur,
361 2528 438 2606 quod
463 2527 587 2590 abelus
611 2531 728 2590 nomine
752 2537 869 2592 stercus
893 2539 939 2590 est
961 2528 1087 2602 dictum3
1115 2529 1193 2589 bunc
1217 2531 1280 2606 qui-

274 2616 342 2677 dam
357 2616 540 2678 Stercutium
558 2626 693 2678 vocatum
712 2618 820 2680 lerunt.
859 2616 995 2688 Qualibet
1012 2626 1111 2679 antem
1134 2635 1170 2676 ex
1193 2635 1282 2677 causa

273 2723 343 2765 eum
377 2703 540 2766 Saturnum
576 2704 721 2784 appellare
760 2706 921 2787 voluerint,
958 2715 1038 2767 certe
1072 2714 1170 2765 tamen
1201 2705 1281 2766 bone

274 2791 401 2854 Stereeo
438 2795 498 2854 sive
540 2792 722 2854 Stercutium
764 2797 870 2854 merito
912 2794 1109 2872 agriculturae
1146 2794 1281 2853 lecerunt

273 2881 371 2942 deum.
416 2879 520 2941 Picum
539 2899 657 2960 quoque
677 2880 812 2942 similiter
835 2884 900 2942 eius
918 2882 1010 2942 lilium
1032 2884 1063 2942 in
1086 2880 1188 2942 talium
1211 2881 1279 2941 deo·
1300 2895 1335 2944 ab

272 2987 342 3030 rum
366 2987 524 3030 numerum
547 2979 738 3048 receperunt,
768 2987 857 3047 quem
879 2970 1063 3049 praeclarum
1086 2987 1227 3047 augurem
1251 2978 1282 3030 et

273 3056 513 3136 belligeratorem
549 3057 658 3117 luisse
677 3066 823 3118 asserunt.
876 3057 965 3118 Picus
1001 3057 1133 3118 Farrnum
1170 3060 1282 3138 genuit,

272 3145 457 3206 Laurentum
480 3163 580 3224 regem
599 3145 775 3224 secundum3
799 3148 887 3206 etiam
909 3149 966 3206 istc
990 3145 1063 3206 deus
1085 3145 1143 3205 illis
1167 3145 1212 3205 vel
1235 3153 1282 3205 est

271 3233 320 3294 vel
358 3233 422 3294 luit.
471 3232 533 3292 Hos
569 3241 636 3293 ante
667 3233 828 3294 Troianum
865 3233 974 3294 bellum
1007 3233 1120 3294 divinos
1152 3234 1280 3293 bonores

273 3324 400 3382 mortuis
424 3320 593 3381 bominibus
615 3320 794 3382 detulerunt.
1298 3333 1334 3382 30

347 3494 390 3560 17)
409 3494 477 3546 Aen.
495 3494 521 3559 8,
539 3495 591 3546 821
610 3507 669 3560 sqq.

346 3654 362 3702 6
381 3647 518 3717 assyrium
532 3648 582 3718 Rp
598 3651 734 3715 (145,29;
747 3649 813 3713 283,
824 3650 857 3712 5,·
869 3648 935 3710 292,
945 3648 988 3713 6);
1006 3644 1176 3712 assyriorum
1190 3640 1283 3695 ΑΜ

269 3721 331 3774 rell.
349 3736 367 3774 o
386 3721 396 3789 ll
417 3725 432 3773 'l
455 3717 624 3773 uicensimus
644 3717 722 3788 R¹g¹
740 3719 750 3787 ll
770 3719 799 3772 oi
817 3715 987 3784 naccon·
1010 3731 1060 3770 om.
1079 3731 1095 3768 o
1115 3716 1125 3783 ΙΙ
1144 3713 1283 3780 lamperes

270 3789 409 3846 Rosea
427 3791 437 3860 ll
455 3794 488 3844 10
507 3805 570 3844 eum
588 3804 651 3859 neg.
668 3789 706 3853 (ἔς
725 3804 788 3857 neg.
808 3801 872 3842 erun
890 3804 904 3840 e

1021 3871 1071 3924 18·
