3284 4459
544 475 548 483 '
594 450 635 525 nn
648 483 791 526 mutuare
805 484 859 525 mu
872 485 899 525 1..
911 485 974 525 xxv.
988 484 1012 525 o.
1025 487 1044 526 e.
1278 470 1322 533 23

315 618 358 678 ita
390 634 459 677 cum
488 616 580 679 voluit
611 620 742 698 suscepit
773 621 871 679 animo
900 616 1041 698 humano,
1072 627 1108 680 ut
1136 635 1204 679 oum
1230 616 1323 679 voluit

315 707 413 766 iactus
435 714 482 766 est
504 706 600 767 bomo.

405 792 543 875 Proinde,
565 794 644 873 quod
663 794 813 855 fatendum
832 803 886 867 est,
908 797 996 855 etiam
1014 812 1083 855 cum
1105 803 1202 855 rectas
1224 803 1255 856 et
1277 812 1322 856 se·

315 881 447 943 cundum
471 880 564 943 Deum
587 883 729 943 babemus
752 883 805 943 bas
829 884 1011 963 affectiones,
1034 882 1124 943 buius
1144 886 1220 943 vitae
1243 892 1322 959 sunt,

284 1036 290 1045 ,
316 988 377 1030 non
399 970 492 1051 iliius,
520 988 607 1049 quam
635 972 764 1032 torturam
793 988 962 1051 speramus,
988 979 1019 1031 et
1041 989 1128 1050 saepe
1152 970 1210 1031 iilis
1232 974 1357 1032 etiamn

316 1061 401 1119 inviti
428 1057 569 1120 cedimus.
614 1058 717 1138 ltaque
745 1059 914 1141 aliquando,
941 1060 1074 1137 quamvis
1101 1077 1161 1119 non
1183 1059 1321 1139 culpabili

319 1146 491 1229 cupiditate,
523 1148 575 1208 sed
601 1146 739 1209 laudabili
766 1150 888 1208 caritate
916 1165 1098 1227 moveamur,
1129 1148 1217 1207 etiam
1248 1147 1321 1208 dum

319 1235 455 1297 nolumus
483 1236 596 1297 demus.
642 1233 791 1296 Habemus
819 1254 891 1315 ergo
918 1252 969 1295 eas
994 1254 1031 1295 cx
1053 1235 1198 1296 humanae
1221 1236 1319 1298 condi·

317 1325 412 1384 cionis
434 1324 617 1403 infirmitate3
641 1342 701 1383 non
723 1332 822 1385 autem
845 1326 885 1384 ita
903 1323 1046 1384 Dominus
1068 1323 1160 1404 lestis,
1182 1326 1268 1385 ouius
1290 1334 1321 1385 et

317 1412 471 1473 infirmitas
499 1413 555 1473 iuit
583 1430 619 1472 ex
645 1420 800 1491 potestate.
846 1411 905 1472 Sed
931 1411 1003 1473 dum
1030 1414 1106 1473 vitae
1129 1411 1218 1473 buius
1240 1414 1374 1475 inde-10

317 1502 448 1560 mitatem
476 1502 620 1580 gerimus,
649 1502 675 1560 si
702 1518 751 1560 eas
778 1502 899 1560 omnino
926 1500 1020 1561 nullas
1048 1499 1220 1580 habeamus,
1249 1509 1321 1562 tunc

316 1590 415 1667 potius
442 1606 501 1648 non
529 1596 610 1649 recte
637 1590 770 1649 vivimus.
814 1586 1005 1667 vituperabat
1031 1592 1110 1649 euim
1138 1597 1168 1649 et
1194 1589 1321 1651 detesta-

316 1675 405 1737 batur
433 1676 583 1755 apostolus
613 1676 768 1758 quosdam,
795 1695 871 1756 quos
897 1679 985 1736 etiam
1008 1695 1074 1737 esse
1097 1677 1171 1737 dixit
1193 1680 1257 1738 sine
1280 1680 1321 1737 ai·

317 1765 454 1825 tectione.
500 1764 634 1844 Culpavit
662 1768 749 1825 etiam
777 1764 843 1825 illos
870 1781 956 1826 sacer
981 1763 1125 1846 psalmus,
1153 1765 1321 1846 dequibus

315 1854 371 1913 ait:
394 1854 534 1913 Sustinui
554 1856 609 1928 qut
628 1855 718 1913 simut
738 1856 983 1927 contristaretur,
1006 1861 1037 1914 et
1056 1871 1118 1915 nou
1137 1852 1207 1928 fuit.
1247 1854 1320 1915 Nam
1340 1868 1373 1916 15

315 1942 436 2001 omnino
455 1959 514 2001 non
534 1940 643 2021 dolere,
665 1941 736 2002 dum
754 1959 858 2001 sumus
875 1944 906 2001 in
924 1940 980 2001 boc
999 1940 1064 2003 loco
1087 1944 1231 2023 miseriae,
1252 1961 1321 2021 pro·

317 2030 410 2110 tecto,
441 2031 519 2090 sicut
546 2030 665 2108 quidam
693 2031 779 2090 etiam
808 2029 885 2108 apud
918 2029 1028 2090 saeculi
1059 2029 1148 2090 buius
1175 2030 1321 2091 litteratos

316 2118 411 2178 sensit
426 2125 458 2177 et
475 2116 557 2197 dixit,
568 2115 640 2180 ‘non
658 2119 722 2177 sine
745 2134 849 2196 magna
872 2118 1008 2178 mercede
1032 2119 1176 2196 contingit
1197 2120 1320 2179 inmani·

316 2207 385 2265 tatis
407 2207 438 2265 in
462 2207 573 2283 animo,
600 2207 731 2284 stuporis
753 2208 784 2265 in
807 2204 953 2284 corpore'.
987 2205 1132 2277 Quocirca
1154 2206 1217 2288 itta,
1245 2225 1319 2286 quae

316 2288 449 2353 ἀπάθεια
477 2292 586 2354 Graece
610 2292 718 2354 dicitur
741 2286 833 2375 (quae
857 2295 882 2353 si
904 2292 1008 2353 Latine
1037 2302 1138 2372 posset
1164 2294 1318 2374 inpassibi·
1340 2310 1374 2358 20

316 2381 383 2441 litas
406 2375 586 2464 diceretur),
617 2382 643 2441 si
664 2383 705 2441 ita
728 2381 923 2460 intellegenda
946 2389 992 2441 est
1014 2375 1060 2462 (in
1083 2384 1180 2441 animo
1203 2386 1321 2465 qnippe,

316 2472 430 2530 nonin
453 2487 577 2549 corpore
601 2463 772 2550 accipitur),
799 2477 835 2529 ut
863 2472 926 2529 sine
950 2468 996 2529 bis
1018 2469 1222 2531 affectionibus
1245 2474 1320 2531 riva·

317 2566 376 2638 tur,
399 2576 474 2636 quae
493 2566 596 2618 contra
614 2560 758 2618 rationem
773 2558 911 2617 accidunt
928 2564 1118 2636 mentemque
1135 2558 1321 2641 perturbant,

316 2644 393 2706 bona
415 2645 501 2725 plane
519 2655 549 2706 et
567 2648 691 2705 maxime
710 2645 836 2725 optanda
855 2653 910 2727 est,
932 2644 984 2705 sed
1003 2663 1059 2706 nec
1077 2648 1140 2724 ipsa
1163 2646 1252 2708 buius
1275 2657 1321 2709 est

316 2736 400 2795 ritae.
445 2734 510 2794 Non
538 2736 618 2795 enim
644 2732 903 2812 qualiumcumque
924 2732 1078 2793 bominum
1100 2752 1156 2794 vox
1174 2744 1235 2816 est,
1267 2736 1320 2797 sed
1338 2750 1373 2798 ao

316 2824 441 2882 maxime
472 2824 590 2901 piorum
625 2821 809 2901 multumque
841 2824 988 2883 iustorum
1020 2831 1108 2900 atque
1138 2832 1321 2885 sanctorum:

316 2911 353 2971 Si
373 2912 549 2986 deserimus,
572 2914 714 2985 quonium
731 2917 894 2988 peccatum
912 2927 972 2971 nort
990 2912 1142 2985 babemus,
1165 2929 1219 2973 nos
1241 2916 1321 2988 ipsos

315 3000 487 3060 seducimus
505 3006 535 3059 et
552 3002 665 3059 ueritus
683 3002 715 3059 in
734 3000 819 3059 nobis
836 3016 899 3060 uon
919 3006 972 3059 est.
1017 2998 1101 3059 Tunc
1122 3002 1222 3078 itaque
1244 2995 1319 3061 tue-

314 3092 385 3147 θεια
412 3089 469 3148 ista
496 3088 566 3166 erit,
593 3086 710 3165 quando
739 3095 894 3165 peccatum
920 3088 953 3146 in
976 3085 1094 3147 bomine
1117 3087 1231 3149 nullum
1254 3092 1319 3149 erit.

314 3174 401 3236 Nunc
423 3192 494 3235 vero
514 3133 585 3235 sadis
602 3172 679 3235 bene
696 3176 814 3253 vivitur,
831 3171 938 3254 (si)
913 3192 979 3235 stne
997 3176 1137 3255 crimine;
1165 3179 1229 3237 sine
1251 3196 1319 3257 peo-
1338 3191 1373 3238 att

315 3272 382 3324 cato
406 3271 504 3323 autem
531 3264 583 3340 qui
606 3279 637 3321 se
661 3263 759 3322 rivere
782 3262 942 3339 existimat,
965 3265 1025 3321 non
1047 3263 1078 3324 id
1100 3266 1172 3343 agit,
1195 3274 1229 3326 ut
1250 3284 1318 3345 peo-

314 3361 415 3417 catum
442 3368 501 3411 non
528 3349 646 3428 habeat,
679 3348 731 3409 sed
758 3356 792 3409 ut
818 3350 933 3409 veniam
961 3367 1020 3410 non
1048 3353 1180 3431 accipiat.
1224 3352 1318 3413 Porro

315 3546 340 3593 1
359 3468 630 3606 1141)R8ttml,31.
668 3465 897 3533 to)Ps.68‚at.
935 3464 1319 3538 immutescamus)

372 3556 389 3594 o

382 3676 459 3731 ithus
470 3679 496 3733 G
509 3680 519 3747 u
533 3683 566 3731 27
577 3678 710 3761 quonium
720 3666 926 3747 7110012Ῥῆ
918 3678 1008 3747 ·quie
1019 3679 1114 3749 V'Ap
1114 3677 1174 3733 E⁰
1162 3682 1229 3748 ‚rofi
1225 3685 1272 3747 20,
1276 3686 1326 3747 29,-

309 3751 421 3815 446,2,·
437 3751 502 3815 473,
516 3752 535 3803 7
551 3750 561 3818 d
579 3753 613 3801 30
632 3748 657 3803 si
675 3766 725 3805 cru.
747 3720 1157 3820 VAFGabdpEptttpono
1178 3752 1325 3808 V¹Auat

309 3789 396 3889 σῖμος
412 3834 497 3888 porro
516 3822 611 3873 autem
630 3819 722 3887 ΥΤ,
739 3821 775 3887 cf.
794 3826 839 3887 40,
853 3824 907 3889 21,
926 3822 1050 3875 taor
