3284 4459
517 527 559 568 om
572 526 714 570 ommam
726 527 781 568 nm
793 526 819 569 n.
833 527 883 569 xv.
897 527 920 568 a.
934 529 967 569 rs.
980 530 1014 570 re
1223 513 1267 578 85

256 661 320 742 illa,
354 677 412 740 qua
440 670 561 724 eentum
592 663 661 723 anni
689 664 773 742 prius
806 661 902 723 solent
928 662 1004 723 adiel
1030 670 1062 724 et
1087 671 1190 741 postea
1216 662 1267 724 (le-

256 750 346 832 trahi,
369 749 571 812 occultaretur
589 750 743 832 industria,
765 765 835 811 oum
853 759 883 812 et
901 751 969 832 illic,
991 749 1043 814 ubi
1062 768 1185 812 neeesse
1206 769 1267 833 non

258 839 376 919 iuerat,
407 857 468 900 non
496 839 616 917 quidem
643 838 679 901 de
708 847 828 899 centnm
851 840 951 919 annis,
984 857 1086 900 rerum
1109 848 1207 901 tamen
1230 839 1267 901 de

259 926 532 1006 quantulocumque
556 944 680 988 numero
702 929 786 1006 prius
808 926 951 1008 detracto,
973 936 1041 1006 post
1063 927 1188 1010 reddito,
1210 928 1267 990 tale

260 1015 371 1094 aliquid
402 1013 509 1076 lieret?
546 1014 604 1076 Sed
638 1015 858 1094 quomodolibet
889 1018 968 1077 istae
1002 1008 1177 1095 accipiatur,
1206 1019 1302 1078 sires

260 1103 400 1164 credatur
430 1105 471 1164 ita
507 1121 572 1164 esse
605 1104 714 1165 lectum
746 1107 806 1164 sire
845 1122 904 1164 non
937 1103 1089 1186 credetur,
1119 1107 1180 1165 sive
1215 1124 1266 1184 po·

261 1199 372 1252 stremo
391 1193 432 1252 ita
455 1193 516 1252 sire
535 1194 654 1252 nonita
676 1193 727 1253 sit:
750 1199 832 1254 reete
850 1193 915 1253 fieri
937 1191 1019 1254 nullo
1042 1193 1129 1254 modo
1152 1192 1266 1254 dubite-

261 1281 363 1360 verim,
386 1288 429 1359 ut,
451 1298 520 1342 eum
537 1278 686 1342 diversum
704 1279 813 1358 aliquid
829 1278 867 1341 ‘in
892 1282 1026 1359 utrisque
1050 1280 1202 1343 codicibus
1223 1284 1268 1342 in-

262 1369 387 1449 venitur,
407 1368 523 1446 quenda
538 1368 658 1447 quidem
671 1367 707 1428 erl
721 1368 809 1430 fidem
823 1387 925 1430 rernm
943 1376 1094 1448 gestarum
1107 1377 1267 1449 utrumque

264 1474 329 1517 esse
351 1474 411 1516 non
434 1465 671 1536 potentorum,
698 1458 726 1516 ei
748 1456 864 1537 linguae
888 1459 988 1537 potius
1010 1456 1162 1538 credatur,
1190 1458 1267 1520 unde
1288 1470 1322 1520 ιο

264 1553 309 1606 est
339 1547 371 1604 in
403 1544 488 1606 eliam
517 1563 571 1624 per
602 1547 782 1623 interpretes
812 1545 889 1606 inste
920 1544 1082 1607 translatio.
1133 1545 1206 1607 Nem
1238 1546 1282 1607 in*

263 1631 440 1712 quibusdam
467 1635 555 1695 etiem
582 1632 734 1694 aodioibus
757 1631 878 1696 Graecis
905 1632 1002 1695 tribus
1030 1643 1061 1695 et
1082 1652 1142 1695 uno
1165 1634 1269 1696 Latino

262 1729 293 1782 et
322 1738 382 1782 uno
411 1723 499 1782 etiam
523 1721 597 1801 Syro
625 1723 703 1783 inter
731 1739 763 1782 se
786 1721 1041 1790 consentientibus
1062 1723 1201 1783 inventus
1223 1730 1270 1785 est

261 1808 454 1871 Mathusalam
477 1828 529 1871 sex
552 1811 637 1870 annis
660 1816 728 1871 ante
751 1809 893 1872 diluvium
916 1811 1009 1872 inisse
1031 1809 1198 1874 defunctus.

654 2033 771 2101 Onear
793 2033 882 2102 XIV.
1290 2053 1322 2102 ιι

262 2163 310 2223 Be
334 2164 494 2240 parilitate
520 2179 682 2237 annorum,
710 2167 765 2239 qai
790 2166 901 2226 eisdem
929 2165 1038 2240 quibus
1059 2181 1142 2226 aare
1163 2167 1270 2242 spatiis

441 2257 472 2311 et
493 2253 525 2312 in
543 2253 702 2327 prioribus
723 2255 855 2313 saeculis
877 2259 1092 2314 cucurrerant

352 2373 437 2435 Nune
464 2376 522 2435 iam
550 2372 699 2435 rideamus
726 2392 855 2453 quonam
882 2375 969 2436 modo
996 2375 1149 2436 evidenter
1175 2377 1271 2455 possit

263 2462 391 2545 ostendi,
414 2480 472 2523 non
496 2470 555 2523 tam
574 2460 688 2542 breves,
711 2471 744 2523 ut
766 2462 808 2524 illi
831 2463 934 2525 desem
956 2481 1035 2525 unas
1057 2472 1138 2525 esset
1160 2473 1270 2545 noster,

263 2552 316 2613 sed
335 2559 434 2612 tantae
452 2550 628 2630 prolixitatis
647 2567 748 2631 annos,
771 2560 896 2630 qrrentae
915 2569 995 2612 nune
1013 2551 1156 2613 babemus
1179 2546 1270 2634 (quos
1288 2565 1324 2615 20

263 2642 367 2719 utique
395 2640 537 2699 circuitus
565 2639 683 2700 conlisit
710 2633 812 2722 solis),
838 2642 870 2700 in
896 2639 1015 2700 illorum
1037 2640 1190 2701 bominum
1214 2643 1271 2702 vite

262 2728 462 2807 prolixissima
480 2735 663 2805 conputatos.
709 2725 948 2789 Sescentensimo
967 2746 1073 2807 nempe
1095 2746 1172 2790 anno
1195 2731 1270 2790 vitae

263 2815 325 2876 Noe
356 2817 500 2894 seriptum
534 2822 581 2877 est
613 2816 722 2877 lactum
750 2835 815 2876 esse
843 2815 993 2877 diluvium.
1039 2815 1099 2876 Cur
1131 2835 1202 2897 ergo
1229 2816 1271 2878 ibi

264 2905 386 2984 legitur:
418 2905 460 2963 Et
485 2921 567 2980 aqua
597 2905 704 2964 diluvii
722 2904 811 2980 saeta
834 2913 992 2981 estsuper
1014 2911 1131 2967 terram
1152 2924 1269 2967 sescen-

264 2995 389 3054 tensima
409 3008 489 3053 anna
512 2995 544 3052 in
566 2993 628 3052 vita
646 2993 718 3066 Noe,
740 2996 869 3054 secundi
889 2996 1006 3067 mensis,
1028 2997 1154 3070 septima
1177 3002 1208 3056 et
1228 2997 1270 3055 ai·
1289 3005 1324 3055 25

265 3084 399 3142 seesima
430 3083 557 3154 mensis,
589 3082 614 3141 si
645 3097 741 3141 annus
772 3080 819 3141 ille
849 3083 1003 3161 minimus,
1035 3080 1137 3160 arieles
1168 3082 1271 3144 decem

265 3170 378 3230 laniunt
406 3185 498 3228 unum
525 3175 674 3250 nostrum,
700 3170 821 3248 triginta
844 3187 895 3229 sex
918 3167 1045 3229 habebnt
1066 3165 1151 3230 dies?
1195 3169 1270 3231 Ten·

264 3255 345 3319 tillus
369 3259 479 3336 qnippe
503 3274 610 3337 annus,
639 3257 666 3317 si
688 3259 808 3336 antiquo
832 3275 915 3318 more
938 3257 995 3319 hoe
1017 3275 1125 3318 nomen
1148 3261 1271 3339 aceepit,

264 3353 315 3406 aut
342 3363 402 3405 non
430 3343 518 3405 hebet
545 3363 674 3424 menses,
701 3353 753 3405 aut
776 3347 886 3406 mensis
909 3346 973 3406 eins
996 3354 1043 3406 est
1064 3345 1209 3427 triduum,
1237 3357 1272 3407 at

265 3432 371 3494 babeat
398 3432 554 3494 duodecim
582 3450 708 3494 menses.
755 3433 820 3505 Quo
848 3433 935 3494 modo
963 3436 1053 3513 igitur
1081 3433 1129 3494 hia
1159 3433 1270 3494 dietam
1290 3446 1326 3496 30

336 3555 381 3622 14)
403 3552 521 3676 Auffisi.
541 3551 652 3618 Quaesb.
676 3553 707 3606 in
729 3551 811 3621 Hept.
836 3572 862 3624 p.
882 3560 908 3620 4,
924 3559 957 3607 14
980 3553 1063 3622 Zyeh.
1136 3556 1180 3624 26)
1204 3553 1272 3609 Gen.

265 3623 442 3693 i,10sq.(b
493 3626 512 3692 ).

336 3752 352 3801 b
373 3746 447 3800 istuc
467 3747 555 3801 VRA
575 3749 708 3814 (ee,1s);
735 3745 807 3800 istut
824 3748 868 3814 1⁴¹5
894 3747 987 3808 istene
1005 3764 1031 3813 ee
1058 3747 1135 3814 istpd
1155 3747 1247 3817 Gbpa
1262 3746 1277 3821 {l

265 3823 298 3871 21
317 3817 349 3871 in
367 3833 417 3872 am.
437 3815 533 3886 lamp
547 3823 580 3870 25
598 3817 629 3870 in
646 3817 708 3870 nita
728 3816 896 3885 VR¹G¹ea3
914 3818 992 3872 uites
1010 3816 1229 3887 lt’AFe’aap
