3284 4459
343 525 408 588 208
741 535 943 579 succusano

342 679 373 734 et
394 674 480 732 diet.
524 669 597 731 Nam
624 670 696 750 quid
724 670 780 730 hoc
807 671 847 730 sit
874 678 907 731 ui
935 673 1075 752 sciamus,
1105 672 1184 750 quod
1213 675 1351 751 sequitur

343 760 508 820 audiamus:
531 760 679 820 Humiiiut
701 766 732 820 et
753 762 887 830 exultut;
919 761 1021 838 utique
1046 761 1191 840 superbos
1214 760 1351 823 humiliat

343 859 373 908 et
386 848 514 908 humiles
527 847 644 907 exaltat.
677 846 762 918 Quod
776 848 856 906 euim
875 847 943 910 alibi
962 847 1083 931 legitur:
1106 850 1188 910 Beue
1210 852 1351 926 superbia

342 941 468 1010 resistit,
500 938 661 996 humilibus
688 942 789 996 autem
816 937 870 996 dot
895 939 1044 1011 pretium,
1076 935 1133 997 hoc
1157 945 1237 999 totus
1260 937 1351 999 habet

306 1037 324 1084 o
343 1043 441 1084 sermo
463 1024 562 1104 huius,
584 1026 800 1084 cuius-nomen
824 1025 1037 1103 iuterpretatur
1060 1028 1152 1104 gratia
1175 1028 1248 1086 eius.

431 1111 492 1173 lam
515 1131 585 1172 vero
609 1111 687 1190 quod
710 1111 895 1190 adiungitur:
926 1113 1062 1174 Succitut
1083 1131 1104 1173 a
1126 1121 1213 1174 terro
1232 1133 1348 1192 paupe-

343 1219 416 1275 rem,
439 1201 475 1261 de
499 1200 580 1261 nullo
603 1200 709 1260 melius
732 1218 820 1278 quam
843 1198 880 1260 de
903 1197 952 1260 illo
976 1199 1128 1280 intellego,
1151 1205 1202 1281 qui
1220 1212 1350 1280 propter

341 1307 396 1351 uos
415 1307 537 1366 pauper
555 1288 660 1364 suctus
683 1295 739 1360 eet,
762 1306 831 1349 eum
854 1290 936 1350 diues
959 1297 1047 1363 esset,
1075 1297 1109 1350 ut
1130 1293 1195 1351 eius
1213 1309 1349 1368 pauper·

343 1385 413 1454 tute,
436 1379 513 1437 sicut
535 1377 623 1456 paulo
646 1376 843 1437 antedictum
864 1386 918 1458 est,
941 1380 1117 1438 ditaremur.
1149 1378 1249 1457 Ipsum
1269 1383 1349 1442 euim

292 1478 323 1527 ιο
343 1466 379 1527 de
412 1475 491 1526 terra
524 1467 676 1525 suscitavit
708 1474 766 1526 tam
797 1467 871 1541 cito,
905 1473 936 1525 ui
963 1483 1031 1525 caro
1060 1467 1124 1526 eius
1152 1485 1210 1526 uon
1234 1467 1349 1529 videret

342 1556 572 1633 corruptionem.
617 1551 678 1613 Nec
701 1552 772 1612 iliud
796 1552 832 1612 ab
855 1553 904 1613 iiio
929 1552 1074 1633 alienabo,
1107 1555 1184 1633 quod
1216 1556 1349 1618 additum

341 1651 401 1703 est:
434 1643 474 1702 Et
500 1644 538 1702 de
562 1647 700 1703 stercore
727 1644 820 1715 eripit
846 1645 971 1718 inopem.
1017 1641 1104 1722 iuops
1128 1645 1236 1722 quippe
1260 1644 1349 1725 idem,

343 1733 394 1808 qui
417 1747 542 1810 pauper3
566 1738 682 1789 stercus
700 1747 780 1808 vero,
803 1728 881 1788 unde
901 1738 1019 1790 erectus
1038 1738 1092 1810 est,
1115 1734 1279 1793 rectissime
1303 1736 1349 1794 in-

343 1817 523 1896 telleguntur
545 1825 753 1897 persecutores
776 1815 890 1897 ludaei,
918 1819 948 1877 iu
976 1836 1102 1897 quorum
1131 1837 1255 1880 uiimero
1279 1840 1348 1882 cum

290 1920 323 1968 15
344 1925 381 1966 se⁴
406 1905 528 1966 dixisset
557 1904 707 1984 apostolus
738 1904 892 1989 eeclesiam
921 1917 1125 1984 persecutum:
1166 1909 1250 1980 Quae
1272 1913 1349 1972 miii

339 1994 476 2069 fuerunt,
499 1996 603 2074 inquit,
625 1997 724 2067 luere,
746 1995 966 2070 doeepropter
983 1995 1133 2056 Christum
1152 1999 1264 2058 dumea
1283 2018 1349 2061 esse

342 2085 421 2144 duxi
424 2103 437 2154 ;
458 2100 516 2144 uec
533 2085 627 2144 solum
646 2085 835 2154 detrimento,
854 2100 957 2143 oerum
976 2087 1067 2144 etium
1084 2091 1224 2146 stercore
1242 2090 1347 2148 existi·

340 2174 423 2231 mevi
448 2189 525 2245 esse,
557 2179 592 2231 ut
621 2171 772 2231 Christum
798 2173 882 2231 lucri
905 2170 1051 2246 facerem.
1097 2171 1139 2232 De
1167 2181 1246 2234 terra
1268 2193 1347 2254 ergo

341 2261 501 2319 suscitatus
524 2266 571 2318 est
593 2258 641 2318 ille
665 2276 753 2337 supra
776 2276 879 2318 omues
902 2259 1007 2320 divites
1029 2278 1155 2340 pauper,
1183 2271 1213 2322 et
1236 2263 1271 2322 de
1295 2264 1347 2324 ilio

287 2358 322 2409 20
343 2354 475 2407 stercore
498 2355 617 2407 erectus
639 2355 685 2406 est
708 2364 796 2425 supra
820 2365 922 2407 omues
945 2348 1101 2427 opulentos
1124 2348 1171 2409 iile
1195 2353 1289 2432 inops,
1312 2361 1348 2413 ut

342 2435 443 2496 sedeat
465 2452 534 2496 eum
553 2436 725 2510 potentibus
743 2438 862 2510 populi,
885 2434 992 2512 quibus
1015 2437 1068 2497 ait:
1092 2437 1347 2517 Sedebitieeuper

293 2569 296 2576 .
344 2526 503 2585 duodecim
522 2526 618 2586 aeder.
649 2525 690 2584 Et
706 2526 807 2585 eedem
824 2528 944 2599 pieriae
963 2525 1161 2586 hereditatem
1185 2529 1263 2588 dous
1285 2533 1347 2600 eis,-

338 2610 475 2671 dixerant
499 2613 577 2670 enim
600 2618 737 2689 potentes
760 2610 815 2670 iiii:
839 2611 920 2672 Eece
937 2629 994 2673 uos
1010 2615 1175 2675 dimuimus
1197 2619 1297 2677 omnio
1316 2625 1348 2678 et

340 2703 439 2760 secuti
458 2717 561 2759 sumus
582 2707 620 2759 te.
660 2697 722 2758 Hoc
745 2708 846 2759 votum
869 2702 1073 2778 potentissime
1096 2712 1243 2764 voverant.
1286 2705 1345 2766 Sed

287 2786 420 2849 eeunde
443 2786 581 2866 beccis,
608 2788 664 2846 nisi
688 2786 724 2845 ab
747 2785 810 2867 iilo,
838 2787 873 2847 de
903 2806 961 2866 quo
988 2788 1036 2850 hic
1064 2793 1205 2851 contiuuo
1233 2793 1345 2854 dietum

341 2883 400 2935 est:
423 2876 509 2936 Deua
530 2883 629 2935 uotum
651 2878 787 2936 voventi?
818 2875 955 2954 dlioquin
978 2895 1015 2937 cx
1038 2877 1096 2938 iilis
1117 2888 1218 2940 esseut
1240 2889 1344 2960 poten·

340 2962 430 3042 tibus,
453 2981 578 3042 quorum
601 2964 766 3023 infirmatus
788 2972 833 3024 est
857 2982 952 3024 arcus.
998 2967 1092 3041 Deus,
1114 2963 1224 3048 inquid,
1246 2977 1346 3030 uotum

338 3055 465 3112 voventi.
510 3051 576 3111 Nou
603 3053 681 3111 euim
710 3050 833 3112 Domino
861 3055 1017 3132 quisquam
1044 3057 1200 3133 quicquam
1229 3065 1344 3119 rectum

340 3149 468 3220 voveret,
491 3141 548 3199 uisi
567 3142 618 3217 qui
636 3138 676 3199 ab·
691 3139 741 3199 iiio
763 3142 1012 3220 acciperettquod
1031 3151 1158 3202 voveret.
1187 3143 1344 3224 Sequitur:

286 3239 322 3289 30
341 3228 381 3288 Et
407 3229 563 3288 benedicit
589 3245 685 3289 eunus
713 3231 797 3301 iusti,
829 3237 862 3288 ut
890 3247 957 3290 cum
985 3228 1034 3290 iilo
1062 3230 1175 3294 scilicet
1198 3234 1261 3294 siue
1285 3235 1343 3296 dne

340 3318 424 3396 vivat,
447 3318 496 3376 cui
519 3315 630 3375 dictum
652 3323 711 3376 est:
734 3317 774 3376 Et
791 3319 867 3378 uoui
884 3322 930 3377 tui
946 3335 1005 3378 nou
1025 3320 1172 3400 deficient.
1202 3320 1245 3381 lbi
1265 3324 1343 3382 euim

340 3412 418 3464 stant
441 3405 518 3483 anni,
541 3403 590 3464 hic
612 3413 710 3465 autem
733 3408 1009 3485 transeuut‚·i1umo
1023 3416 1162 3487 pereuut3
1185 3416 1343 3488 autequam

339 3495 457 3551 veniant
481 3493 572 3572 euim,
596 3510 654 3552 non
679 3501 761 3572 suut3
784 3510 852 3552 cum
876 3502 973 3554 autem
998 3497 1140 3576 venerint,
1163 3513 1222 3556 nou
1246 3501 1344 3577 erunt,

340 3581 407 3658 quia
436 3598 503 3639 cum
531 3597 585 3640 suo
613 3580 671 3639 fine
699 3583 829 3653 veniunt.
875 3579 986 3641 Horum
1012 3590 1113 3666 ¹autem
1141 3582 1282 3667 duorum,
1313 3584 1343 3648 id

410 3669 1345 3776 omeemumeuffiuwufflmmu

339 3756 1322 3847 mmmummuumhmww'„

409 3904 442 3952 28
460 3904 554 3955 rectae
572 3904 604 3958 F
