3284 4459
346 508 390 569 42
749 520 770 561 a.
784 519 950 562 Auonsrnn

348 658 374 716 si
397 658 449 734 qui
471 654 540 715 inde
563 657 621 715 iarn
644 658 705 716 nati
729 663 811 736 sunt,
835 662 928 716 testes
951 655 1016 715 heri
1038 656 1260 735 permittuntur.
1307 653 1356 715 Sie

348 746 427 805 enim
446 743 501 803 hoo
521 753 602 804 recte
621 744 731 803 iactum
753 742 788 803 ad
813 745 860 803 sui
883 745 1017 804 notitiam
1040 743 1137 804 lucem
1160 744 1272 821 appetit
1295 745 1356 802 ani·

348 850 482 912 morum,
515 841 548 892 ut
581 840 678 891 tamen
712 832 840 911 refugiat
871 831 1033 892 oculorum.
1079 830 1163 891 Unde
1194 831 1268 910 hoo,
1298 833 1356 891 nisi

348 923 416 998 quia
444 923 487 979 sio
514 922 628 999 geritur
656 919 734 999 quod
764 920 867 980 deceat
894 937 931 980 ex
958 928 1077 1001 natura,
1108 928 1143 979 ut
1165 921 1254 979 etiam
1276 918 1355 997 qtrod
1462 949 1463 954 κ

312 1020 329 1068 5
348 1008 458 1087 pudeat
481 1011 639 1070 comitetur
662 1026 699 1069 ex
721 1004 840 1087 poena?
1403 1025 1412 1035 ·

736 1195 855 1263 Ohrur
878 1196 966 1264 XIX.

352 1310 440 1381 Quod
466 1313 573 1384 portes
596 1310 664 1367 irae
686 1314 777 1382 atque
806 1309 957 1389 libidinis,
985 1310 1120 1383 quaein
1148 1310 1266 1371 homine
1294 1315 1356 1369 tom

383 1399 487 1457 vitiose
509 1402 674 1469 moventur,
698 1402 731 1456 ut
754 1413 807 1456 eos
830 1413 952 1457 necesse
973 1399 1014 1457 sit
1032 1395 1134 1471 frenis
1155 1400 1325 1473 sapentiae

423 1486 568 1560 cohiberi,
593 1486 624 1545 in
647 1486 700 1543 illu
723 1489 795 1545 ante
813 1490 976 1559 peceatum
997 1493 1131 1547 naturae
1152 1488 1284 1547 sanitate

296 1586 329 1635 to
744 1589 804 1633 non
823 1571 954 1649 suerint.

435 1695 511 1756 Hine
534 1695 681 1775 estquod
704 1702 734 1756 et
756 1694 799 1753 ilii
821 1694 997 1776 philosophi,
1020 1697 1072 1774 qui
1094 1698 1211 1757 veritati
1232 1698 1356 1776 propius

349 1792 553 1862 accesserunt,
579 1785 654 1843 iram
685 1791 773 1861 atque
803 1781 956 1843 libidinem
986 1786 1106 1844 vitiosas
1136 1786 1225 1845 animi
1253 1793 1355 1863 partes

349 1890 414 1933 esse
438 1873 566 1933 confessi
590 1879 668 1951 sunt,
691 1889 727 1930 eo
751 1870 829 1949 quod
852 1869 971 1931 turbide
994 1881 1083 1950 atque
1104 1872 1271 1936 inordinate
1293 1890 1355 1933 mo·

347 1968 490 2021 verentur
512 1960 548 2020 ad
572 1977 606 2020 ea
629 1962 730 2032 etiam,
753 1976 829 2036 quae
852 1960 995 2037 sapientia
1018 1963 1185 2039 perpetrari
1207 1969 1298 2042 vetat,
1321 1979 1356 2021 ao

297 2060 329 2109 15
348 2067 403 2128 per
434 2048 490 2109 hoe
522 2066 597 2127 opus
624 2047 733 2108 hahere
756 2046 952 2107 moderatrice
983 2056 1081 2107 mente
1113 2057 1202 2127 atque
1231 2052 1355 2110 ratione.

348 2137 442 2208 Quam
461 2144 576 2216 partem
595 2138 685 2195 animi
698 2137 815 2195 tertiam
835 2135 963 2195 velutin
986 2154 1054 2196 aree
1077 2137 1203 2215 quadam
1225 2137 1260 2197 ad
1284 2140 1356 2198 istas

346 2224 492 2304 regendas
521 2222 679 2303 perhibent
709 2223 904 2303 conlocatam,
935 2231 969 2284 ut
1000 2222 1049 2284 iha
1080 2226 1258 2305 Mperante,
1289 2228 1356 2286 istis
1466 2231 1467 2260 ³

348 2311 546 2373 servientibus
564 2313 658 2390 possit
675 2314 706 2371 in
724 2312 844 2371 homine
863 2313 974 2372 iustitia
998 2330 1034 2372 ex
1056 2316 1138 2372 omni
1160 2314 1249 2373 animi
1271 2323 1355 2393 parte

349 2402 468 2461 servari.
514 2399 575 2459 hiae
594 2401 685 2478 igitur
703 2407 811 2480 partes,
834 2417 908 2477 quas
927 2408 957 2459 et
974 2402 1006 2459 in
1023 2400 1141 2460 homine
1165 2404 1297 2480 sapiente
1321 2420 1356 2463 ae

295 2500 330 2550 oo
349 2496 531 2566 temperante
560 2489 690 2548 t'atentur
717 2504 782 2547 esse
815 2489 948 2567 vitiosas,
978 2496 1012 2548 ut
1041 2506 1090 2549 eas
1117 2488 1154 2551 ah
1182 2488 1228 2549 his
1255 2488 1355 2571 rebus,

348 2577 384 2637 ad
408 2593 480 2655 quas
498 2577 608 2637 iniuste
626 2584 792 2655 moventur,
815 2592 899 2635 mens
917 2576 1123 2655 conpescendo
1141 2584 1173 2637 et
1190 2578 1355 2639 cohibendo

347 2665 480 2725 refrenet
507 2681 540 2725 ae
568 2671 688 2723 revocet
716 2672 803 2742 atque
831 2664 867 2723 ad
894 2681 928 2723 ea
951 2668 1117 2746 permittat,
1140 2684 1216 2744 quae
1240 2668 1354 2746 sapien·

346 2755 405 2813 tiae
428 2752 492 2830 lege
517 2769 656 2812 concessa
678 2759 749 2812 sunt
776 2746 870 2832 (siout
891 2753 966 2811 iram
989 2751 1023 2812 ad
1047 2754 1224 2815 exerendam
1247 2757 1354 2815 iustam

349 2841 595 2920 cohercitionem,
619 2841 696 2900 sieut
718 2836 869 2901 libidinem
892 2840 927 2899 ad
950 2842 1154 2920 propagandae
1177 2842 1269 2921 prolis
1291 2844 1354 2903 offi-

295 2940 330 2989 25
349 2922 443 3011 oium)
465 2960 503 2971 -—
523 2928 594 3008 hae,
616 2929 752 3006 inquam,
774 2936 875 3006 partes
896 2929 928 2987 in
950 2929 1086 3006 paradiso
1110 2939 1177 2990 ante
1200 2939 1355 3009 peceatum

350 3018 469 3077 vitiosae
497 3034 557 3076 non
585 3024 678 3077 erant.
723 3014 788 3074 Non
812 3018 891 3076 enim
914 3025 1018 3076 eontra
1039 3025 1152 3077 rectam
1173 3018 1355 3079 voluntatem

348 3105 383 3165 ad
413 3104 522 3182 aliquid
551 3103 757 3182 movebantur,
784 3103 863 3163 undo
893 3120 1016 3164 neeesse
1048 3113 1128 3165 esset
1154 3124 1205 3166 eas
1232 3109 1356 3168 rationis

348 3202 496 3271 tamquam
526 3192 618 3251 irenis
651 3190 823 3269 regentibus
856 3190 1013 3253 abstinere.
1058 3192 1132 3254 Nam
1164 3195 1242 3273 quod
1275 3214 1354 3256 nuno

348 3283 388 3341 ita
415 3288 572 3340 moventur
599 3287 630 3339 et
656 3278 691 3338 ah
720 3280 777 3358 eis,
803 3281 856 3357 qui
879 3288 1079 3359 temperanter
1101 3290 1132 3342 et
1153 3283 1232 3343 iuste
1253 3291 1284 3343 et
1306 3286 1355 3363 pie

295 3380 330 3429 ao
348 3370 465 3448 viurnt,
493 3367 563 3427 ahias
590 3367 719 3448 iaoihus,
742 3366 812 3427 alias
833 3367 993 3449 difficilius,
1015 3377 1114 3431 tamen
1136 3369 1302 3431 cohibendo
1325 3379 1356 3432 et

347 3588 353 3599 ¹
418 3523 480 3587 hoq.
498 3526 531 3574 ut
548 3519 638 3574 editur
654 3521 684 3573 V
698 3520 766 3587 (aiei
784 3521 857 3587 quod
870 3521 952 3589 pates
957 3538 1012 3591 pro
1025 3522 1120 3591 partes
1134 3522 1264 3591 exhihet);
1283 3540 1356 3593 quae

344 3606 375 3641 ιιι
397 3588 510 3645 homine
533 3606 583 3645 om.
603 3606 684 3659 ιρις
706 3596 801 3645 eontra
825 3592 874 3644 tiu.
893 3596 913 3646 9
930 3593 1011 3662 tutuo
1028 3594 1207 3649 medebatur:
1230 3594 1357 3662 quaein

345 3658 409 3727 ilia;
427 3661 542 3730 itemque
559 3662 591 3713 iu
609 3676 637 3729 q3
658 3676 731 3729 qnae
749 3660 829 3714 nullu
843 3678 865 3730 p
882 3664 892 3731 ΙΙ
912 3666 945 3716 10
962 3662 1068 3716 fuerint
1087 3666 1123 3729 1⁷3
1142 3662 1256 3717 fuerunt
1269 3668 1357 3736 pqott

348 3736 381 3783 14
398 3732 478 3784 uetat
500 3746 565 3798 mem
591 3747 647 3784 non
669 3732 748 3786 vetat
765 3749 797 3797 v;
821 3734 911 3787 nereio
934 3749 973 3786 ou
995 3740 1079 3800 reete,·
1103 3736 1138 3800 es.
1156 3738 1195 3788 22
1203 3750 1255 3803 em:
1283 3752 1356 3805 quae

345 3801 733 3939 {affinmfegeessggncggffi
752 3803 823 3927 3111}
831 3805 888 3903 “223
907 3803 1193 3943 fixgendtahisddi
1210 3807 1257 3874 (ef.
1277 3806 1357 3862 tius

362 3916 367 3925 .
498 3897 531 3940 .;
565 3890 583 3925 x
704 3890 733 3925 m
784 3890 801 3925 a
829 3890 899 3941 epo
988 3891 1018 3927 es
