3284 4459
576 527 616 568 nn
631 525 775 567 crvxrurs
789 527 843 566 nur
857 527 881 565 u.
896 527 957 567 xv1.
973 526 995 567 c.
1010 529 1041 568 aa.
1253 513 1316 577 173

307 663 447 722 Sodomis
475 657 638 740 perderet?
681 659 749 720 lllos
777 670 876 719 autem
904 661 978 719 duos
1007 661 1050 721 sic
1078 663 1209 741 suscepit
1232 661 1316 736 Loth,

306 760 342 810 ut
365 753 455 810 etiam
477 753 541 828 ipse
564 752 594 809 in
618 748 776 827 conloquio
799 767 866 808 curn
891 748 948 808 illis
971 765 1025 808 suo
1049 749 1238 828 singulariter
1261 750 1316 809 llo-

306 841 423 898 minum
446 837 582 917 appellet.
627 837 699 897 Nam
724 853 790 896 cum
816 840 858 896 eis
882 837 1035 915 pluraliter
1058 836 1193 898 dixisset:
1227 840 1316 912 Ecce,

305 929 431 997 domini,
455 929 607 987 declinate
631 929 661 985 in
685 927 804 986 domurn
824 929 917 1001 pueri
938 929 1043 998 uestri,
1066 937 1096 985 et
1120 936 1217 986 cetera
1241 945 1316 1005 quae

307 1014 350 1074 ibi
370 1014 520 1093 dicuntur,
543 1023 645 1092 postea
664 1023 762 1073 tamen
782 1016 821 1072 ita
841 1013 962 1090 legitur:
986 1014 1025 1072 Et
1039 1023 1203 1074 tenuerunt
1215 1018 1351 1091 nnpeiin

306 1120 431 1162 manum
465 1105 530 1164 eins
557 1109 588 1162 et
618 1118 740 1161 monum
767 1104 875 1161 uxoris
903 1105 968 1162 eins
995 1109 1025 1162 et
1051 1119 1159 1162 manus
1186 1106 1317 1163 duarum

303 1193 444 1264 filiorum
472 1193 548 1263 eins,
581 1193 612 1250 in
645 1206 680 1250 eo
711 1192 793 1263 quod
814 1197 963 1264 parceret
989 1191 1135 1250 Dominus
1167 1194 1231 1266 ipsi.
1279 1192 1318 1252 Ei

304 1278 426 1354 factum
449 1286 505 1351 est,
528 1295 599 1338 mox
621 1285 655 1337 nt
677 1280 851 1338 eduxerunt
874 1280 955 1337 illurn
975 1275 1076 1352 soros,
1106 1286 1136 1339 et
1158 1281 1317 1340 dixerunt:

307 1368 432 1427 Sciam
453 1365 509 1446 sae
531 1369 664 1426 animam
687 1374 783 1438 inam,
806 1383 846 1425 ne
868 1369 1041 1440 respexeris
1064 1375 1156 1439 retro,
1179 1383 1237 1427 nec
1258 1375 1314 1428 ste

307 1457 385 1515 teris
408 1457 440 1514 in
462 1462 526 1514 toto
548 1457 673 1528 regione
678 1473 690 1524 ,·
713 1457 744 1513 in
767 1460 866 1513 monte
883 1457 998 1514 solcum
1015 1453 1128 1528 issac,
1143 1459 1317 1530 nequando
1337 1472 1369 1516 10

307 1544 579 1618 conprehenderit.
620 1543 710 1601 bien
726 1549 827 1600 antem
846 1541 923 1602 Loth
940 1544 984 1602 ad
1001 1545 1080 1602 iilos:
1099 1544 1167 1616 Oro,
1182 1544 1317 1617 Domine,

308 1634 384 1706 quin
411 1633 525 1690 incenit
547 1647 629 1706 pner
655 1637 724 1690 tans
751 1632 992 1690 misericordiam
1021 1639 1093 1690 ante
1115 1639 1156 1705 te,
1188 1641 1219 1692 et
1242 1650 1316 1711 quae

309 1728 487 1796 sequuntur.
532 1715 643 1778 Deinde
672 1727 739 1796 post
767 1718 839 1777 baec
868 1717 956 1778 rerba
985 1719 1173 1798 singulariter
1202 1719 1245 1780 illi
1271 1738 1316 1780 re·

309 1806 438 1885 spondet
457 1814 487 1865 et
501 1805 651 1885 Dominus,
675 1822 743 1864 cum
767 1807 796 1865 in
820 1804 938 1864 duobus
961 1807 1072 1884 angelis
1091 1817 1179 1886 esset,
1202 1807 1317 1870 dicens:

309 1895 393 1956 Ecce
415 1897 544 1954 miratus
565 1911 631 1954 snm
651 1893 765 1968 sociem
788 1901 884 1966 tunm,
913 1903 942 1954 et
966 1905 1073 1954 cetera.
1119 1894 1202 1956 Unde
1225 1897 1318 1956 multo
1338 1910 1370 1957 15

309 1991 356 2043 est
389 1981 574 2061 credibilius,
606 1980 684 2059 quod
713 1992 744 2040 et
771 1981 917 2042 Abraham
944 1985 974 2042 iu
1002 1982 1098 2043 tribus
1127 1993 1157 2044 et
1185 1982 1258 2044 Loth
1288 1988 1317 2044 in

309 2069 428 2130 duobus
457 2071 528 2129 viris
556 2069 713 2130 Dominum
740 2069 953 2150 agnoscebant,
982 2072 1029 2130 cui
1058 2089 1112 2150 per
1140 2072 1319 2150 singularam

310 2175 469 2219 numerum
492 2156 697 2237 loquebantur,
721 2160 809 2218 etiam
833 2175 901 2218 cum
924 2176 976 2218 eos
999 2157 1133 2220 homines
1156 2177 1222 2220 esse
1242 2160 1317 2220 arbi-

309 2254 477 2324 trarentur3
500 2263 595 2323 neque
611 2247 689 2306 enim
704 2245 789 2314 aliam
803 2244 842 2305 ob
857 2263 973 2306 causam
989 2247 1031 2306 sic
1047 2266 1097 2307 eos
1112 2257 1318 2328 susceperunt,

309 2344 343 2395 ut
367 2342 516 2412 tamquam
537 2332 711 2394 mortalibus
735 2342 765 2393 et
787 2332 914 2393 hnmana
937 2335 1099 2394 relectione
1118 2333 1318 2412 indigentibus
1337 2347 1371 2397 ιο

311 2424 528 2500 ministrarent,
552 2420 603 2480 sed
623 2430 686 2481 erat
703 2422 838 2498 prolecto
858 2421 975 2499 aliquid,
999 2440 1058 2499 quo
1073 2425 1112 2483 ita
1127 2421 1318 2504 excellebant,

310 2509 380 2570 licet
408 2518 556 2587 tamquam
583 2509 731 2589 homines,
762 2519 795 2570 ut
822 2511 853 2568 in
881 2511 924 2568 eis
947 2528 1013 2570 esse
1037 2510 1206 2590 Dominum,
1242 2514 1318 2572 sicut

310 2596 424 2658 adsolet
442 2599 473 2656 in
492 2596 653 2676 prophetis,
676 2595 714 2667 lri,
738 2599 790 2675 qui
809 2595 1038 2675 hospitalitatem
1057 2599 1114 2658 illis
1133 2597 1318 2680 exhibebant,

310 2685 447 2746 dubitare
471 2703 530 2746 non
552 2694 687 2764 possent;
719 2697 806 2762 atque
831 2685 896 2744 ideo
921 2694 950 2745 et
972 2688 1053 2764 ipsos
1076 2686 1231 2764 aliquando
1254 2687 1319 2766 plu-

311 2774 414 2835 raliter
437 2782 467 2833 et
490 2775 519 2832 in
554 2775 597 2832 eis
620 2771 777 2832 Dominum
800 2772 957 2850 aliquando
980 2775 1169 2852 singulariter
1192 2776 1316 2854 appella·
1336 2788 1370 2836 aa

310 2861 389 2922 bant.
426 2861 553 2939 Angelos
576 2871 674 2920 autem
698 2862 789 2920 luisse
813 2863 962 2940 scriptura
985 2871 1119 2941 testatur,
1144 2881 1203 2922 non
1222 2863 1317 2923 solum

309 2953 340 3011 in
370 2949 428 3009 hoc
455 2951 572 3028 genesis
599 2948 689 3028 libro,
722 2947 772 3008 ubi
800 2947 872 3008 baec
900 2958 982 3026 gesta
1011 2960 1183 3030 narrantur,
1215 2969 1317 3011 verum

309 3041 401 3099 etiam
423 3040 455 3096 in
479 3036 603 3115 epistula
627 3037 662 3098 ad
686 3035 846 3116 Hebraeos,
871 3035 935 3116 ubi,
959 3055 1027 3097 curn
1050 3037 1233 3116 hospitalitas
1256 3038 1316 3100 lau·

309 3126 445 3186 daretur:
477 3125 539 3186 Per
561 3127 655 3197 hone,
679 3127 788 3202 inquit,
816 3128 907 3185 etiam
930 3128 1053 3200 qnidam
1076 3130 1243 3187 nescientes
1266 3131 1316 3189 ho·

309 3217 399 3290 spitio
412 3217 741 3289 receperuntcnoelos.
774 3212 833 3272 Per
851 3212 917 3272 illos
940 3215 1030 3292 igitur
1054 3222 1115 3274 tres
1140 3217 1226 3295 viros,
1249 3234 1317 3276 cum
1336 3229 1371 3278 30

310 3320 416 3361 rursus
443 3299 521 3360 filius
544 3299 625 3361 lsaac
653 3300 689 3360 de
714 3300 800 3360 Sarra
825 3303 1049 3378 promitteretur
1072 3301 1218 3383 Abrabae,
1246 3302 1316 3365 divi·

380 3419 423 3485 15)
442 3415 509 3470 Gen.
531 3422 572 3482 19,
588 3421 672 3484 hsqq.
730 3420 774 3484 30)
792 3415 876 3471 Hebr.
898 3421 939 3479 13,
956 3422 979 3468 ι).

379 3580 395 3626 3
419 3575 576 3644 appellaret
593 3591 631 3645 po
649 3577 658 3644 ΙΙ
677 3583 692 3628 4
711 3574 805 3628 inclin.
829 3575 870 3628 yx
887 3577 896 3643 ll
916 3580 948 3628 10
968 3574 997 3627 in
1016 3575 1110 3626 monle
1131 3571 1316 3640 VRGae9c3

308 3646 479 3700 inmonlem
495 3647 594 3714 AFbp
607 3649 616 3714 ΙΙ
631 3652 663 3698 13
678 3647 829 3715 respondet
844 3646 993 3713 VRAFp;
1012 3643 1157 3712 respondit
1169 3643 1194 3697 G
1208 3643 1264 3696 rell.
1279 3659 1295 3695 n
1309 3643 1318 3710 ΙΙ

310 3722 342 3768 16
362 3718 390 3770 et
409 3719 481 3784 (nnn
496 3717 572 3785 Abr.)
587 3733 636 3770 orn.
659 3720 701 3770 Vn
714 3719 723 3786 ΙΙ
738 3723 771 3770 23
787 3716 896 3770 adsolet
916 3719 946 3771 V
956 3715 1087 3783 (Confess.
1103 3716 1237 3780 8,5,12);
1258 3727 1318 3765 esse

310 3787 367 3840 ads.
388 3787 643 3858 RAFGabeppo
