3284 4459
568 532 607 571 na
622 531 764 573 omraru
778 532 833 572 um
846 533 872 572 a.
886 533 950 573 xxx.
965 532 987 572 c.
1002 535 1021 573 5.
1235 518 1300 582 363

288 665 326 726 de
359 683 417 744 qua
450 665 539 726 huius
568 668 667 746 operis
697 684 766 728 ecce
797 669 853 727 iam
885 666 1161 727 undevicensimam
1191 665 1300 727 librum

288 771 442 815 versamus
465 757 496 814 in
519 753 668 834 manibuS,
696 754 741 814 vel
764 755 956 815 inchoaretur
979 764 1086 816 exortu
1109 755 1154 815 vel
1177 773 1298 834 progre-

288 843 412 904 deretur
441 861 568 904 excursu
596 843 641 903 vel
669 842 905 922 adprehenderet
934 842 1050 904 debitos
1072 843 1161 924 fines,
1191 845 1217 904 si
1239 861 1300 904 nou

289 939 371 991 esset
394 931 510 992 socialis
537 933 595 991 vita
626 928 817 992 sanctorum?
864 930 922 992 Sed
945 933 976 991 in
998 932 1089 992 huius
1112 931 1300 992 mortalitatis

289 1037 431 1083 aerumna
458 1027 532 1098 quot
559 1027 589 1081 et
615 1022 733 1098 quantis
757 1019 887 1080 abundet
909 1019 993 1080 malis
1016 1019 1143 1080 humana
1166 1021 1301 1100 societas,
1320 1029 1337 1079 a

289 1109 358 1187 quis
381 1125 556 1168 enumerare
580 1105 694 1168 valeat?
722 1111 788 1186 quis
812 1110 967 1168 aestimare
992 1104 1140 1168 sufficiat?
1171 1107 1299 1168 hudiant

289 1195 368 1275 apud
396 1199 525 1256 comicos
552 1213 624 1256 suos
651 1196 800 1256 hominem
829 1215 897 1256 cum
926 1214 1017 1257 sensu
1040 1205 1128 1274 atque
1152 1214 1301 1256 consensu

290 1287 423 1344 omnium
445 1283 597 1345 hominum
621 1283 734 1344 dicere:

379 1409 459 1468 Duxi
481 1427 617 1486 uxorem3
640 1427 730 1486 quam
752 1409 794 1467 ibi
817 1409 969 1468 miseriam
990 1409 1066 1470 ridi!
1089 1409 1163 1468 Nati
1183 1407 1248 1483 filii,

380 1497 449 1556 Alia
471 1516 551 1557 cura.
1321 1507 1354 1555 10

291 1619 370 1690 Quid
398 1619 501 1680 itidem
527 1618 588 1699 illa,
619 1635 693 1696 quae
716 1621 747 1679 in
771 1637 872 1680 amore
894 1621 965 1680 vitia
988 1627 1200 1680 commemorat
1222 1618 1301 1679 idem

290 1707 463 1788 Terentius,
495 1709 642 1788 „iniuriae
672 1709 870 1788 suspiciones,
898 1709 1069 1768 inimicitiae
1092 1707 1216 1788 bellum,
1243 1725 1300 1786 pax

291 1791 444 1856 rursum“:
467 1813 565 1856 nonne
589 1813 638 1855 res
661 1794 803 1855 humanas
827 1794 937 1874 ubique
961 1792 1180 1876 impleverunt?
1202 1814 1301 1856 nonne

291 1891 323 1944 et
344 1887 376 1944 in
395 1885 557 1944 amicorum
575 1882 708 1944 honestis
731 1882 882 1944 amoribus
904 1883 1079 1963 plerumque
1103 1879 1302 1964 contingunt?

291 1990 391 2033 nonne
423 1972 470 2032 his
499 1988 712 2051 usquequaque
744 1971 848 2050 plenae
876 1981 946 2032 sunt
982 1990 1031 2032 res
1060 1971 1218 2053 humanae,
1251 1971 1353 2033 ubila

293 2062 417 2121 iniurias
444 2061 642 2140 suspicioneS,
668 2061 838 2121 inimicitias
864 2059 976 2120 bellum
1003 2060 1078 2121 mala
1106 2069 1188 2121 certa
1210 2063 1300 2121 senti-

293 2167 374 2229 mus5
396 2165 498 2229 pacem
521 2166 592 2208 vero
611 2150 758 2208 incertum
777 2147 896 2229 bonum,
920 2151 1059 2228 quoniam
1078 2147 1167 2210 corda
1186 2166 1300 2228 eorum,

291 2255 362 2299 cum
384 2236 492 2316 quibus
516 2254 582 2296 eam
602 2246 705 2297 tenere
729 2236 878 2318 volumus,
900 2238 1083 2318 ignoramus,
1111 2244 1142 2297 et
1164 2239 1191 2297 si
1212 2236 1300 2297 hodie

292 2343 381 2388 nosse
404 2343 568 2405 possemus,
592 2323 688 2403 qualia
710 2343 776 2385 cras
799 2326 899 2386 lutura
922 2334 1023 2386 essent
1045 2326 1148 2403 utique
1171 2327 1301 2384 nescire·

292 2432 368 2476 mus.
406 2412 463 2484 Qui
480 2431 570 2492 porro
589 2415 667 2473 inter
686 2431 718 2473 se
737 2415 892 2474 amiciores
910 2412 1006 2474 solent
1024 2431 1090 2474 esse
1113 2412 1159 2472 vel
1182 2411 1301 2493 debent,
1319 2425 1353 2473 ao

292 2520 381 2582 quam
405 2503 456 2581 qui
483 2519 542 2562 una
568 2504 656 2562 etiam
684 2503 876 2562 continentur
897 2498 1007 2561 domo?
1051 2501 1090 2561 Et
1112 2509 1210 2561 tamen
1235 2504 1302 2578 quis

292 2589 362 2652 inde
386 2608 510 2650 securus
534 2598 587 2671 cst,
611 2607 679 2650 cum
702 2598 783 2651 tanta
807 2608 894 2669 saepe
918 2589 993 2650 mala
1015 2608 1052 2650 ex
1075 2607 1180 2650 eorum
1202 2589 1301 2650 occul-

293 2681 333 2740 tis
355 2677 470 2738 insidiis
494 2679 657 2758 extiterint,
681 2685 762 2738 tanto
786 2681 945 2759 amariora,
974 2687 1083 2757 quanto
1107 2695 1163 2758 pax
1187 2676 1302 2739 dulcior

292 2767 364 2841 fuit,
396 2784 471 2844 quae
499 2783 568 2826 vera
594 2775 695 2845 putata
724 2775 782 2847 est,
810 2785 878 2827 cum
910 2769 1089 2827 astutissime
1119 2762 1303 2845 fingeretur?

292 2851 421 2934 Propter
448 2854 526 2933 quod
555 2857 686 2915 omnium
714 2862 836 2934 pectora
863 2857 907 2915 sic
934 2855 1070 2935 adtingit,
1102 2864 1136 2916 ut
1165 2863 1250 2935 cogat
1271 2857 1304 2915 in
1322 2867 1355 2916 aa

292 2945 450 3024 gemitum,
475 2941 553 3021 quod
576 2944 617 3003 ait
639 2941 767 3003 Tullius:
790 2942 915 3024 „Nullae
938 2951 1009 3003 sunt
1031 2943 1209 3004 occultiores
1232 2945 1303 3003 insi·

293 3031 359 3092 diae
388 3048 476 3110 quam
499 3031 567 3111 hae,
596 3049 671 3109 quae
699 3030 791 3091 latent
818 3033 850 3092 in
877 3030 1062 3092 simulatione
1086 3032 1176 3091 officii
1199 3040 1251 3092 aut
1271 3034 1304 3091 in

293 3119 393 3198 aliquo
421 3118 648 3179 necessitudinis
676 3120 803 3180 nomine.
850 3118 923 3179 Nam
950 3137 1032 3200 eum,
1059 3121 1111 3198 qui
1139 3119 1234 3198 palam
1257 3127 1305 3179 est

294 3207 494 3288 adversarius,
522 3206 606 3267 lacile
631 3206 759 3268 cavendo
783 3209 875 3266 vitare
898 3209 1009 3286 possis3
1031 3206 1088 3268 hoc
1111 3225 1181 3266 vero
1204 3205 1302 3267 occul·

293 3304 358 3358 tum
385 3297 559 3356 intestinum
582 3313 615 3355 ac
643 3295 839 3354 domesticum
862 3294 970 3354 malum
992 3312 1052 3354 oon
1075 3293 1171 3355 solum
1194 3295 1304 3375 existit,
1321 3301 1355 3363 ad

293 3401 398 3445 verum
422 3385 509 3449 etiam
532 3384 688 3462 opprimit,
718 3391 876 3460 antequam
898 3385 1069 3461 prospicere
1092 3391 1180 3461 atque
1205 3381 1303 3460 explo-

295 3490 361 3532 rare
390 3463 552 3550 potueris“
595 3469 722 3549 Propter
749 3468 828 3548 quod
857 3473 945 3530 etiam
973 3470 1070 3531 divina
1096 3488 1152 3530 vox
1174 3468 1236 3530 illa:
1264 3471 1304 3531 Et

293 3562 412 3620 inimici
432 3561 561 3620 hominis
589 3561 746 3620 domestici
771 3562 837 3620 eius
860 3577 928 3620 cum
951 3577 1056 3637 magno
1080 3557 1181 3619 dolore
1205 3559 1303 3620 cordis

367 3724 1300 3797 10)nertd.a‚4,1asq‚1a)uun1,1‚140q.aa)Verr

291 3798 771 3867 act.2,1‚15.33)Mt10,36.
