3284 4459
316 490 382 554 270
719 500 919 543 s.anousrm1

316 657 379 702 ram
406 637 610 716 promissionis
638 638 766 716 accepit,
795 653 878 696 sacra
906 643 976 696 sunt
1004 637 1139 697 instituta
1162 635 1219 697 diis
1242 636 1324 698 salsis

317 746 333 786 a
368 724 488 804 regibus
521 724 673 806 Graeciae,
710 743 785 804 qnae
817 727 989 784 memoriam
1021 723 1122 785 diluvii
1157 733 1187 786 et
1217 725 1255 785 ab
1287 744 1324 785 eo

315 814 498 874 liberationis
521 814 673 876 hominnm
700 815 836 890 vitaeque
865 821 936 874 ttrnc
959 831 1152 874 aerumnosae
1176 813 1263 874 modo
1287 814 1323 874 ad

316 902 382 984 alte,
405 902 491 962 modo
511 902 547 963 ad
565 901 650 981 plana
674 903 864 981 migrantium
887 900 1022 961 sollemni
1045 901 1216 963 celebritate
1240 921 1324 961 revo-

282 1003 297 1051 5
318 998 430 1052 carunt.
475 986 548 1050 Nam
572 999 602 1050 et
624 989 826 1070 Lupercorum
855 1007 909 1068 per
932 1007 1045 1050 sacram
1068 992 1144 1050 riam
1166 1007 1324 1051 ascensum

317 1089 404 1158 atque
432 1079 607 1140 descensum
637 1080 679 1140 sic
706 1080 955 1158 interpretantur,
982 1087 1015 1138 ut
1038 1077 1074 1138 ab
1097 1080 1140 1139 eis
1164 1079 1323 1157 significari

317 1169 416 1228 dicant
442 1166 590 1249 homines,
617 1169 668 1246 qui
695 1175 817 1246 propter
844 1183 936 1245 aquae
965 1165 1186 1226 inundationem
1208 1185 1323 1235 summa

317 1259 461 1317 montium
494 1257 662 1334 petiverunt
693 1265 723 1315 et
755 1273 861 1314 rursus
893 1253 995 1315 eadem
1023 1255 1171 1316 residente
1199 1254 1234 1315 ad
1265 1258 1324 1314 ima

317 1345 478 1406 redierunt.
530 1343 583 1403 His
615 1342 799 1422 temporibus
829 1342 1003 1422 Dionysum,
1033 1345 1084 1420 qui
1115 1345 1203 1404 etiarn
1233 1342 1324 1404 biber

267 1444 298 1492 10
316 1442 401 1514 pater
420 1432 516 1494 dictus
536 1440 580 1492 est
599 1440 629 1492 et
646 1434 858 1510 postmortem
878 1429 951 1490 deus
970 1430 1096 1512 habitus,
1115 1434 1204 1492 vitem
1223 1432 1325 1492 lerunt

317 1520 481 1582 ostendisse
501 1522 531 1581 in
549 1519 646 1580 Attica
664 1529 742 1580 terra
767 1519 876 1598 hospiti
898 1537 961 1579 suo.
1007 1518 1091 1579 Tunc
1111 1519 1238 1599 Apollini
1256 1519 1322 1581 bel-

317 1609 404 1690 phico
435 1610 564 1671 instituti
593 1617 663 1668 sunt
691 1607 752 1668 ludi
781 1609 905 1686 musici,
936 1615 970 1668 ut
993 1608 1159 1686 placaretur
1182 1611 1225 1668 ira
1249 1611 1324 1689 eius,

318 1716 374 1776 qua
401 1695 545 1777 putabant
574 1696 704 1758 adllictas
733 1714 798 1756 esse
827 1694 981 1756 sterilitate
1009 1695 1149 1756 Graeciae
1176 1698 1324 1778 regiones,

318 1788 385 1864 quia
418 1802 477 1845 non
507 1784 696 1845 defenderint
724 1783 866 1863 templum
894 1785 975 1863 eius,
1008 1783 1086 1862 qnod
1116 1803 1169 1844 rex
1198 1784 1324 1864 banaus,

266 1885 298 1934 15
318 1892 385 1934 curn
409 1872 526 1933 easdem
549 1881 644 1934 terras
668 1871 744 1931 hello
767 1874 931 1951 invasisset,
954 1872 1093 1932 incendit.
1139 1872 1200 1933 Hos
1223 1882 1327 1934 autem.

316 1962 401 2023 ludos
424 1970 459 2023 ut
476 1962 675 2040 instituerent,
698 1959 817 2027 oraculo
841 1969 911 2020 suut
933 1962 998 2021 eius
1020 1960 1170 2021 admoniti.
1214 1960 1249 2021 ln
1272 1962 1323 2023 At·

317 2052 374 2111 tica
397 2067 467 2109 vero
491 2067 543 2110 rex
566 2047 776 2109 Erichthonius
800 2050 828 2108 ei
850 2047 935 2108 ludos
958 2050 1072 2126 primus
1094 2051 1240 2130 instituit,
1267 2068 1324 2110 nec

318 2141 345 2199 ei
367 2145 496 2218 tantum,
526 2136 576 2196 sed
602 2139 688 2197 etiam
712 2136 873 2216 Minervae,
900 2134 951 2196 ubi
974 2139 1138 2215 praemium
1160 2137 1324 2198 victoribus

318 2226 414 2288 oleum
443 2224 621 2305 ponebatur,
649 2224 727 2302 quod
756 2226 820 2283 eius
848 2224 964 2288 fructus
991 2226 1185 2286 inventricem
1214 2225 1323 2286 bliner-

265 2327 298 2375 20
317 2332 395 2389 vam,
424 2317 501 2375 sicut
523 2315 582 2373 vini
605 2311 745 2374 Liberum
768 2311 897 2372 tradunt.
943 2311 1001 2372 Per
1024 2330 1075 2373 eos
1098 2330 1190 2372 annos
1214 2331 1230 2373 a
1252 2332 1324 2393 rege

317 2401 434 2462 Xantho
457 2400 652 2481 Cretensium,
676 2403 760 2461 cuins
783 2400 861 2479 apud
884 2399 957 2460 ahos
979 2399 1057 2461 alind
1079 2418 1188 2460 nomen
1210 2404 1323 2462 inveni·

318 2509 397 2571 mus,
420 2497 502 2569 rapta
526 2488 699 2568 perhibetur
722 2487 854 2567 Europa,
881 2497 911 2548 et
933 2487 1001 2548 inde
1025 2491 1117 2567 geniti
1139 2488 1323 2551 Rhadaman·

318 2579 401 2658 thus,
425 2577 577 2657 Sarpedon
600 2586 630 2638 et
657 2576 765 2655 Minos,
789 2595 864 2654 quos
893 2579 984 2655 magis
1014 2595 1050 2637 ex
1074 2577 1175 2638 eadem
1198 2578 1324 2639 muliere

318 2666 394 2725 lilios
420 2664 496 2725 lovis
524 2683 589 2726 esse
617 2663 766 2743 vulgatum
796 2673 850 2725 est.
896 2663 954 2724 Sed
982 2662 1084 2725 talium
1114 2664 1237 2726 deorum
1261 2667 1323 2727 cul-

265 2765 299 2814 25
320 2763 399 2814 tores
422 2753 507 2833 illud,
535 2752 613 2830 quod
637 2753 672 2813 de
696 2771 765 2834 rege
789 2750 974 2813 Cretensium
998 2752 1137 2834 diximus,
1164 2753 1323 2815 historicae

317 2843 443 2921 veritati,
465 2841 521 2901 hoc
545 2850 656 2922 autem,
680 2841 757 2918 quod
781 2840 818 2901 de
841 2839 908 2900 love
931 2849 1034 2919 poetae
1059 2850 1185 2921 cantant,
1208 2842 1324 2904 theatra

319 2938 507 3009 concrepant,
528 2928 630 3009 populi
654 2927 817 3008 celebrant,
840 2931 960 2989 vanitati
983 2928 1126 3008 deputant
1148 2929 1324 3013 lahularum,

318 3028 352 3080 ut
374 3026 454 3078 esset
476 3016 555 3078 unde
582 3017 644 3078 ludi
667 3017 773 3077 fierent
794 3015 943 3095 placandis
966 3016 1137 3077 numinibus
1161 3021 1248 3079 etiam
1272 3019 1323 3079 lal-

319 3108 359 3166 sis
384 3122 487 3166 eorum
510 3103 691 3166 criminibus.
736 3104 789 3165 llis
812 3103 996 3184 temporibus
1018 3104 1161 3166 Hercules
1184 3109 1214 3166 in
1239 3107 1324 3186 Syria

265 3207 300 3255 30
319 3194 416 3254 clarus
444 3192 620 3273 habebatur,
653 3191 704 3253 sed
733 3195 871 3254 nimirum
899 3191 988 3273 alius,
1020 3212 1079 3253 non
1106 3192 1171 3273 ille,
1203 3194 1323 3274 dequo

320 3300 409 3361 supra
442 3281 532 3342 loculi
564 3299 675 3342 sumus.
726 3279 894 3340 Secretiore
926 3283 1036 3360 quippe
1068 3281 1189 3342 historia
1221 3282 1324 3362 plures

319 3372 411 3431 luisse
434 3369 573 3431 dicuntur
597 3378 627 3429 et
649 3367 748 3428 Liberi
770 3378 870 3447 patres
893 3378 923 3429 et
945 3368 1097 3429 Hercules.
1142 3368 1228 3430 Hunc
1252 3389 1322 3431 sane

318 3457 490 3531 Herculem,
514 3460 598 3518 cuius
621 3459 750 3535 ingentia
773 3456 929 3516 duodecim
952 3456 1027 3517 iacta
1050 3467 1221 3538 numerant,
1243 3461 1324 3520 inter

319 3563 394 3625 quae
417 3547 520 3606 Antaei
543 3545 606 3605 Afri
630 3562 732 3605 necem
760 3562 819 3603 non
843 3552 1088 3626 commemorant,
1114 3545 1192 3623 quod
1217 3564 1323 3606 cares

390 3712 404 3760 1
418 3721 506 3775 prom.
517 3705 635 3772 RAbep
645 3705 690 3770 (cf.
701 3705 766 3768 284,
775 3704 838 3768 24);
852 3716 970 3768 reprom.
982 3699 1102 3769 FGapo
1115 3702 1125 3769 l
1138 3707 1154 3753 9
1165 3699 1325 3768 dionysium

318 3794 371 3834 mss
389 3793 405 3831 o
