3284 4459
558 523 598 563 uu
612 521 862 563 omnnnunmn
876 522 938 562 xm.
952 522 975 563 o.
989 524 1008 563 o.
1247 506 1292 569 25

284 658 410 719 dictum:
446 657 546 718 Timor
575 658 698 717 Domini
730 663 833 717 costus
858 673 1045 733 permoneas
1074 659 1106 716 in
1136 660 1292 717 saeculnm

283 749 418 819 soeculi,
450 762 539 824 quem
571 744 607 806 ad
639 744 760 805 modom
792 744 904 804 dictum
936 752 994 805 est:
1031 744 1185 805 Patientia
1213 761 1291 820 pon·

252 851 389 913 -pernm
420 852 480 894 non
509 835 625 909 peribit
654 835 685 893 in
717 839 883 893 aeternnm.
928 832 1031 911 Neque
1062 834 1140 892 euim
1170 840 1291 892 aeterua

284 925 341 983 erit
364 925 426 1001 ipsa
444 922 596 1002 patientia,
619 938 694 1000 quae
713 922 879 981 necessaria
898 938 958 979 uon
981 928 1040 1000 est,
1063 922 1120 980 nisi
1143 919 1196 980 ubi
1218 920 1290 980 tole-

284 1010 468 1083 randasunt
494 1008 581 1089 mala3
610 1008 662 1069 sed
685 1016 840 1069 aeternum
863 1009 933 1088 erit,
960 1025 1020 1086 quo
1043 1026 1098 1087 per
1120 1010 1291 1087 patientiam
1310 1016 1327 1065 5

285 1100 464 1177 pervenitur.
510 1097 552 1158 lta
571 1099 697 1157 iortasse
716 1099 805 1157 timor
821 1105 928 1169 ,castus
950 1098 982 1157 in
1005 1096 1157 1158 saeculum
1181 1096 1293 1158 saeculi

287 1186 381 1247 dictus
400 1194 447 1248 est
464 1203 649 1267 permanere,
672 1186 739 1263 qnia
762 1183 793 1244 id
815 1184 1010 1265 permanebit,
1034 1197 1093 1263 quo
1116 1186 1205 1245 timor
1227 1187 1292 1263 ipse

286 1274 428 1353 perducit.

372 1362 454 1433 Quae
477 1379 546 1423 cum
568 1362 609 1422 ita
632 1362 705 1439 sint,
732 1362 872 1440 quoniam
894 1369 976 1421 recta
998 1363 1057 1421 vita
1080 1359 1215 1422 ducenda
1237 1369 1293 1443 est,

285 1468 341 1529 qua
357 1450 593 1531 *perveniendum
610 1450 650 1510 sit
667 1448 703 1510 ad
722 1448 847 1529 beatam,
869 1467 973 1509 omnes
991 1451 1115 1510 allectus
1136 1451 1211 1510 istos
1233 1451 1291 1511 vita
1311 1458 1346 1508 10

285 1546 366 1600 recta
383 1547 483 1599 rectos
501 1538 599 1619 babet,
620 1555 760 1618 perversa
778 1556 944 1617 perversos.
979 1537 1068 1598 Beata
1087 1556 1157 1598 vero
1176 1538 1291 1598 eadem·
1325 1572 1327 1575 ⁴

284 1646 341 1707 que
374 1636 495 1688 aeterua
526 1644 657 1686 amorem
686 1623 807 1686 habebit
829 1634 860 1685 et
881 1625 1020 1705 gaudium
1044 1644 1103 1687 uon
1126 1625 1222 1687 solum
1245 1644 1292 1687 re-

283 1724 378 1795 ctum,
410 1732 513 1775 verum
541 1716 630 1774 etiam
653 1722 783 1793 certum3
806 1716 944 1773 timorem
966 1721 1067 1774 autem
1094 1732 1129 1775 ao
1159 1714 1292 1774 dolorem

230 1812 235 1821 '
282 1803 406 1865 nullum.
452 1802 535 1863 Unde
549 1804 607 1863 iam
626 1810 748 1882 apparet
765 1810 937 1882 utcumque,
960 1801 1062 1880 quales
1081 1820 1146 1862 esse
1166 1801 1293 1863 debeant

281 1894 313 1952 in
336 1892 392 1951 bac
419 1892 657 1971 peregrinatione
687 1892 767 1951 cives
790 1892 917 1950 civitatis
939 1888 1005 1970 Dei,
1033 1892 1164 1950 virentes
1187 1897 1346 1951 secun-15

281 1980 354 2041 dum
378 1981 530 2059 spiritum,
553 1995 613 2039 non
636 1977 800 2039 secundum
824 1996 958 2058 carnem,
980 1977 1037 2038 boo
1060 1986 1107 2038 cst
1129 1978 1293 2039 secundum

280 2068 393 2147 Deum,
425 2086 485 2127 uon
512 2066 675 2127 secundum
703 2066 870 2145 bominem,
901 2074 932 2126 et
960 2065 1061 2144 quales
1084 2069 1115 2127 in
1138 2066 1201 2147 illa,
1233 2085 1292 2146 qrro

280 2156 424 2237 tendunt,
456 2153 665 2216 inmortalitate
694 2154 787 2215 lucini
816 2156 884 2214 sint.
930 2152 1040 2214 Civitas
1062 2172 1166 2235 porro,
1193 2155 1293 2216 idest

280 2246 424 2323 societas,
450 2245 609 2321 impiorum
638 2260 696 2302 non
725 2242 890 2302 secuudum
913 2241 1021 2323 Deum,
1053 2242 1105 2302 sed
1129 2243 1293 2304 secundum

279 2333 433 2393 bominem
455 2332 616 2391 viventium
643 2338 674 2390 et
700 2332 819 2410 inipso
843 2329 925 2390 cultu
948 2329 1038 2390 falsae
1061 2338 1292 2409 contemptuque
1311 2339 1346 2388 to

280 2437 371 2481 verae
399 2420 559 2479 divinitatis
587 2417 736 2479 doctrinas
766 2418 918 2478 bominum
942 2416 1154 2480 daemonumve
1177 2426 1292 2478 sectan-

280 2512 360 2570 tium
386 2508 433 2568 bis
460 2505 615 2568 affectibus
641 2508 740 2585 pravis
767 2515 916 2585 tamquam
945 2505 1057 2566 morbis
1085 2514 1114 2566 et
1137 2506 1292 2586 perturba·

280 2595 415 2657 tionibus
438 2596 579 2673 quatitur.
624 2592 662 2655 Et
691 2596 717 2653 si
741 2612 816 2672 quos
839 2596 918 2654 cives
940 2593 1042 2673 babet,
1070 2596 1122 2672 qui
1144 2594 1293 2654 moderari

279 2684 393 2745 talibus
410 2681 540 2743 motibus
563 2691 593 2743 et
616 2700 667 2743 eos
690 2684 775 2761 quasi
796 2692 963 2761 temperare
986 2681 1150 2762 videantur,
1173 2684 1217 2743 sie
1238 2684 1292 2741 im·

280 2774 395 2853 pietate
414 2770 536 2850 superbi
553 2778 584 2831 et
601 2771 669 2831 elati
688 2779 767 2852 sunt,
789 2778 825 2831 ut
842 2770 899 2829 boc
917 2773 981 2849 ipso
1000 2772 1061 2831 sint
1082 2773 1112 2831 in
1136 2772 1180 2831 eis
1203 2773 1292 2830 maio·
1312 2779 1346 2829 25

281 2878 333 2921 res
357 2867 504 2940 tumores,
531 2876 590 2937 quo
619 2860 750 2919 minores
773 2858 899 2918 dolores.
944 2857 1031 2918 Etsi
1054 2858 1293 2920 nonnullitanto

281 2950 461 3028 inmaniore,
489 2954 599 3025 quanto
627 2948 753 3021 rariore,
781 2949 908 3006 vanitate
935 2945 991 3006 boc
1018 2948 1050 3007 lu
1083 2964 1115 3006 se
1148 2948 1221 3025 ipsis
1243 2946 1292 3007 ad-

281 3037 455 3115 amaverint,
481 3044 516 3096 ut
537 3034 617 3096 nullo
636 3051 760 3114 prorsus
779 3036 931 3112 erigantur
949 3043 980 3095 et
1001 3036 1182 3115 excitentur,
1211 3034 1292 3095 nullo

280 3125 443 3185 ilectautur
474 3132 562 3203 atque
594 3123 775 3183 inclinentur
807 3124 927 3183 aflectu:
958 3122 1169 3183 humanitatem
1200 3130 1292 3183 totam

281 3215 384 3293 potius
407 3213 559 3293 amittunt,
581 3229 669 3290 qnam
693 3228 791 3270 reram
815 3210 1019 3288 adsequuntur
1040 3210 1292 3290 tranquillitatem.
1312 3224 1346 3272 3ο

282 3300 349 3361 Non
369 3302 449 3361 enim
466 3302 535 3378 quia
554 3300 662 3361 durum
680 3297 800 3380 aliquid,
823 3298 890 3359 ideo
914 3306 1043 3379 rectum,
1065 3307 1116 3359 aut
1139 3301 1207 3378 quie
1230 3308 1292 3359 stu·

282 3388 387 3468 pidum
410 3396 466 3470 est,
486 3388 554 3449 ideo
577 3404 690 3448 sanum.

354 3541 381 3609 2)
398 3538 442 3591 Ps.
463 3543 505 3606 18,
521 3542 562 3591 ιο.
600 3540 626 3608 a)
645 3536 689 3591 Ps.
709 3542 791 3603 o,1o.

270 3736 273 3744 Δ
321 3754 325 3759 -
354 3718 407 3839 {gr
412 3714 604 3782 adsequuntur
631 3713 668 3781 (1'3
698 3713 867 3767 adsecuntur
891 3714 965 3781 Am
987 3714 1128 3783 -quntus
1156 3717 1194 3782 V3
1221 3730 1295 3769 esse·

283 3800 359 3854 quen
424 3802 441 3840 o
