3284 4459
519 535 559 575 nn
573 534 785 577 musaeum
798 534 1029 577 exundante.
1220 518 1282 585 193

273 670 409 730 venerint
435 668 471 729 de
487 667 732 749 ⁴seminelisau,
759 668 811 730 sed
840 668 983 750 idumaei3
1012 685 1067 730 nec
1099 667 1282 729 Christianae

273 766 376 836 gentes
398 757 435 817 de
458 755 558 838 iacob,
586 756 637 817 sed
661 759 760 836 potius
782 756 896 837 ludaei,
925 756 960 818 ad
983 756 1039 818 hoc
1062 760 1145 820 enim
1167 765 1283 818 tantum

272 846 365 926 figura
395 844 498 926 valuit,
524 842 603 924 quod
632 844 745 906 dictum
771 854 831 906 est:
862 846 967 908 Maior
997 851 1109 908 seruiet
1141 838 1283 927 minore).-

272 936 311 994 ita
340 933 451 994 iactum
480 941 526 993 est
552 935 641 993 etiam
663 935 695 994 in
717 933 834 994 duobus
856 933 923 994 filiis
946 933 1065 1015 ioseph3
1093 953 1165 997 uam
1189 936 1283 994 maior

273 1024 364 1102 gessit
400 1030 502 1101 typum
538 1021 733 1103 ludaeorum,
770 1021 1005 1084 Christianorum
1041 1031 1140 1085 autem
1177 1025 1319 1084 minant

273 1110 353 1181 Quos
377 1128 445 1171 cum
468 1108 658 1170 benediceret
675 1108 772 1190 iacob,
797 1128 916 1171 manum
939 1109 1074 1172 dextram
1095 1129 1212 1192 ponens
1233 1129 1281 1172 sn·

272 1216 325 1278 per
347 1200 493 1263 minorem
515 1215 604 1276 quem
627 1196 753 1258 babebat
777 1198 813 1258 ad
837 1200 996 1279 sinistram,
1019 1201 1169 1262 sinistram
1192 1217 1283 1279 super

273 1288 414 1348 maiorem
433 1301 522 1365 quem
541 1284 666 1346 babebat
683 1285 720 1346 ad
739 1286 887 1348 dextram:
909 1304 997 1366 grave
1017 1290 1112 1350 risum
1136 1296 1182 1348 est
1204 1289 1282 1366 patri

271 1392 389 1452 eorum,
418 1383 447 1435 et
469 1374 621 1435 admonuit
643 1383 757 1453 patrem
780 1373 861 1435 reiut
884 1378 1036 1454 corrigens
1060 1378 1125 1437 eius
1148 1393 1280 1436 errorem

271 1472 302 1524 et
320 1465 457 1542 quisnam
474 1480 579 1523 eorum
599 1470 679 1523 esset
701 1465 795 1522 maior
818 1463 987 1524 ostendens.
1032 1463 1070 1525 At
1092 1463 1140 1524 iiie
1164 1473 1336 1524 mutarem

272 1569 377 1615 manus
399 1549 506 1629 uoluit,
529 1549 581 1610 sed
605 1549 694 1612 dixit:
723 1552 808 1625 Scio,
828 1555 889 1627 fili,
911 1555 983 1614 scio.
1030 1552 1072 1613 Et
1093 1554 1145 1614 bio
1167 1557 1228 1613 erit
1249 1556 1281 1612 iu

269 1643 422 1717 populum
445 1647 475 1701 et
491 1642 542 1701 tu‘o
560 1641 765 1711 exaltatricem
786 1642 844 1701 sed
857 1639 961 1714 frater
978 1643 1044 1701 eius
1063 1643 1165 1702 iunior
1183 1643 1282 1701 maior

271 1732 322 1790 ulo
358 1730 432 1801 erit,
463 1735 493 1788 et
517 1745 618 1788 semea
649 1731 716 1788 eius
742 1731 803 1789 erit
829 1731 860 1788 iu
888 1730 1109 1790 multitudinem
1136 1732 1280 1804 pmtium.

272 1816 367 1877 Etiam
398 1815 448 1876 bic
479 1815 539 1876 duo
560 1815 618 1875 ,illa
650 1818 796 1894 promissa
828 1816 1018 1878 demonstrat.
1064 1815 1138 1876 Nam
1168 1816 1216 1877 ilie
1250 1821 1281 1878 tu

270 1906 506 1982 populum-iste
529 1906 561 1964 iu
583 1907 804 1965 multitudinem
825 1907 968 1979 nentium.
1014 1903 1091 1975 Quid
1116 1904 1281 1966 evidentius
1301 1913 1335 1963 lt

273 2011 360 2072 quam
378 1992 425 2052 bis
443 1990 558 2052 duabus
575 1991 822 2070 promissionibus
841 1994 987 2054 contineri
1005 1993 1147 2072 populum
1165 1992 1280 2054 israeli·

272 2093 370 2144 tarum
398 2079 560 2158 orbemque
591 2088 739 2140 terrarum
762 2083 793 2141 in
815 2082 928 2141 semine
950 2079 1097 2161 Abrahae,
1128 2080 1212 2142 illum
1235 2099 1281 2142 se·

270 2169 404 2232 cundum
426 2185 558 2247 carnem,
580 2170 672 2230 istum
693 2167 858 2229 secundum
881 2164 992 2230 fidem?

636 2309 764 2424 'capua
790 2357 907 2422 xnrn.

270 2493 319 2552 Be
346 2489 529 2566 temporebus
556 2486 659 2564 Moysi
686 2493 716 2548 et
747 2487 817 2547 Iesu
846 2485 930 2548 Nuce
959 2504 998 2550 ac
1026 2487 1161 2547 iudicum
1190 2493 1282 2562 utque
1300 2496 1336 2544 ao

270 2581 344 2641 iude
366 2595 481 2653 recum,
503 2593 632 2652 quorum
654 2573 775 2650 quidem
793 2575 871 2636 Saul
888 2577 1007 2651 primus
1029 2580 1082 2649 est,
1104 2577 1160 2635 sed
1182 2575 1284 2648 David

381 2668 567 2744 proecipuus
590 2671 621 2724 et
640 2670 833 2725 sacramento
856 2664 987 2738 babetur
1008 2663 1039 2723 et
1060 2665 1197 2752 merito..

362 2788 507 2850 Defuncto
533 2785 634 2866 iacob,
661 2786 801 2847 defuncto
830 2787 916 2846 etiam
939 2784 1046 2864 losepb
1074 2803 1129 2865 per
1151 2784 1282 2865 reliquos

271 2886 393 2940 centum
423 2877 614 2956 qtradraginta
648 2882 788 2954 quattuor
817 2891 925 2954 annos,
958 2872 1053 2935 donec
1082 2876 1215 2950 exiretur
1244 2875 1281 2936 de

271 2979 354 3028 terra
381 2966 518 3045 Aegypti,
556 2967 586 3024 in
620 2963 739 3024 modum
767 2960 972 3023 incredibilem
999 2961 1047 3021 iila
1077 2965 1281 3043 gens-crevit,
1301 2974 1338 3024 at>

271 3058 363 3117 etiam
390 3056 480 3115 tantis
503 3052 610 3113 adtrita
631 3050 903 3132 persecutionibus,
931 3058 964 3110 ut
992 3050 1119 3129 quodam
1146 3059 1283 3130 tempore

271 3145 336 3204 nati
363 3140 484 3203 masculi
512 3150 703 3220 necarentur,
734 3155 801 3199 cum
834 3141 977 3199 mirantes
1004 3138 1163 3217 Aegyptios
1193 3142 1282 3200 nimia

270 3229 377 3312 populi
402 3229 481 3290 illius
506 3231 689 3290 incrementa
718 3235 876 3288 terrerent
921 3224 1005 3286 Tunc
1028 3225 1144 3305 Moyses
1167 3226 1308 3288 subtra-⁴

271 3328 342 3380 etna
368 3318 449 3379 iurto
476 3315 707 3378 trucidatoribus
733 3313 924 3395 parrulomm
952 3312 987 3374 ad
1018 3314 1138 3374 domum
1161 3317 1281 3396 regiam,

270 3408 405 3487 ingentia
430 3421 486 3485 per
513 3419 582 3465 euru
609 3402 670 3471 Deo
696 3409 905 3484 praeparante,
931 3403 1068 3481 pervenit
1090 3404 1281 3482 nutritusque
1299 3415 1336 3464 ao

346 3542 373 3608 3)
392 3539 459 3596 Gerr.
478 3543 522 3606 25,
540 3543 583 3592 23.
621 3541 664 3606 13)
683 3537 814 3605 Gen.·48‚
835 3541 876 3591 19.

352 3721 416 3776 lde
433 3720 685 3788 VRaFuaoep3
699 3735 734 3773 ex
746 3736 784 3789 po
796 3720 807 3788 Ι
820 3723 838 3770 4
852 3717 938 3772 etiam
952 3733 1002 3771 om.
1019 3717 1065 3784 Vn
1079 3719 1112 3767 21
1127 3713 1193 3768 inde
1206 3713 1272 3782 ny

272 3791 380 3848 exindo
396 3809 458 3861 ppo
535 3825 538 3830 -
1262 3802 1283 3826 -,

332 3899 389 3930 ano.
404 3900 435 3930 nn
449 3899 496 3930 etv.
510 3898 559 3929 nna.
581 3887 614 3928 11.
1040 3877 1074 3925 13
