3284 4459
585 500 626 541 nn
640 498 783 543 omum
797 500 850 540 unu
864 499 889 539 n.
903 499 978 539 xxn.
992 498 1016 540 u.
1030 500 1063 539 ιι.
1263 483 1326 548 591

712 663 831 731 Carus
849 663 937 730 XIV.

283 810 288 816 ·
319 795 367 854 An
390 792 524 869 insontes
545 796 578 856 ln
606 810 644 855 en
666 796 728 853 sint
748 796 960 854 resurrecturi
981 794 1159 854 habitudine
1181 796 1329 869 eorporis,

495 899 586 957 quom
608 883 747 942 habituri
767 887 858 941 erum
880 884 989 942 uelutis
1012 898 1146 942 necessu.

407 1005 485 1078 Quid
504 1023 575 1084 ergo
594 1004 631 1066 de
649 1004 810 1065 infantibus
829 1003 939 1065 dicturi
961 1023 1074 1085 sumuS,
1095 1006 1154 1067 nisi
1176 1007 1245 1085 quia
1267 1022 1328 1065 non

318 1096 349 1154 in
379 1112 414 1154 ea
442 1095 644 1155 resurrecturi
667 1102 737 1154 sunt
763 1095 899 1171 eorporis
928 1094 1100 1174 exiguitate,
1128 1110 1187 1173 qua
1209 1096 1363 1175 mortui‚5

319 1182 372 1242 sed
395 1182 473 1260 quod
497 1184 541 1243 eis
563 1180 677 1242 tardius
700 1198 889 1241 accessurum
914 1189 978 1241 erat
999 1189 1147 1261 tempore,
1178 1181 1235 1242 hoo
1258 1193 1329 1243 sunt

319 1270 361 1330 illi
384 1269 437 1331 Ilei
464 1288 554 1349 opere
585 1271 660 1329 miro
688 1276 776 1347 atque
807 1270 963 1330 celerrimo
986 1265 1160 1348 recepturi?
1203 1268 1238 1330 ln
1262 1288 1327 1330 sen-

319 1360 412 1419 tentia
434 1361 545 1438 quippe
568 1357 699 1439 Domini,
725 1360 757 1418 in
780 1375 839 1435 qua
861 1360 916 1420 ait:
948 1359 1080 1435 Capillus
1103 1361 1213 1436 eapitis
1235 1362 1330 1419 uestri

319 1464 380 1508 non
403 1450 530 1524 peribit,
560 1446 673 1508 diotrrm
701 1454 747 1506 est
773 1464 834 1506 non
862 1446 1034 1508 defuturum
1061 1464 1127 1506 esse
1159 1445 1237 1525 quod
1263 1447 1328 1527 fuit,

320 1553 379 1595 non
415 1545 514 1596 autem
549 1543 688 1613 negatum
725 1543 771 1596 est
807 1535 979 1595 adfuturum
1015 1552 1082 1595 esse
1114 1535 1193 1613 quod
1225 1535 1328 1595 deluit.
1348 1547 1381 1596 10

320 1623 420 1684 Defuit
446 1632 545 1685 autern
572 1624 678 1684 infanti
705 1632 823 1683 mortuo
851 1624 983 1701 perlecta
1011 1625 1160 1702 quantitas
1188 1626 1235 1684 sui
1263 1641 1327 1683 cor-

319 1714 414 1792 poris3
444 1713 578 1791 perlecto
607 1714 716 1791 quip'pe
739 1712 845 1771 infanti
869 1710 953 1771 deest
974 1714 1078 1790 utique
1101 1712 1245 1791 porrectio
1269 1729 1328 1771 ma·

319 1799 483 1879 gnitudiuis
514 1800 692 1880 corporalis,
724 1818 891 1879 quaecum
919 1802 1093 1881 aooesserit,
1126 1808 1239 1861 statura
1269 1802 1328 1861 iam

319 1888 435 1967 longior
464 1906 530 1949 esse
559 1906 620 1948 uon
648 1889 750 1967 possit
795 1885 882 1947 Hune
913 1888 1106 1966 perfectionis
1132 1889 1252 1949 modurn
1285 1892 1328 1949 sio

319 1976 430 2038 habeut
452 1995 571 2058 omnes,
593 1985 628 2037 ut
650 1994 719 2037 oum
741 1975 791 2036 illo
814 1977 1021 2055 concipiantur
1043 1984 1133 2055 atque
1156 1987 1382 2059 nascantur31o

320 2066 373 2126 sed
391 2064 501 2125 habeut
518 2067 550 2125 in
568 2066 691 2146 ratione,
715 2082 774 2124 nou
793 2063 883 2144 mole3
903 2066 980 2125 siout
999 2066 1063 2144 ipsa
1080 2065 1212 2126 membra
1231 2068 1329 2127 omnia

319 2157 379 2214 iam
409 2162 480 2215 sunt
508 2153 635 2214 latenter
662 2156 693 2213 in
721 2154 848 2233 semiue,
876 2171 944 2213 cum
972 2155 1061 2213 etiam
1087 2156 1165 2214 natis
1188 2154 1329 2216 nonnulla

320 2242 417 2302 adhuc
442 2241 548 2322 desint,
571 2244 650 2302 siout
672 2240 777 2302 dentes
800 2259 834 2302 ao
858 2244 884 2301 si
907 2241 977 2320 quid
1001 2244 1066 2303 eius
1089 2242 1177 2303 modi.
1214 2241 1248 2303 ln
1271 2261 1329 2322 qua
1400 2238 1409 2248 “

321 2333 435 2391 ratione
465 2333 700 2407 uniuscuiusque
727 2331 867 2389 materiae
891 2330 982 2389 indita
1006 2329 1153 2408 corporali
1175 2332 1233 2391 iam
1257 2349 1328 2409 quo·

321 2418 388 2479 dam
405 2418 503 2500 modo,
525 2417 740 2498 uindicem,
762 2417 894 2478 lioIatum
916 2417 1032 2478 videtur
1055 2436 1130 2491 esse,
1153 2418 1232 2496 quod
1255 2436 1327 2479 non·
1347 2429 1382 2480 20

322 2506 393 2568 dum
416 2515 471 2587 est,
493 2509 583 2567 immo
612 2506 691 2585 quod
713 2506 793 2580 latet,
816 2506 869 2567 sed
892 2523 1015 2567 accessu
1039 2508 1181 2585 temporis
1204 2508 1262 2567 erit
1283 2506 1330 2567 vel

321 2597 420 2674 potius
438 2594 599 2675 apparebit.
643 2593 678 2656 ln
700 2595 755 2655 hao
778 2612 849 2674 ergo
872 2595 969 2655 iulans
991 2596 1049 2657 iam
1071 2593 1171 2655 brevis
1193 2603 1245 2655 aut
1266 2594 1329 2656 lon·

321 2702 378 2762 gns
395 2693 449 2764 est,
473 2686 525 2762 qui
543 2683 641 2744 brevis
660 2682 801 2762 longusve
821 2683 941 2743 iuturus
959 2690 1013 2743 est.
1060 2682 1230 2744 Secundum
1253 2683 1329 2744 hano

322 2773 466 2833 rationem
498 2772 632 2851 prolecto
664 2774 695 2833 in
732 2773 953 2831 resurreetione
984 2773 1120 2850 eorporis
1152 2771 1330 2833 detrimenta

322 2862 456 2939 corporis
483 2878 543 2920 non
570 2862 723 2941 timemus,
750 2861 836 2940 quia,
864 2861 920 2921 etsi
943 2859 1104 2938 aequalitas
1127 2860 1227 2921 lutura
1250 2869 1383 2921 essetne

322 2950 468 3030 omnium,
494 2950 536 3011 ita
562 2959 597 3009 ut
623 2966 727 3009 omnes
754 2965 850 3025 usque
881 2948 916 3007 ad
939 2950 1089 3027 giganteas
1113 2949 1330 3028 magnitudines

322 3038 525 3118 pervenirent,
552 3055 590 3098 ue
612 3036 668 3116 illi,
691 3038 743 3115 qui
765 3038 885 3097 maximi
907 3036 1042 3117 luerunt,
1064 3038 1163 3098 minus
1186 3035 1330 3097 haberent

322 3124 431 3204 aliquid
449 3126 481 3185 in
500 3132 621 3206 statura,
644 3124 722 3203 quod
741 3126 785 3185 eis
809 3133 912 3186 contra
935 3126 1111 3186 seutentiam
1130 3122 1240 3185 Christi
1262 3141 1329 3203 per·

323 3216 389 3295 iret,
412 3214 463 3291 qui
485 3212 559 3274 dixit
581 3232 637 3274 uec
660 3212 797 3293 capillum
821 3215 925 3293 eapitis
949 3231 1014 3273 esse
1037 3214 1219 3291 periturum,
1243 3210 1328 3272 Crea-

323 3304 381 3362 tori
399 3303 512 3381 utique,
535 3304 587 3380 qui
603 3303 715 3363 crearit
732 3310 840 3363 ounota
858 3301 894 3363 de
913 3300 1014 3381 nihilo,
1036 3318 1095 3378 quo
1115 3300 1202 3359 modo
1225 3299 1329 3361 deesse
1349 3309 1383 3360 30

393 3441 422 3508 o)
439 3438 486 3491 Le.
504 3443 548 3502 21,
568 3443 609 3492 sa.

323 3568 534 3577 ——-—-

391 3648 407 3697 'l
424 3642 469 3697 illi
487 3643 527 3709 R;
550 3640 600 3696 illo
619 3641 701 3696 AGn
725 3642 782 3695 rell.
800 3657 817 3695 u
837 3642 847 3709 tl
866 3644 882 3694 8
901 3639 932 3693 in
951 3656 1007 3708 qua
1025 3640 1053 3693 R
1072 3643 1215 3707 (581,18;
1236 3639 1331 3693 malim

320 3730 389 3783 qun3
407 3715 442 3781 ef.
462 3716 602 3780 601,18);
620 3710 670 3765 ubi
686 3710 768 3765 AGn
787 3710 876 3766 rollo
892 3711 903 3779 ΙΙ
921 3714 954 3764 16
972 3709 1046 3764 mole
1063 3726 1129 3776 mss;
1147 3709 1178 3765 in
1195 3710 1270 3765 mole
1287 3727 1304 3765 u
1321 3712 1330 3781 ΙΙ

321 3791 355 3840 20
370 3784 503 3839 linintnrn
518 3782 600 3849 θαϋς
618 3781 773 3836 limitatum
782 3779 819 3849 ρ’
831 3783 841 3850 11
855 3797 915 3835 esse
928 3780 983 3835 rid.
998 3782 1084 3850 ullus
1099 3780 1223 3835 omnium
1237 3798 1287 3837 om.
1302 3781 1330 3835 R
