3284 4459
326 485 389 548 182
621 517 624 524 =
725 497 747 540 s.
760 497 925 540 nunasmm
1038 488 1040 494 '

324 651 404 710 quac
422 635 512 711 prius
536 632 624 708 sacta
647 640 693 692 cst
718 636 750 692 ia
773 639 906 708 tempora
928 635 1080 694 Abrahae.
1126 633 1330 694 natitantem

325 723 475 783 Isaacaa
487 722 658 781 abimelech
680 738 783 795 repom
801 721 1028 782 Philistiaoram
1051 724 1083 781 in
1108 721 1237 781 Geraro.
1270 724 1329 799 Ap-

322 813 430 888 paruit
455 817 555 870 autem
583 812 628 868 itti
649 809 802 869 Dominus
821 815 852 869 ct
874 811 967 869 dixit:
999 811 1069 869 Noli
1091 810 1330 870 descendentia

325 901 510 976 Aepyptum5
536 899 642 958 habita
664 904 764 956 autem
787 899 818 956 ia
842 903 941 970 terra,
964 914 1054 972 quam
1077 899 1134 956 ttot
1155 899 1277 970 dicero,
1302 907 1331 959 et

290 990 423 1048 sincole
445 989 477 1047 in
499 993 586 1046 terra
599 987 676 1055 hac;
698 993 729 1045 ct
749 1002 802 1045 cro
826 991 924 1045 tecum
947 992 977 1045 ct
998 987 1174 1046 benedicam
1197 992 1234 1046 tc.
1265 984 1332 1046 mot

324 1078 404 1136 caim
425 1081 456 1136 ct
476 1077 584 1134 semini
605 1080 656 1133 tuo
679 1073 757 1133 dabo
780 1089 895 1133 omnem
913 1080 1029 1134 terram
1043 1074 1132 1146 hanc,
1155 1080 1186 1133 ct
1198 1080 1330 1134 statuam

325 1167 525 1224 iuramentum
553 1179 662 1235 mcum,
694 1163 776 1236 quoti
800 1163 1070 1221 iurauiAoraltac
1093 1164 1270 1238 patritam
1301 1171 1331 1224 et

324 1252 528 1327 multiplicabo
545 1265 649 1310 ‘semen
672 1256 755 1308 tuum
777 1256 930 1324 tamquam
952 1252 1053 1310 stollas
1077 1252 1168 1324 caclt',
1199 1257 1230 1310 et
1250 1253 1330 1312 dabo

325 1342 433 1400 semini
449 1346 501 1418 tuo
518 1354 633 1400 omnem
651 1344 767 1398 terram
784 1338 874 1411 hamc,
891 1344 921 1397 at
934 1338 1152 1398 benedicentur
1170 1341 1201 1397 ia
1218 1341 1331 1400 somine

269 1439 307 1487 to
326 1434 377 1488 tao
399 1444 500 1488 omncs
515 1433 620 1502 pentes
638 1432 750 1499 terrac,
769 1441 830 1501 pro
848 1442 883 1486 co
901 1427 984 1500 quoa
1000 1427 1156 1487 obaudivit
1174 1427 1329 1488 Abraham

322 1524 414 1592 pater
441 1523 510 1576 tuus
536 1531 638 1575 uocem
663 1529 759 1573 meam
787 1519 817 1574 et
839 1515 1001 1574 custodiuit
1019 1519 1188 1590 praecepta
1210 1531 1278 1575 mea
1301 1523 1329 1576 ct

324 1606 470 1665 mandata
500 1619 569 1663 mco
600 1608 632 1662 et
660 1603 891 1674 iustificationes
920 1618 1002 1662 meas
1031 1609 1062 1663 ct
1091 1604 1224 1676 lepttima
1253 1619 1329 1664 mco.

325 1691 384 1752 lste
406 1689 572 1770 patriarcha
594 1706 650 1749 nec
673 1707 796 1749 uxorem
814 1687 918 1749 habuit
936 1688 1022 1748 aliam
1040 1690 1240 1769 nec'aliquam
1259 1709 1328 1752 con·

326 1778 472 1859 cubinam,
495 1777 547 1839 sed
569 1779 743 1857 posteritate
767 1775 895 1837 duorum
918 1779 1104 1855 geminorum
1126 1795 1241 1839 ex'nno
1260 1797 1329 1840 con-

269 1879 307 1926 «15
326 1866 429 1928 cubitu
456 1875 680 1946 procreatorum
707 1872 866 1924 contentus
895 1866 959 1926 luit.
994 1858 1121 1946 (Timuit
1143 1883 1212 1926 sane
1241 1871 1329 1929 etiam

326 1958 388 2035 ipse
411 1954 577 2034 periculum
605 1954 641 2014 de
663 1951 884 2031 pulchritudine
907 1955 1041 2031 coniugis
1048 2001 1056 2032 ,
1088 1971 1157 2014 cum
1185 1953 1330 2017 habitaret

320 2043 403 2104 inter
421 2042 541 2123 alienos,
559 2043 688 2120 fecitque
708 2040 787 2119 qnod
806 2050 898 2122 pater,
921 2049 955 2102 nt
973 2059 1038 2101 cam
1057 2059 1188 2102 sororem
1208 2043 1329 2125 diceret,

324 2139 437 2192 taceret
463 2147 601 2210 uxorem3
633 2138 697 2190 erat
724 2131 803 2190 enim
834 2131 862 2189 ei
890 2131 1056 2208 propinqua
1086 2138 1117 2190 et
1137 2139 1268 2209 paterno
1300 2143 1330 2194 et

326 2229 459 2280 materno
481 2221 637 2297 sanguine3
660 2216 712 2277 ssd
730 2220 820 2277 etiam
837 2219 901 2295 ipsa
919 2216 956 2276 ab
975 2217 1086 2298 alienis,
1109 2221 1227 2297 cognito
1250 2221 1329 2298 quod

270 2319 307 2368 no
326 2326 400 2369 uxor
427 2314 519 2387 esset,
546 2308 654 2367 mansit
674 2299 808 2387 intacta.)
844 2303 905 2364 Nec
927 2304 994 2364 ideo
1017 2314 1115 2366 tamen
1138 2308 1228 2367 istum
1251 2311 1329 2387 patri

326 2398 392 2458 sius
413 2396 564 2476 praeferre
588 2392 740 2473 debemus,
763 2395 832 2471 quia
851 2395 907 2452 iste
926 2393 1035 2453 nullam
1053 2394 1191 2454 seminam
1210 2405 1328 2474 praeter

326 2501 415 2546 unam
433 2485 589 2560 coniugem
607 2489 737 2542 noverat
768 2479 861 2540 Erant
875 2483 954 2540 enim
967 2481 1072 2560 procul
1086 2481 1176 2542 dubio
1190 2491 1328 2562 paternae

328 2572 397 2632 fidei
419 2580 449 2632 et
467 2570 670 2631 oboedientiae
690 2571 794 2628 merita
793 2570 935 2715 spotiora,
959 2572 990 2629 in
1007 2576 1132 2649 tantum,
1155 2579 1189 2631 ut
1206 2582 1329 2650 propter

326 2659 412 2720 illum
438 2658 517 2719 dicat
539 2657 618 2719 Dens
644 2657 714 2717 huic
737 2674 769 2716 se
793 2656 890 2716 lacere
913 2617 989 2716 bona
1013 2675 1088 2736 qnae
1112 2658 1190 2720 lacit.
1234 2660 1328 2721 Bone

273 2759 306 2807 25
326 2750 476 2821 dicentur,
498 2748 603 2825 inquit,
626 2748 658 2806 ia
681 2748 794 2806 semine
815 2753 866 2805 tao
890 2763 990 2806 omnes
1010 2753 1115 2819 aemes
1137 2754 1249 2822 terroe,
1268 2767 1329 2825 pro

278 2889 280 2893 ,
324 2853 359 2897 eo
386 2838 468 2911 quoa
494 2836 649 2896 obaudivit
672 2834 827 2893 Abraham
852 2842 944 2909 poter
966 2839 1036 2895 tuus
1058 2851 1158 2896 vocem
1181 2847 1277 2896 meam
1300 2845 1331 2898 ct

324 2926 486 2985 custodiuit
502 2929 670 2999 praecepta
693 2939 759 2981 mea
773 2929 804 2982 et
816 2924 962 2982 mandata
976 2939 1043 2982 mea
1057 2929 1088 2982 ct
1100 2926 1329 2996 iustificationes

323 3029 406 3073 meas
428 3017 458 3072 et
479 3013 613 3086 lepttima
636 3027 720 3080 mca;
747 3016 778 3068 et
800 3008 857 3068 alio
880 3027 986 3070 rursus
1009 3011 1143 3072 maculo:
1167 3012 1232 3086 Epo
1254 3031 1328 3087 sam,

323 3101 429 3179 inquit,
451 3100 533 3161 oeus
546 3099 702 3159 Aaronom
717 3099 818 3173 patris
836 3100 889 3172 tui,
912 3101 976 3158 noli
993 3101 1098 3159 timere
1103 3120 1115 3170 ;
1138 3107 1236 3160 tecum
1250 3104 1329 3161 enim

271 3200 305 3248 30
323 3204 389 3247 sum
416 3194 447 3248 ct
473 3188 617 3264 tentatas·
642 3193 672 3246 te
698 3193 729 3246 et
749 3187 954 3261 multiplicabo
977 3203 1076 3248 semea
1099 3193 1183 3251 tuum
1202 3197 1330 3264 propter

324 3277 479 3336 Abraham
498 3282 619 3350 patrem
635 3269 739 3343 ‘tunm;
762 3281 795 3332 ut
813 3272 1017 3352 intellegamus
1037 3291 1124 3353 quam
1144 3285 1223 3336 caste
1239 3275 1328 3336 Abra-

278 3400 280 3405 ·
323 3364 391 3424 ham
414 3363 531 3443 lecerit,
559 3361 645 3441 quod·
664 3358 833 3421 hominibus
861 3361 1009 3440 inpudicis
1033 3370 1063 3422 et
1085 3365 1233 3442 nequitiae
1258 3371 1329 3425 snae

396 3500 439 3565 12)
458 3495 525 3551 Gen.
544 3502 588 3564 nc,
608 3502 621 3550 1
641 3512 700 3564 sqq.
737 3496 782 3560 st)
801 3494 869 3549 oen.
889 3501 932 3591 sc,
951 3501 993 3550 24.

390 3700 424 3750 18
447 3696 476 3750 et
493 3695 564 3766 put]
583 3697 613 3749 ct
629 3710 680 3750 om.
700 3697 737 3750 ba
755 3699 764 3765 ΙΙ
784 3700 816 3748 19
836 3694 937 3748 alienis·
955 3694 1181 3800 VAFGabepp
1200 3694 1247 3761 (cf.
1266 3695 1327 3760 17);

318 3765 485 3836 alienigenis
505 3767 552 3821 Ro
566 3768 575 3834 ΙΙ
589 3772 623 3819 20
641 3783 710 3820 uxor
729 3766 788 3820 eius
810 3766 857 3820 Ga
