3284 4459
353 489 419 556 350
758 503 957 547 senensem

354 638 472 718 sophiae
492 647 572 699 secta
592 638 715 700 dicenda
734 646 788 699 est
834 637 908 698 Cum
931 656 1002 717 ergo
1021 641 1176 717 quaeritur
1197 638 1234 698 de
1258 638 1360 699 sociali

353 729 420 805 rita,
442 736 543 788 utrum
562 728 602 786 sit
619 725 746 787 tenenda
770 728 905 807 sapienti,
928 735 962 787 ut
984 745 1132 787 summum
1156 726 1277 807 honum,
1299 746 1361 806 qno

353 817 386 876 iit
412 814 500 875 homo
526 814 644 896 heatus,
671 816 711 876 ita
738 814 807 875 velit
833 823 865 875 et
892 823 978 875 cnret
1004 817 1090 877 amici
1118 818 1179 896 sui,
1211 815 1360 893 quemad

354 903 474 965 modum
501 921 601 978 suum,
638 920 676 964 an
712 921 782 963 snae
815 903 1019 964 tantummodo
1049 903 1241 965 beatitudinis
1270 921 1360 965 causa

318 993 440 1054 niaciat
467 990 610 1070 quidquid
638 991 721 1052 lacit:
748 1009 808 1052 non
836 991 873 1051 de
896 993 961 1071 ipso
985 1009 1100 1052 summo
1123 991 1202 1053 bono
1225 995 1361 1070 qnaestio

353 1090 407 1161 est,
430 1080 482 1140 sed
505 1079 542 1140 de
560 1077 741 1141 adsumendo
759 1079 806 1140 vel
824 1097 884 1140 non
903 1079 1084 1141 adsumendo
1107 1082 1188 1141 socio
1211 1079 1247 1140 ad
1270 1080 1361 1140 huius

265 1181 267 1186 '
352 1170 606 1249 participationem
629 1167 714 1248 honi,
742 1186 802 1228 non
825 1177 947 1247 propter
970 1186 1003 1230 se
1025 1170 1139 1249 ipsum,
1162 1168 1214 1228 sed
1237 1177 1362 1248 propter

352 1257 479 1318 eundem
507 1258 634 1338 socium,
663 1265 695 1317 ut
722 1259 786 1316 eius
814 1255 892 1317 bono
921 1258 961 1316 ita
984 1256 1122 1339 gaudeat,
1151 1259 1230 1317 sient
1251 1257 1362 1336 gaudet

353 1365 416 1407 sno.
461 1343 535 1406 ltem
565 1361 633 1405 cnm
661 1347 815 1423 quaeritur
843 1344 880 1404 de
909 1343 1091 1406 Academicis
1121 1347 1221 1426 noris,
1251 1344 1361 1424 quibus

303 1446 336 1492 to
352 1437 465 1495 incerta
489 1441 559 1494 sunt
581 1434 694 1514 omnia,
717 1442 817 1493 utrum
841 1435 881 1492 ita
904 1434 964 1494 sint
987 1451 1035 1494 res
1058 1432 1218 1514 habendae,
1241 1436 1271 1493 in
1295 1437 1369 1512 qui··

351 1522 408 1584 bus
425 1520 691 1602 philosophandum
710 1529 765 1601 cst,
787 1539 834 1600 an,
856 1523 935 1581 sicut
952 1520 1017 1582 aliis
1035 1520 1218 1601 philosophis
1240 1520 1361 1602 placuit,

352 1620 449 1672 certas
472 1628 521 1670 eas
544 1609 653 1670 habere
681 1608 855 1670 debeamus:
881 1627 942 1669 non
965 1611 1119 1689 quaeritur
1141 1609 1212 1688 quid
1235 1611 1267 1670 in
1290 1609 1362 1670 honi

352 1699 410 1760 bne
434 1698 605 1760 sectandum
629 1699 681 1778 sit,
705 1697 756 1758 sed
780 1697 816 1758 de
840 1699 934 1777 ipsius
955 1695 1027 1758 boni
1050 1700 1188 1778 veritate,
1212 1697 1290 1776 qnod
1315 1717 1361 1758 se·

353 1787 491 1849 ctandum
519 1784 649 1866 videtur,
678 1795 777 1847 utrum
805 1788 844 1846 sit
871 1804 967 1846 necne
995 1785 1202 1866 dubitandum3
1225 1786 1282 1847 hoc
1306 1796 1362 1868 est,

301 1887 332 1935 te
354 1885 386 1936 ut
413 1875 441 1935 id
469 1875 585 1954 planius
612 1873 747 1953 eloquar,
778 1883 881 1936 utrum
902 1877 944 1935 ita
966 1874 1139 1935 sectandum
1162 1877 1216 1955 sit,
1238 1883 1285 1956 nt,
1309 1878 1363 1953 qui

354 1973 493 2045 sectatur,
516 1963 594 2024 dicat
617 1980 682 2023 esse
706 1981 822 2043 verum,
846 1981 882 2023 an
905 1965 954 2044 ita,
977 1972 1020 2043 nt,
1043 1965 1095 2042 qui
1118 1971 1259 2043 sectatur,
1282 1963 1363 2024 dicat

353 2071 456 2113 rernm
475 2051 531 2114 sibi
549 2051 652 2133 videri,
674 2053 789 2112 etiamsi
809 2051 886 2113 forte
909 2053 950 2112 sit
971 2051 1086 2132 falsum,
1109 2059 1208 2111 tamen
1231 2060 1362 2130 uterque

354 2149 485 2202 sectetur
503 2158 595 2201 unrrm
614 2148 701 2219 atque
721 2139 799 2201 idem
817 2138 937 2200 bonnm.
983 2139 1016 2200 ln
1039 2139 1087 2200 illa
1111 2141 1199 2200 etiam
1221 2139 1362 2200 differen-

352 2231 402 2311 tia,
425 2247 500 2308 quae
523 2228 679 2289 adhibetur
702 2246 736 2289 ex
761 2227 863 2288 habitu
886 2235 917 2288 et
939 2227 1153 2288 consuetudine
1173 2226 1363 2308 Cynicorum,

300 2331 334 2378 20
352 2336 411 2378 non
435 2319 602 2398 quaeritur,
629 2319 763 2396 quisnam
787 2318 826 2377 sit
848 2317 916 2376 linis
938 2314 1021 2398 honi,
1049 2315 1099 2376 sed
1132 2323 1232 2376 utrum
1255 2317 1286 2377 in
1309 2315 1362 2377 illo

353 2405 454 2467 habitu
478 2415 509 2466 et
526 2405 741 2466 consuetudine
764 2407 804 2464 sit
825 2404 981 2466 vivendum
1005 2406 1042 2486 ei,
1065 2406 1117 2483 qui
1139 2421 1243 2464 rerum
1266 2412 1361 2465 secta·

354 2505 402 2556 tur
432 2493 558 2574 honum,
586 2491 737 2571 quodlibet
764 2494 792 2552 ei
819 2511 923 2553 rernm
949 2493 1084 2553 rideatur
1112 2510 1178 2552 esse
1201 2501 1290 2571 atque
1314 2511 1361 2552 se-

353 2582 501 2643 ctandum.
546 2580 680 2658 lienique
703 2580 833 2660 luerunt,
856 2583 907 2658 qui
931 2599 1000 2642 cum
1022 2580 1138 2641 diversa
1160 2589 1363 2658 sequerentur

352 2672 429 2730 bona
452 2669 558 2750 linalia,
581 2667 630 2728 alii
653 2669 801 2748 virtutem,
824 2668 875 2728 alii
897 2667 1085 2750 voluptatem,
1109 2668 1237 2730 eundem
1260 2677 1362 2730 tamen

301 2771 333 2816 aa
353 2757 484 2819 habitum
507 2766 538 2818 et
561 2755 804 2817 consuetudinem
828 2756 977 2838 tenebant,
999 2775 1035 2817 ex
1059 2775 1117 2835 qno
1136 2755 1238 2836 Cynici
1261 2757 1362 2837 appel·

353 2845 496 2907 labantur.
541 2843 584 2905 Ita
611 2843 683 2904 illud
712 2844 855 2923 quidquid
878 2854 938 2927 est,
966 2846 1045 2906 unde
1068 2844 1235 2925 philosophi
1258 2843 1364 2924 Cynici

353 2935 563 2996 discernuntur
582 2951 597 2992 a
617 2935 733 3014 ceteris,
757 2933 791 2993 ad
811 2932 978 3011 eligendum
1002 2951 1035 2994 ac
1059 2931 1219 2994 tenendum
1239 2932 1364 3015 honum,

354 3041 412 3103 quo
435 3022 514 3082 beati
536 3022 654 3102 tierent,
684 3024 785 3100 utique
816 3021 857 3081 nil
880 3020 1001 3082 valebat.
1046 3021 1119 3082 Nam
1142 3024 1168 3080 si
1190 3020 1299 3100 aliquid
1323 3023 1363 3083 ad

354 3111 409 3171 boo
435 3113 606 3184 interesset,
634 3110 767 3188 proiecto
794 3109 872 3170 idem
901 3109 1019 3171 habitus
1047 3109 1174 3171 eundem
1203 3109 1291 3169 tinem
1315 3129 1364 3170 se-

300 3213 334 3261 30
354 3202 405 3279 qui
428 3207 556 3280 cogeret,
578 3208 609 3260 et
631 3197 765 3259 diversus
787 3197 906 3259 habitus
929 3198 1055 3259 eundem
1079 3199 1164 3277 sequi
1187 3198 1276 3258 ssnem
1299 3217 1362 3262 non

353 3291 472 3349 sineret.

354 3446 564 3456 —-———

424 3537 457 3586 nb
476 3545 531 3599 quo
549 3524 631 3581 Ros
652 3521 698 3588 (cs.
712 3522 774 3588 21);
794 3533 850 3586 qua
869 3517 1024 3588 Acbeppv
