3284 4459
565 533 970 578 nnmvrrsruommxvo
984 538 1017 578 so.
1231 523 1294 588 101

286 665 431 752 Lamech)
459 669 580 731 ducenti
607 677 638 730 et
666 669 857 748 quadraginta
885 679 955 731 sunt
980 672 1063 732 anni:
1094 689 1165 732 num
1195 674 1296 751 itaque

286 767 350 820 toto
369 758 475 819 deinde
494 767 628 838 tempore
646 776 742 837 usque
762 757 798 818 ad
816 757 958 819 diluvium
976 777 1036 819 non
1054 758 1297 838 generaverunt?

288 847 352 918 Qua
381 847 500 907 tandem
527 864 629 926 causa,
657 848 708 925 qui
735 846 808 906 haec
831 848 964 926 scripsit,
987 850 1194 926 generationes
1216 867 1296 909 com·

287 952 454 996 memorare
480 935 576 996 noluit
603 953 678 1014 quae
708 931 897 1014 sequuntur?
931 935 1005 995 Nam
1028 954 1065 996 ex
1087 935 1178 996 Adam
1201 955 1296 1016 usque

287 1023 324 1084 ad
352 1023 494 1084 diluvium
515 1031 721 1104 conputantur
749 1025 818 1083 anni
847 1024 1009 1084 secundum
1037 1024 1156 1085 codices
1178 1033 1333 1085 nostroso

287 1113 347 1172 duo
388 1112 467 1171 milia
503 1111 624 1172 ducenti
660 1113 810 1190 sexaginta
843 1111 914 1192 duo;
947 1111 1111 1173 secondum
1147 1111 1299 1173 Hebraeos

288 1210 389 1260 antem
422 1200 502 1260 mille
534 1202 663 1260 sescenti
695 1202 907 1279 quinquaginta
938 1218 999 1261 sex.
1044 1199 1083 1261 Ut
1110 1219 1181 1280 ergo
1208 1203 1299 1262 istum

288 1305 449 1350 numerum
465 1291 612 1349 minorem
631 1289 786 1350 credamus
808 1305 876 1348 esse
897 1291 1053 1370 veriorem,
1074 1287 1113 1349 de
1135 1289 1214 1349 mille
1238 1307 1299 1350 ses·

289 1378 385 1436 centis
417 1379 629 1456 quinquaginta
656 1395 707 1437 sex
739 1377 824 1437 annis
846 1376 967 1437 ducenti
990 1376 1180 1455 quadraginta
1203 1377 1298 1438 detra·

290 1465 413 1526 bantur:
436 1465 581 1543 numquid
600 1464 740 1526 credibile
759 1473 805 1525 est
826 1482 881 1544 per
904 1465 983 1525 mille
1006 1465 1246 1546 quadringentos,
1269 1474 1300 1526 et
1318 1479 1351 1527 10

291 1553 370 1631 quod
402 1556 546 1633 excurrit,
578 1571 684 1634 anuos,
713 1555 764 1632 qui
787 1561 902 1614 restant
921 1571 1018 1632 usquc
1042 1553 1200 1635 diluvium,
1231 1572 1299 1634 pro

290 1643 407 1720 geniem
431 1640 502 1701 Cain
526 1659 542 1701 a
564 1641 806 1720 generationibus
827 1659 932 1701 vacare
950 1638 1116 1720 potuisse?

381 1728 440 1790 Sed
460 1732 511 1808 qui
530 1747 566 1790 ex
584 1729 641 1789 hoc
659 1738 803 1810 movetur,
825 1731 1003 1811 meminerit,
1026 1749 1094 1790 cum
1117 1749 1301 1812 quaererem,

290 1835 350 1896 quo
374 1818 462 1879 modo
486 1817 666 1878 credendum
694 1820 733 1878 sit
755 1819 892 1896 antiquos
918 1818 985 1878 illos
1007 1817 1142 1879 homiues
1164 1837 1218 1898 per
1240 1828 1300 1880 tam

290 1905 401 1966 multos
430 1923 523 1966 annos
549 1924 566 1965 a
594 1907 748 1984 gignendis
775 1905 844 1966 filiis
866 1924 983 1966 cessare
1005 1909 1152 1987 potuisse,
1183 1907 1299 1968 duobus
1319 1918 1352 1967 15

290 1994 388 2054 modis
406 1995 493 2054 istam
512 1994 637 2054 solutam
656 2013 722 2054 esse
741 1996 957 2072 quaestionem:
980 2002 1031 2055 aut
1049 1995 1091 2055 de
1104 2013 1170 2056 sera
1192 1995 1300 2075 puber·

292 2090 362 2161 tate,
387 2083 580 2161 proportione
603 2091 662 2142 tam
686 2082 788 2160 longae
810 2085 901 2162 vitae,
924 2091 975 2143 aut
996 2082 1033 2143 dc
1056 2083 1124 2143 liliis
1147 2086 1199 2162 qni
1222 2102 1300 2144 com·

293 2178 496 2231 memorantur
522 2171 554 2230 in
582 2169 836 2252 generationibus,
864 2171 943 2249 quod
971 2190 1031 2230 non
1058 2173 1169 2232 luerint
1191 2174 1300 2250 primo·

292 2260 395 2338 geniti,
418 2258 470 2318 sed
493 2257 533 2338 hi,
556 2276 611 2337 per
633 2276 708 2337 quos
731 2259 767 2318 ad
791 2277 868 2339 eum,
892 2277 980 2337 quem
1003 2259 1175 2320 intendebat
1197 2269 1302 2320 auctor

291 2346 373 2426 libri,
405 2354 523 2425 poterat
549 2348 712 2427 perveniri,
744 2349 820 2407 siout
848 2347 885 2408 ad
911 2347 974 2407 Noe
1001 2350 1032 2407 in
1059 2348 1299 2426 generationibus
1318 2360 1353 2408 20

293 2434 374 2496 Seth.
420 2433 549 2494 Proinde
580 2437 612 2494 in
644 2435 884 2512 generationibus
912 2434 997 2516 Cain,
1029 2437 1055 2495 si
1081 2454 1140 2495 non
1169 2438 1301 2496 occurrit

292 2525 344 2602 qui
372 2521 495 2583 deberet
524 2523 652 2602 intendi,
682 2523 717 2583 ad
745 2541 834 2601 quem
856 2526 1074 2602 praetermissis
1096 2525 1301 2603 primogenitis

292 2630 347 2691 per
370 2629 432 2690 eos,
454 2613 506 2689 qui
529 2613 750 2671 commemorati
773 2620 857 2692 suot,
878 2614 1027 2689 perveniri
1049 2611 1212 2693 oportebat,
1235 2630 1301 2672 sera

292 2698 435 2779 pubertas
462 2698 659 2778 intellegenda
685 2698 821 2780 restabit,
849 2707 884 2760 ut
912 2699 1059 2778 aliquanto
1086 2708 1154 2778 post
1181 2708 1301 2760 centum

293 2805 387 2848 annos
410 2785 539 2865 puberes
561 2786 732 2865 habilesque
762 2787 798 2848 ad
820 2787 1000 2866 gignendum
1023 2788 1093 2848 lacti
1115 2788 1240 2869 luerint,
1267 2797 1301 2849 ut
1319 2799 1353 2850 rt

292 2876 366 2936 ordo
399 2877 623 2954 generationum
657 2893 712 2953 per
742 2877 956 2954 primogenitos
983 2884 1120 2936 curreret
1149 2885 1180 2937 et
1206 2895 1301 2956 usque

292 2963 437 3024 diluvium
464 2963 501 3024 ad
529 2982 687 3023 numerum
714 2981 859 3024 annorum
882 2972 980 3024 tantae
1004 2967 1175 3042 quantitatis
1198 2983 1301 3025 occur·

270 3060 384 3132 reret.
431 3049 570 3122 Quamvis
593 3052 658 3111 fleri
680 3054 787 3133 possit,
811 3062 845 3112 ut
867 3060 990 3130 propter
1012 3051 1138 3130 aliquam
1161 3056 1301 3115 secretio·

292 3157 358 3200 rem
386 3157 519 3220 causam,
550 3157 626 3218 quae
654 3157 701 3200 me
729 3139 814 3220 latet,
842 3158 939 3219 usque
966 3139 1003 3200 ad
1025 3139 1151 3201 Lamecb
1179 3152 1209 3202 et
1236 3143 1301 3202 eius

292 3227 369 3288 lilios
396 3229 621 3306 generationum
652 3231 844 3305 perveniente
876 3235 1017 3288 contextu
1045 3229 1301 3290 commendaretur
1319 3241 1358 3291 ao

293 3315 367 3377 baec
390 3317 501 3395 civitas,
525 3331 613 3394 quam
631 3315 758 3375 dicimus
780 3333 847 3376 esse
869 3324 1028 3396 terrenam,
1051 3335 1085 3378 ac
1107 3317 1215 3378 deinde
1238 3335 1301 3378 ces·

294 3411 375 3464 saret
397 3405 526 3482 scriptor
550 3402 618 3463 libri
641 3421 873 3464 commemorare
895 3413 1026 3485 ceteras,
1049 3423 1123 3483 quae
1147 3422 1242 3483 usque
1265 3405 1302 3466 ad

293 3491 437 3552 diluvium
465 3509 532 3551 esse
559 3498 730 3570 potuerunt.
775 3491 878 3552 Potest
901 3502 931 3552 et
952 3491 1001 3552 illa
1023 3511 1090 3552 esse
1113 3510 1217 3574 causa,
1246 3511 1302 3553 cur

365 3727 378 3773 1
399 3723 428 3774 eb
441 3737 492 3775 om.
504 3722 555 3792 Rp
567 3723 577 3792 ll
592 3728 624 3776 11
634 3727 703 3776 etit
717 3739 806 3791 usque
827 3723 904 3780 VRr
918 3728 994 3792 (102,
1007 3729 1061 3792 22,·
1080 3727 1141 3792 121,
1152 3730 1196 3794 6);
1214 3744 1308 3796 usqne

293 3791 544 3861 adAFGabcpo
561 3795 571 3863 ll
589 3799 623 3846 23
641 3794 783 3862 perueniri
805 3797 940 3860 Vnam
958 3796 1105 3863 peruenire
1126 3797 1257 3865 Gobepo
