3284 4459
466 594 469 601 Δ
550 534 590 574 nn
604 532 749 575 c1r1raaa
762 534 815 575 nsr
829 534 856 576 a.
870 534 945 575 xxm
960 534 982 575 e.
997 536 1030 575 aa.
1231 518 1296 582 613

292 686 396 730 versus
414 671 494 748 ipsos
512 668 647 729 homines
660 676 709 729 tot
727 685 836 747 genera
858 687 1049 749 venenorum,
1072 676 1116 730 tot
1138 684 1297 741 armorum,
1371 660 1375 667 ’

292 765 338 818 tot
356 757 667 836 machinamentorum,
691 764 721 818 et
737 775 792 835 pro
817 756 910 818 salute
934 757 1051 818 mortali
1073 756 1184 817 tuenda
1207 762 1295 834 atque

292 844 455 925 reparanda
479 854 550 924 quot
573 844 784 905 medicamenta
808 852 897 924 atque
921 847 1088 906 adiumenta
1113 843 1296 924 conprehen-

293 935 384 1014 derit3
413 950 467 1013 pro
497 932 645 1012 voluptate
676 934 804 993 saucium
836 942 908 1012 quot
936 932 1123 994 condimenta
1151 942 1182 993 et
1211 931 1295 1011 gulae
1366 924 1369 928 ’

293 1024 481 1082 inritamenta
509 1023 687 1102 reppererit3
715 1020 750 1081 ad
778 1022 949 1081 indicandas
977 1030 1007 1082 et
1030 1020 1195 1082 suadendas
1218 1022 1332 1098 cogi-o

293 1113 420 1171 tationes
448 1128 535 1189 quam
559 1109 777 1170 multitudinem
800 1112 1030 1189 varietatemque
1054 1112 1223 1189 signorum,
1246 1107 1297 1169 ubi

293 1201 486 1279 praecipuum
513 1198 610 1259 locum
642 1197 731 1257 rerba
762 1205 792 1258 et
814 1197 929 1259 litterae
952 1205 1068 1278 tenent3
1091 1196 1125 1257 ad
1151 1196 1297 1257 delectan-

294 1286 347 1347 dos
377 1288 489 1347 animos
519 1305 594 1366 quos
623 1286 798 1347 elocutionis
826 1296 963 1363 ornatus,
994 1304 1082 1366 quam
1112 1285 1297 1346 diversorum

295 1377 458 1435 carminum
477 1378 604 1455 copiam3
627 1374 662 1435 ad
682 1374 852 1435 mulcendas
870 1392 958 1436 aures
980 1383 1053 1454 quot
1076 1392 1186 1453 organa
1208 1374 1297 1432 musi-

295 1482 337 1545 ca,
360 1480 435 1543 quos
454 1463 617 1524 cantilenae
635 1462 738 1523 modos
757 1466 978 1545 excogitaverit3
1001 1469 1140 1545 quantam
1162 1463 1299 1540 peritiam
1318 1472 1352 1522 10

296 1552 512 1612 dimensionum
534 1559 622 1630 atque
641 1569 842 1633 numerorum,
866 1560 1039 1631 meatusque
1064 1559 1094 1611 et
1116 1550 1237 1610 ordines
1260 1550 1298 1609 si·
1407 1561 1409 1566 '

296 1640 399 1700 derum
424 1648 533 1720 quanta
557 1642 713 1718 sagacitate
738 1640 999 1720 conprehenderit3
1027 1658 1115 1719 quarn
1138 1638 1230 1698 mrdta
1253 1653 1299 1697 re·

297 1745 363 1788 rum
392 1728 607 1789 mundanarum
637 1729 805 1807 cognitione
836 1746 867 1788 se
897 1728 1078 1807 impleverit,
1108 1730 1176 1807 quis
1206 1728 1300 1806 possit

296 1816 403 1898 eloqui,
421 1818 545 1876 maxime
565 1818 591 1875 si
608 1816 732 1877 velimus
751 1834 810 1877 non
829 1819 985 1877 acervatim
1006 1824 1111 1877 cuncta
1130 1832 1303 1895 congerere,

297 1904 347 1963 sed
371 1907 402 1964 in
424 1903 548 1983 singulis
570 1899 733 1964 inmorari?
768 1903 802 1963 ln
825 1906 898 1983 ipsis
919 1914 1070 1983 postremo
1094 1903 1248 1964 erroribus
1271 1913 1301 1963 et
1320 1912 1353 1962 15

297 1991 472 2053 falsitatibus
507 1990 699 2052 defendendis
731 2010 819 2071 quarn
855 2010 959 2071 magna
991 1993 1152 2053 claruerint
1183 1993 1300 2071 ingenia

296 2080 537 2160 philosophorum
568 2086 655 2158 atque
688 2079 921 2158 haereticorum,
954 2082 1021 2160 quis
1053 2082 1208 2141 aestimare
1240 2079 1300 2139 sui-

297 2164 396 2229 iiciat?
440 2166 604 2246 loquimur
625 2170 704 2228 eninr
727 2186 806 2229 nunc
830 2168 866 2229 de
890 2177 995 2229 natura
1017 2170 1125 2229 mentis
1147 2168 1302 2248 humanae,

297 2274 355 2337 qua
376 2259 433 2316 ista
455 2258 514 2316 vita
537 2255 669 2315 mortalis
692 2265 830 2337 ornatur,
860 2275 919 2317 non
942 2256 979 2317 de
1001 2256 1058 2317 tide
1083 2265 1170 2335 atque
1194 2258 1300 2316 itinere

299 2346 447 2420 veritatis,
484 2362 541 2422 qua
572 2343 622 2404 illa
653 2343 817 2405 inmortalis
849 2344 1024 2423 adquiritur.
1076 2344 1172 2406 lluius
1203 2351 1301 2404 tantae
1321 2354 1355 2404 20

298 2440 419 2493 naturae
443 2431 578 2492 conditor
608 2450 675 2493 cum
706 2434 745 2493 sit
766 2435 871 2512 utique
894 2431 973 2493 licus
995 2451 1084 2493 verus
1107 2441 1138 2493 et
1160 2449 1303 2512 summus,

297 2524 362 2601 ipso
386 2527 492 2581 cuncta
515 2537 590 2598 quae
614 2521 684 2581 lecit
707 2520 929 2581 administrante
954 2529 984 2582 et
1007 2539 1151 2581 summam
1174 2527 1302 2600 potesta·

298 2619 359 2670 tem
386 2626 588 2687 summamque
616 2608 742 2673 habente
765 2610 907 2669 iustitiam
930 2627 1090 2687 numquam
1112 2610 1248 2688 proiecto
1271 2610 1302 2669 in

298 2698 351 2758 has
380 2698 514 2758 miserias
546 2696 705 2757 decidisset
733 2705 821 2775 atque
841 2714 887 2757 ex
916 2696 963 2757 his
993 2706 1111 2775 praeter
1143 2715 1194 2757 eos
1225 2696 1303 2756 solos

298 2788 350 2865 qui
367 2784 572 2846 liberabuntur
590 2788 621 2845 in
640 2794 775 2845 aeternas
794 2794 874 2845 esset
891 2787 978 2865 itura,
1000 2788 1059 2845 nisi
1081 2788 1169 2846 nimis
1192 2784 1301 2863 mande
1321 2794 1355 2843 25

297 2882 452 2952 peceatum
481 2875 512 2933 in
542 2873 661 2934 homine
690 2875 801 2953 primo,
828 2872 866 2933 de
894 2891 953 2952 quo
981 2876 1073 2954 ceteri
1102 2876 1196 2934 exorti
1225 2881 1303 2955 sunt,

299 2964 518 3040 praecessisset.
1014 2976 1016 2985 ·

386 3048 446 3109 lam
476 3066 546 3109 vero
576 3051 608 3109 in
637 3052 702 3129 ipso
730 3067 870 3128 corpore,
899 3051 1031 3128 quamvis
1060 3048 1145 3109 nohis
1174 3050 1213 3110 sit
1235 3067 1303 3109 cum

299 3137 394 3197 beluis
421 3135 597 3197 mortalitate
628 3154 783 3197 commune
813 3136 974 3215 multisque
1005 3155 1108 3197 earum
1137 3138 1304 3216 reperiatur

299 3226 459 3305 infirmius,
490 3234 598 3303 quanta
630 3223 683 3285 liei
712 3223 842 3306 ionitae,
875 3234 983 3303 quanta
1014 3225 1199 3305 providentia
1231 3226 1305 3285 tanti
1323 3236 1357 3284 30

301 3314 448 3374 Creatoris
471 3311 605 3392 appareti
629 3312 734 3372 Nonne
749 3315 790 3373 ita
814 3315 937 3373 suntin
961 3331 996 3373 eo
1021 3314 1083 3372 loca
1106 3330 1249 3373 sensuum
1273 3319 1304 3372 et

300 3409 398 3461 cetera
430 3400 561 3461 membra
598 3400 739 3480 disposita
771 3403 945 3480 speciesque
979 3403 1042 3480 ipsa
1080 3418 1114 3460 ao
1147 3401 1241 3479 ligura
1275 3409 1306 3461 et

300 3498 412 3549 statura
438 3491 530 3550 totius
557 3490 691 3568 corporis
718 3491 759 3550 ita
786 3487 964 3570 modificata,
991 3497 1025 3573 nt
1047 3487 1083 3548 ad
1107 3490 1305 3549 ministerium

299 3578 412 3636 animae
441 3576 592 3637 rationalis
620 3594 653 3638 se
680 3577 791 3638 indicet
820 3572 952 3637 iactum?
996 3576 1062 3637 Non
1085 3578 1165 3637 enim
1187 3585 1222 3637 ut
1244 3579 1304 3636 ani-

300 3663 384 3725 malla
407 3667 529 3726 rationis
551 3668 683 3745 expertia
706 3684 800 3745 prona
822 3682 889 3725 esse
911 3664 1045 3724 videmus
1067 3666 1098 3724 in
1122 3673 1241 3745 terram,
1264 3667 1305 3725 ita
1323 3675 1357 3725 35

300 3762 418 3814 creatus
445 3762 490 3814 est
520 3753 622 3835 homo;
652 3752 704 3813 sed
732 3762 831 3813 erecta
861 3755 892 3813 in
916 3751 1031 3812 caelum
1054 3755 1188 3832 eorporis
1211 3754 1305 3813 torma

366 3895 432 3958 lsq.
450 3892 494 3945 tot
513 3892 589 3962 (ter)]
608 3892 694 3961 quot?
708 3893 717 3961 ll
731 3897 756 3959 3,
775 3899 801 3958 4,
821 3898 837 3945 9
856 3892 932 3962 quod
950 3892 978 3947 R
995 3894 1005 3961 l
1023 3898 1040 3944 4
1057 3892 1205 3946 uoluntate
1224 3893 1307 3964 Rau

295 3966 329 4014 25
348 3962 402 4015 aet.
421 3976 507 4031 penas
527 3962 553 4016 L
572 3962 630 4017 edd.
650 3964 761 4017 Erasm.
780 3964 886 4019 Looan.
