3284 4459
536 500 1025 544 nnowmarnonrnxrmcrs
1227 487 1292 552 287

289 651 405 716 novem3
437 645 468 696 et
499 637 562 714 ipsa
589 652 695 696 novem
728 637 753 696 si
783 643 830 696 ter
860 636 1021 717 ducantur,
1055 645 1088 697 ut
1114 654 1150 697 ex
1180 636 1239 696 lato
1262 639 1293 697 in

289 722 377 784 altum
410 723 503 802 ligura
536 730 713 803 consurgat,
750 723 785 784 ad
818 724 922 802 viginti
957 732 1071 804 septem
1108 726 1292 803 perveniunt.

288 810 399 872 llorum
431 818 529 871 antem
553 810 733 872 Graecorum
761 814 892 890 quinque
921 810 1094 891 verborum,
1126 823 1294 891 quaesunt

284 894 397 978 Ἰησοῦς
420 893 560 978 Χρειστὸς
585 900 662 960 Θεοῦ
684 893 750 972 υίὸς
772 895 881 980 σωτήρ,
908 901 987 978 quod
1016 909 1061 961 est
1083 900 1186 961 Latine
1209 899 1293 961 lesus

288 987 422 1048 Christus
446 987 498 1048 Dei
522 987 600 1048 lilius
623 986 757 1068 salrator,
780 989 806 1048 si
829 991 939 1067 primas
962 987 1076 1050 litteras
1098 991 1212 1068 iungas,
1236 993 1326 1050 eritt

286 1071 388 1156 ἰχθύς,
420 1074 449 1136 id
477 1084 524 1138 est
552 1077 658 1155 piscis,
687 1078 717 1136 iu
742 1093 800 1154 quo
824 1078 944 1136 nomine
967 1079 1089 1156 mystice
1111 1077 1293 1156 intellegitur

287 1164 437 1245 Christus,
466 1183 501 1224 eo
534 1163 612 1242 quod
643 1165 675 1226 in
702 1165 791 1225 buius
819 1164 1005 1226 mortalitatis
1032 1163 1137 1244 abysso
1159 1164 1240 1226 relnt
1262 1168 1292 1226 in

287 1271 428 1331 aquarum
456 1251 657 1332 profunditate
685 1254 783 1333 rivus,
813 1251 872 1313 hoc
898 1260 945 1315 est
973 1255 1037 1313 siue
1060 1262 1198 1334 peccato,
1227 1272 1293 1314 esse

285 1342 424 1420 potuerit.

373 1428 452 1489 llaec
481 1438 579 1489 autem
603 1427 711 1508 Sibylla
740 1429 801 1490 sire
824 1427 986 1510 Erythraea
1014 1431 1089 1510 sire,
1117 1437 1151 1490 ut
1173 1429 1291 1509 quidam
1313 1441 1345 1490 10

287 1519 379 1597 magis
407 1517 549 1595 credunt,
580 1514 706 1577 Cumaea
735 1518 775 1576 ita
804 1515 877 1576 nihil
905 1515 994 1578 babet
1021 1519 1053 1577 in
1077 1526 1138 1578 toto
1162 1521 1291 1579 carmine

286 1624 349 1687 suo,
373 1606 459 1666 cuius
482 1607 586 1683 exigua
609 1607 664 1664 lsta
688 1604 833 1683 particula
855 1613 909 1685 est,
933 1605 1010 1684 quod
1034 1604 1216 1667 arideorum
1241 1607 1291 1667 lal-

285 1712 387 1755 sornm
417 1695 478 1753 sive
508 1693 653 1753 laetorum
689 1691 801 1753 cultum
838 1696 996 1771 pertineat,
1031 1696 1102 1772 quin
1133 1697 1221 1755 immo
1251 1698 1291 1756 ita

286 1785 374 1844 etiam
403 1789 504 1842 contra
533 1798 585 1841 eos
612 1790 642 1841 et
672 1788 774 1841 contra
798 1781 928 1841 cultores
952 1799 1056 1842 eorum
1080 1782 1226 1864 loquitur,
1259 1793 1292 1845 ut

284 1874 315 1932 in
343 1887 447 1931 eornm
475 1886 600 1929 numero
628 1867 794 1948 deputanda
821 1868 967 1950 videatur,
997 1872 1049 1949 qui
1075 1873 1226 1950 pertinent
1255 1871 1344 1932 ad15

285 1961 432 2020 civitatem
462 1957 523 2018 Dei.
568 1956 677 2018 luserit
704 1959 792 2018 etiam
814 1955 985 2018 Lactantius
1012 1961 1096 2037 operi
1125 1977 1180 2020 suo
1204 1978 1290 2038 quae-

284 2048 350 2107 dam
383 2047 419 2108 de
444 2044 560 2106 Christo
584 2047 719 2106 vaticinia
743 2043 884 2126 Sibyllae,
910 2049 1043 2125 quamvis
1066 2065 1124 2108 non
1148 2051 1291 2127 exprimat

284 2138 379 2197 cuius.
426 2133 484 2195 Sed
512 2151 587 2212 qnae
615 2135 679 2212 ipse
707 2132 876 2212 singillatim
904 2136 1016 2215 posuit,
1046 2152 1101 2214 ego
1131 2135 1291 2198 arbitratus

285 2243 351 2286 sum
372 2225 529 2283 coniuncta
547 2239 614 2282 esse
633 2221 776 2302 ponenda,
800 2231 949 2300 tamquam
967 2239 1060 2284 unum
1079 2225 1118 2284 sit
1135 2223 1291 2305 prolixum,

283 2330 359 2393 qnae
382 2310 431 2371 ille
461 2309 546 2389 plura
573 2311 812 2371 commemoravit
841 2318 871 2370 et
892 2308 1000 2370 brevia.
1045 2309 1096 2391 „ln
1119 2329 1224 2372 manus
1247 2316 1289 2374 in·
1310 2323 1343 2372 rto

283 2404 379 2481 iquas,
401 2401 506 2478 inquit,
530 2397 691 2458 infidelium
714 2405 817 2476 postea
840 2399 952 2478 veniet3
975 2398 1086 2459 dabunt
1109 2409 1207 2460 antem
1229 2399 1290 2461 lleo

283 2489 381 2568 alapas
404 2485 540 2548 manibus
563 2487 685 2546 incestis
709 2487 898 2565 etinpurato
922 2504 974 2546 ore
998 2496 1144 2565 exspuent
1166 2505 1290 2550 recena·

282 2587 330 2640 tos
362 2584 482 2655 sputus3
514 2572 594 2635 dabit
627 2592 696 2635 vero
728 2573 764 2635 ad
796 2571 921 2634 verbera
953 2574 1126 2654 simpliciter
1156 2586 1290 2638 sanctum

283 2666 415 2726 dorsum.
461 2661 499 2724 iu
521 2661 659 2741 colaphos
683 2665 831 2742 accipiens
854 2661 971 2744 tacebit,
994 2681 1030 2723 ne
1054 2666 1121 2742 quis
1144 2673 1291 2746 agnoscat,

283 2753 363 2832 quod
393 2751 515 2812 verbum
543 2750 588 2811 vel
616 2751 693 2811 unde
723 2753 813 2830 venit,
842 2761 876 2811 ut
903 2751 1005 2812 inieris
1028 2751 1166 2830 loquatur
1188 2764 1220 2814 et
1242 2771 1289 2814 co·
1310 2764 1343 2812 nt

282 2859 356 2902 rona
379 2843 481 2920 spinea
504 2847 672 2900 coronetur.
717 2839 759 2898 Aa
788 2837 887 2900 cibum
916 2849 1014 2900 antem
1038 2840 1076 2900 iel
1099 2850 1130 2901 et
1152 2840 1188 2901 ad
1211 2845 1289 2903 sitim

283 2939 400 2991 acetum
428 2927 587 3007 dederuut3
615 2926 852 3007 inhospitalitatis
883 2927 958 2988 banc
980 2928 1188 2991 monstrabunt
1209 2948 1289 2991 men-

282 3036 355 3079 sam.
400 3016 466 3096 Ipsa
496 3018 576 3076 enim
606 3016 749 3095 insipieus
779 3023 863 3076 tuum
898 3015 990 3076 Deum
1021 3034 1079 3077 non
1112 3018 1291 3099 intellexisti,

280 3101 432 3162 ludentem
451 3101 618 3164 mortalium
637 3105 795 3182 mentibus,
814 3105 868 3166 sed
885 3103 958 3186 <et>
973 3109 1068 3186 spinis
1087 3113 1235 3171 coronasti
1253 3121 1283 3172 et

282 3192 438 3254 horridum
462 3192 501 3254 lel
524 3194 676 3254 miscuisti.
721 3192 837 3273 Templi
860 3213 929 3254 vero
952 3193 1048 3255 velum
1071 3196 1236 3279 scindetor3
1259 3206 1289 3258 et
1308 3209 1343 3258 to

283 3282 382 3342 merlin
410 3280 457 3341 die
486 3299 544 3342 nox
574 3283 631 3342 erit
654 3281 811 3342 tenebrosa
835 3285 922 3342 nimis
945 3286 974 3342 in
998 3283 1094 3345 tribus
1117 3285 1206 3347 horis.
1251 3285 1289 3346 Et

281 3379 379 3432 morte
409 3371 552 3430 morietur
581 3367 677 3430 tribus
708 3368 812 3430 diebus
842 3389 945 3433 sonruo
974 3382 1126 3452 suscepto;
1158 3383 1188 3434 et
1218 3383 1288 3434 tunc

280 3457 318 3518 ab
341 3459 446 3518 inieris
473 3475 627 3536 regressus
655 3457 689 3517 ad
719 3458 815 3519 lucem
838 3461 936 3520 verriet
958 3462 1072 3540 primus
1094 3464 1287 3522 resurrectio·

352 3569 396 3638 lt)
413 3567 504 3622 instit.
524 3571 549 3633 t,
565 3572 597 3620 18
605 3583 645 3636 sq.

352 3701 417 3826 alpi
434 3701 504 3770 sept.
524 3699 637 3754 RAFu
658 3700 667 3767 ΙΙ
688 3704 722 3752 20
740 3697 853 3766 iniquas
871 3713 921 3752 om.
940 3715 994 3753 mor
1011 3701 1021 3767 lt
1039 3704 1073 3752 29
1092 3700 1141 3754 sed
1160 3703 1189 3754 et
1203 3717 1238 3769 p3
1260 3706 1289 3756 et

279 3788 331 3828 om.
350 3789 379 3826 re
402 3814 407 3826 .
426 3789 443 3826 o
