3284 4459
344 524 388 587 34
746 533 767 576 s
781 532 946 575 suonsnnrr

345 670 464 750 sufficit,
486 668 594 729 deficit
640 667 714 728 lllud
738 669 837 745 itaque
861 666 979 746 malum,
1001 684 1070 746 quo,
1093 686 1161 728 cunr
1184 668 1241 729 sibl
1263 669 1355 731 lromo

344 758 449 839 placet,
474 766 621 835 mmqnam
641 758 678 816 sit
697 758 809 834 etipse
828 756 937 834 lumen,
960 758 1105 815 avertitur
1122 756 1159 815 ab
1178 758 1354 840 solamine,

345 844 423 924 quod
443 847 470 905 ei
489 848 514 905 si
532 844 645 923 placcat
659 853 689 903 et
702 846 765 922 ipse
780 843 812 903 iit
826 841 926 903 lumen
942 874 981 885 —
997 842 1078 923 illud,
1092 846 1224 926 inquam,
1244 846 1354 907 malum

344 935 508 1013 praecessit
529 935 561 992 in
584 931 692 1012 abdito,
716 940 749 992 ut
772 940 950 1009 sequeretur
972 931 1028 990 lroc
1050 932 1161 993 malum
1183 933 1262 1011 qnod
1285 952 1354 1013 per-

309 1030 493 1101 opetratum
516 1026 563 1081 est
589 1022 620 1080 in
649 1028 759 1098 aperto.
804 1018 913 1079 Verum
936 1028 983 1079 est
1004 1021 1083 1079 enim
1106 1020 1185 1098 quod
1208 1024 1355 1100 scriptum

344 1118 403 1171 est:
425 1112 504 1170 Ante
521 1111 644 1169 ruinam
662 1111 820 1168 exaltatur
837 1125 893 1168 cor
915 1114 946 1167 et
967 1114 1039 1167 unm
1058 1111 1190 1182 ptoriom
1212 1111 1355 1171 humilio·

344 1206 404 1259 tur.
450 1197 501 1258 llla
527 1214 652 1276 prorsus
681 1197 781 1275 ruina,
813 1212 889 1273 quae
916 1195 949 1254 lit
975 1198 1006 1255 in
1038 1196 1169 1278 occulto,
1200 1199 1353 1276 praecedit

344 1288 472 1366 ruinam,
505 1302 580 1364 quae
607 1284 641 1345 lit
667 1286 698 1344 in
729 1284 898 1362 manifesto,
930 1283 999 1343 dum
1023 1283 1071 1343 illa
1093 1287 1180 1345 ruina
1203 1304 1269 1345 esse
1292 1304 1354 1347 non

344 1383 474 1453 putatur.
521 1373 594 1444 Quis
617 1375 696 1432 euim
719 1370 925 1433 exaltationem
949 1374 1065 1431 ruinam
1087 1381 1180 1453 putat,
1203 1391 1270 1434 cum
1294 1376 1354 1435 iam

293 1476 327 1526 10
345 1461 386 1522 ibi
409 1464 448 1523 sit
474 1462 623 1539 delectus,
650 1478 709 1539 quo
738 1468 784 1519 est
805 1459 930 1519 relictus
951 1457 1117 1521 Excelsus?
1152 1461 1226 1531 Quis
1253 1472 1353 1522 autem

344 1552 459 1611 ruinam
480 1566 622 1610 essenon
646 1547 751 1627 videat,
775 1548 891 1625 quando
914 1548 948 1607 iit
969 1549 1097 1608 mandati
1120 1549 1240 1609 evidens
1265 1559 1353 1628 atque

344 1637 508 1699 indubitata
526 1633 746 1715 transgressio?
773 1635 900 1714 Propter
923 1635 978 1694 hoc
997 1635 1075 1695 lleus
1098 1635 1169 1696 illud
1192 1638 1355 1719 prohibuit,

344 1726 423 1805 quod
447 1744 514 1786 curn
538 1733 618 1787 esset
640 1723 813 1804 admissum,
842 1724 921 1784 nulla
948 1723 1066 1783 delendi
1088 1734 1190 1803 posset
1212 1727 1353 1805 imagina-

344 1818 424 1875 tione
451 1815 590 1874 institlae.
635 1811 673 1871 Et
699 1812 793 1872 audeo
820 1811 921 1872 dicere
949 1811 1087 1890 superbis
1114 1830 1180 1873 esse
1210 1814 1281 1873 utile
1305 1832 1353 1874 ca·

294 1916 325 1964 15
344 1901 414 1963 dere
441 1904 472 1962 in
502 1900 619 1979 aliquod
649 1908 784 1978 apertum
809 1901 1056 1979 manifestumque
1078 1910 1249 1982 peecatum,
1273 1902 1353 1962 unde

345 1990 401 2051 sihi
424 1989 610 2070 displiceant,
638 1990 690 2066 qni
715 1990 773 2047 iam
802 1987 857 2048 sibi
880 1987 1023 2066 placendo
1045 1990 1222 2050 occiderant.
1269 1990 1354 2050 Salu-

344 2078 427 2138 brins
446 2080 525 2138 eninr
543 2077 651 2137 Petrus
670 2074 726 2135 sihi
749 2075 909 2155 displicuit,
931 2076 1049 2155 quando
1071 2077 1160 2158 derit,
1183 2096 1271 2156 quam
1295 2078 1354 2139 sibi

344 2166 462 2247 placuit,
484 2164 601 2243 quando
621 2166 828 2243 praesumpsit.
866 2164 928 2223 lloe
950 2164 1022 2224 dicit
1045 2173 1075 2225 et
1097 2182 1182 2225 sacer
1203 2166 1354 2245 psalmus:

345 2256 440 2331 Imple
458 2253 559 2329 socies
582 2269 686 2313 eorum
709 2255 885 2327 indominica,
908 2260 938 2313 et
958 2260 1108 2327 quament
1129 2271 1236 2315 nomen
1260 2263 1354 2336 tuum,

290 2356 326 2405 20
345 2344 486 2418 Domine,
518 2341 548 2402 id
580 2351 640 2419 est,
671 2347 705 2400 ut
732 2348 763 2399 tu
792 2344 836 2400 cis
862 2341 978 2419 placeas
1008 2341 1220 2418 quaerentibus
1243 2360 1353 2403 nomen

345 2439 438 2512 turim,
462 2431 513 2508 qui
536 2428 592 2489 sibi
614 2428 787 2508 placuerant
810 2429 980 2507 quaerendo
1004 2447 1100 2489 sunm.

734 2650 851 2717 Carus
874 2651 961 2717 XIV.

345 2784 391 2844 De
408 2784 552 2859 superbio
572 2782 817 2927 tremoressorgs,
840 2797 920 2854 quae
941 2785 1008 2857 ipso
1024 2780 1087 2856 fuit
1109 2786 1357 2857 compressione

797 2871 919 2928 eterior.

293 3006 327 3054 25
436 2992 494 3053 Sed
518 3001 563 3052 est
586 2994 670 3071 peior
688 2989 940 3069 damnabiliorque
964 2989 1111 3073 superbia,
1134 3010 1190 3070 qua
1210 2994 1297 3052 etiam
1321 2996 1354 3053 in

344 3082 473 3161 peccatis
491 3080 654 3141 manifestis
673 3080 834 3156 suffugiunt
857 3082 1055 3138 exerrsationis
1077 3081 1251 3163 inquiritur5
1274 3084 1354 3142 sicut

344 3168 387 3230 illi
408 3170 497 3249 primi
520 3169 663 3247 homines,
687 3184 814 3246 qnorum
838 3176 869 3226 et
890 3166 938 3225 illa
962 3166 1047 3227 dixit:
1076 3168 1208 3245 Serpens
1229 3171 1357 3230 seduxit

345 3275 398 3333 me,
431 3264 461 3319 et
488 3259 684 3328 manducavi,
717 3264 747 3315 et
773 3254 823 3315 ille
851 3254 938 3317 dixit:
970 3254 1096 3330 Mulier,
1128 3274 1219 3331 quom
1243 3259 1359 3317 dedisti

344 3362 472 3421 meeum,
499 3346 577 3406 hoec
604 3345 679 3404 milri
701 3345 784 3404 dedit
806 3360 826 3403 o
849 3346 945 3417 liquo,
974 3349 1004 3403 et
1025 3346 1083 3405 edi.
1129 3343 1281 3422 Nusquam
1303 3344 1354 3404 hie

415 3464 440 3531 r)
459 3462 771 3531 Prov.1a,1a(1s‚1s).
811 3463 854 3531 ιε)
873 3461 923 3515 Mt.
939 3466 1039 3529 aa‚aa;
1055 3466 1096 3515 ro.
1134 3463 1178 3530 ao)
1197 3460 1241 3514 Pa.
1257 3464 1299 3528 aa,
1311 3466 1354 3515 tr.

417 3592 431 3639 1
450 3584 555 3640 defecit
572 3568 645 3639 ΕΜι
663 3586 672 3655 ΙΙ
691 3588 724 3639 16
744 3583 904 3638 ceciderunt
922 3584 1016 3655 Fabi
1034 3589 1067 3637 19
1087 3584 1126 3655 et]
1144 3585 1178 3637 nt
1190 3583 1233 3639 A’
1245 3585 1255 3653 ΙΙ
1268 3599 1357 3651 quae-

343 3657 408 3710 rant
417 3656 491 3723 m
506 3659 600 3727 queie
613 3656 623 3725 ll
636 3660 670 3708 20
683 3655 795 3709 nteitn
811 3654 874 3709 V¹t
888 3656 897 3724 ΙΙ
910 3660 944 3708 tt
958 3654 1126 3725 placuerunt
1139 3672 1178 3710 ao
1191 3657 1201 3723 ΙΙ
1215 3660 1248 3708 ts
1262 3656 1354 3708 mans-

344 3726 477 3797 gressoris
494 3729 660 3795 V(32,1o);
677 3724 907 3793 mansgressionis
914 3744 977 3795 pqo
989 3728 1000 3795 l
1013 3731 1047 3780 29
1061 3742 1171 3779 mecum
1184 3724 1357 3793 VGbelp¹o

346 3802 403 3865 (30,
417 3802 481 3867 25);
499 3797 571 3851 mihi
590 3794 712 3865 AFop¹
