3284 4459
544 562 584 602 nn
598 563 743 603 urvmnrn
755 563 809 604 nnr
823 564 1054 606 unverein
1262 548 1307 612 35

296 704 382 755 sonat
405 697 509 774 petitio
533 697 644 776 veniae,
667 713 813 776 nusquam
836 696 993 776 inploratio
1016 694 1187 757 medicinae.
1232 695 1306 756 Nam

295 782 366 843 licet
388 785 439 845 isti
458 800 517 843 non
542 786 620 844 sicut
636 782 708 844 *Cain
733 785 811 863 quod
835 786 1047 845 commiserunt
1069 794 1187 865 negent,
1210 784 1306 845 adhuc

295 880 396 932 tamen
424 870 564 950 superbla
592 874 623 931 in
652 871 731 932 aliud
760 875 877 951 quaerit
901 873 1016 933 relerre
1046 873 1127 951 qnod
1149 890 1305 952 perperam

295 960 377 1020 lecit:
417 958 555 1038 superbla
585 960 719 1021 mulieris
745 962 777 1021 in
804 969 990 1041 serpentem,
1021 960 1160 1040 superbia
1190 962 1245 1021 viri
1273 963 1304 1021 in

296 1046 462 1108 mulierem.
508 1046 733 1109 Sedeccusatio
751 1051 850 1127 potiris
872 1066 962 1128 mam
984 1053 1136 1111 excusatio
1158 1067 1227 1109 vera
1250 1057 1305 1129 est,
1323 1062 1340 1110 o

297 1134 350 1195 ubi
377 1135 507 1195 mandati
534 1134 625 1195 divini
653 1144 699 1197 est
725 1144 827 1216 aperta
844 1139 1054 1216 transgressio.
1099 1137 1202 1216 Neque
1226 1140 1305 1197 enim

298 1222 354 1283 hoc
376 1232 534 1303 propterea
553 1240 612 1283 non
636 1224 781 1305 lecerunt,
804 1228 873 1304 qnia
896 1224 925 1285 id
948 1225 1055 1285 mulier
1078 1234 1216 1304 serpente
1239 1242 1304 1285 sua·

297 1310 399 1391 dente,
427 1314 472 1371 vir
494 1310 624 1372 ¹muliere
647 1314 827 1391 inpertiente
850 1315 1010 1393 commisit,
1040 1316 1124 1391 quasi
1146 1315 1304 1392 quicquam

296 1397 367 1479 lieo,
390 1401 439 1459 cul
464 1398 510 1459 vel
538 1396 712 1461 crederetur
731 1401 777 1461 vel
794 1401 961 1482 cederetur,
983 1401 1222 1481 anteponendum
1241 1402 1305 1462 luit

601 1614 603 1621 ¹
694 1640 812 1711 Cunus
835 1642 906 1708 XV.
1324 1662 1357 1710 1o

318 1769 365 1829 De
388 1772 503 1829 institia
526 1772 743 1845 retributionis,
766 1788 857 1845 quam
875 1767 971 1847 primi
991 1756 1125 1832 nomines
1144 1789 1203 1848 pro
1224 1789 1282 1831 sua

584 1860 806 1920 inoboedientia
830 1866 1019 1937 receperunt.

387 1980 460 2051 Quia
480 1998 550 2061 ergo
569 1990 758 2061 contemptus
777 1990 824 2043 est
840 1981 920 2043 neus
938 1981 1053 2064 iubens,
1076 1983 1128 2062 qui
1145 1992 1305 2063 creaverat,

297 2071 349 2149 qui
382 2065 417 2129 ad
447 2087 531 2129 suam
565 2072 723 2149 imaginem
753 2071 878 2151 lecerat,
911 2073 963 2149 qui
992 2072 1101 2131 ceteris
1130 2070 1304 2131 animalibus

297 2166 528 2237 praeposuerat,
560 2160 611 2237 qui
642 2160 674 2218 in
705 2158 841 2238 paradiso
873 2161 1084 2238 constituerat,
1119 2161 1171 2237 qui
1202 2171 1357 2219 rerum15

296 2248 429 2305 omnium
448 2247 562 2324 copiam
582 2246 743 2325 salutisque
766 2247 964 2327 praestiterat,
986 2249 1038 2325 qui
1060 2248 1226 2326 praeceptis
1247 2265 1304 2309 nec

296 2332 432 2413 pluribus
464 2351 519 2393 nec
551 2332 712 2413 grandibus
744 2352 799 2394 nec
832 2327 1002 2396 difficilibus
1034 2343 1219 2408 oneraverat,
1252 2334 1303 2394 sed

296 2440 357 2481 uno
380 2420 554 2483 brevissimo
578 2431 665 2501 atque
694 2422 842 2483 levissimo
865 2422 901 2483 ad
925 2422 1127 2483 oboedientiae
1150 2422 1304 2483 salubrita-

296 2518 358 2569 tem
376 2509 644 2591 adminiculaverat,
667 2529 726 2588 quo
745 2528 809 2570 eam
828 2518 1003 2591 creaturam,
1026 2512 1075 2570 cui
1097 2509 1189 2571 libera
1213 2513 1303 2571 servi·

295 2606 346 2659 tus
370 2598 534 2679 expediret,
566 2616 598 2657 se
627 2616 692 2658 esse
716 2598 873 2658 [lominum
901 2597 1118 2659 commonebat:
1147 2600 1224 2659 insta
1254 2598 1303 2658 da·
1322 2612 1357 2661 20

296 2688 407 2745 mnatio
439 2684 598 2747 subsecuta
630 2695 689 2766 est,
718 2686 844 2765 talisque
868 2687 1029 2767 damnatio,
1061 2694 1096 2747 ut
1117 2685 1220 2767 homo,
1253 2690 1304 2766 qui

297 2773 490 2834 custodiendo
519 2773 688 2834 mandatnm
715 2775 835 2836 iuturus
863 2775 960 2835 iuerat
987 2777 1075 2835 etiam
1105 2791 1194 2835 carne
1217 2777 1302 2853 spiri·

296 2861 379 2942 talis,
410 2862 496 2921 lieret
523 2865 612 2923 etiam
641 2870 740 2923 mente
772 2862 898 2923 carnalis
931 2871 976 2942 et,
1008 2864 1059 2941 qui
1089 2880 1142 2923 sna
1163 2862 1303 2942 snperbia

296 2949 354 3009 sibi
377 2948 540 3030 placuerat,
570 2948 623 3009 net
645 2951 757 3010 iustitia
780 2950 838 3011 sibi
860 2951 1035 3031 donaretur3
1057 2967 1113 3011 nec
1136 2952 1192 3029 sic,
1215 2952 1303 3011 utin

296 3056 350 3097 sua
374 3046 454 3098 esset
472 3038 647 3098 omnimodis
666 3046 821 3119 potestate,
844 3039 898 3099 sed
921 3057 938 3098 a
961 3056 993 3099 se
1015 3040 1079 3117 ipse
1103 3055 1221 3116 qnoque
1244 3038 1301 3099 dis·
1320 3053 1355 3100 25

296 3118 429 3186 sentiens
459 3124 513 3185 sub
543 3125 608 3207 illo,
641 3128 690 3186 cui
712 3126 862 3205 peccando
885 3129 1050 3200 consensit,
1079 3143 1135 3205 pro
1157 3125 1303 3207 libertate,

296 3231 384 3292 quem
416 3215 597 3294 concupivit,
630 3213 733 3274 duram
761 3217 959 3294 miseramque
993 3222 1093 3293 ageret
1120 3216 1302 3296 servitutem,

295 3309 433 3362 mortuus
457 3303 563 3379 spiritu
591 3301 692 3361 volens
715 3311 746 3363 et
768 3319 893 3381 corpore
917 3304 1080 3363 moriturus
1102 3302 1225 3383 invitus,
1251 3302 1301 3362 de·

295 3396 393 3449 sertor
423 3396 559 3449 aeternae
588 3390 663 3450 ritae
687 3391 775 3449 etiam
799 3398 933 3470 aeterua,
960 3391 1016 3450 nisi
1039 3390 1132 3467 gratia
1153 3388 1302 3469 liberaret,

295 3485 392 3537 morte
419 3476 583 3538 damnatus.
629 3477 770 3556 Quisquis
799 3478 889 3539 huius
915 3477 993 3539 modi
1017 3476 1233 3537 damnationem
1256 3477 1302 3538 vel
1320 3491 1354 3539 30

364 3609 392 3677 4)
411 3606 478 3661 Gen.
498 3612 623 3675 3,12sq.

365 3753 382 3801 3
397 3748 467 3801 elios
479 3748 518 3815 63
533 3748 663 3803 eliumec
677 3750 687 3818 ll
700 3754 716 3802 9
730 3748 963 3818 fuilntssproeter
974 3749 1013 3805 θ’
1023 3752 1069 3818 (cf.
1081 3751 1198 3804 i.3e.21
1208 3753 1303 3818 extr).;

292 3819 380 3875 fuerit
400 3810 538 3889 G¹ul129
556 3818 658 3874 liberet
678 3818 811 3887 rude
828 3822 863 3888 es.
881 3824 926 3886 44,
939 3822 1022 3887 21sq.

975 3907 1088 3960 ,3⁸
