3284 4459
356 505 399 569 66
745 518 946 562 supersum

357 655 596 733 peregrinatione
614 652 794 716 virentibus:
815 654 855 714 In
877 656 971 715 uicem
993 669 1090 716 onera
1112 660 1214 714 vestra
1234 660 1367 729 portate,

358 748 389 804 et
409 745 455 804 sic
472 743 673 818 adimpiebitis
689 745 784 817 leuem
806 743 935 814 Curasti·
955 743 1028 802 item
1052 740 1121 802 aiibi
1144 741 1266 803 dieitur:
1292 741 1365 803 Cor·

357 832 450 907 rapite
472 832 631 911 ueniens,
655 833 854 891 consolamini
870 832 1087 906 pusillanimes,
1109 833 1256 906 suscipite
1278 832 1362 903 infir-

357 935 434 994 mos,
461 921 611 995 patientes
642 925 735 980 estote
761 921 804 980 ad
833 936 952 989 omues;
983 919 1082 979 videte
1103 936 1142 979 ne
1164 921 1232 993 quis
1253 922 1366 978 mulum

318 1008 771 1082 tpromaioaiieuireddu15
793 1009 864 1067 item
884 1006 941 1066 alio
963 1005 1042 1067 loeo:
1065 1006 1101 1066 Si
1118 1015 1367 1083 praeoccupatus

355 1093 455 1169 fuerit
484 1096 571 1156 domo
600 1097 632 1156 in
659 1097 761 1171 aliquo
789 1098 914 1169 delicto,
942 1111 1005 1176 uos,
1034 1097 1089 1170 qui
1108 1097 1263 1171 spiritales
1284 1098 1366 1170 estis,

359 1185 500 1244 instruite
521 1184 612 1243 nnius
633 1185 716 1244 modi
737 1187 769 1246 ia
790 1187 901 1260 spiritu
923 1185 1178 1257 mansuetudinis,
1207 1185 1367 1244 intendens

359 1278 389 1332 te
416 1273 525 1346 ipsum,
552 1289 591 1332 ne
617 1278 647 1332 ei
673 1278 706 1332 tu
734 1274 904 1348 tempteris,·
927 1279 958 1331 et
979 1270 1061 1332 alibi:
1085 1271 1139 1332 Sui
1157 1287 1220 1333 non
1242 1273 1368 1332 occidat

357 1376 451 1436 super
469 1361 663 1420 iracundiam
681 1367 829 1431 uestrum
851 1360 929 1419 etin
953 1358 1117 1438 evangelio:
1139 1361 1176 1420 Si
1188 1363 1368 1436 peccaverit

307 1462 341 1512 10
359 1450 392 1507 in
418 1455 448 1508 te
471 1445 574 1521 frater
601 1456 684 1521 tuus,
710 1451 834 1524 corripe
861 1464 929 1508 eam
951 1449 1032 1508 inter
1054 1455 1083 1510 ie
1106 1455 1136 1509 et
1157 1451 1271 1524 ipsam
1293 1449 1367 1510 item

359 1533 396 1595 de
418 1537 556 1616 peccatis,
579 1537 610 1596 in
634 1533 742 1613 quibus
765 1535 926 1596 multorum
949 1544 1070 1596 cavetur
1093 1537 1225 1618 offensio,
1249 1545 1366 1615 aposto·

358 1622 406 1683 lus
429 1622 512 1685 dicit:
541 1624 708 1686 Peccantes
731 1640 836 1686 eorum
858 1625 995 1686 omnibus
1017 1641 1128 1699 arque,
1154 1631 1190 1686 ut
1208 1627 1309 1686 ·ceteri
1328 1628 1366 1684 12·-

359 1728 472 1774 morem
489 1713 630 1773 habeant.
674 1710 801 1790 Propter
819 1710 876 1772 hoe
894 1720 925 1773 et
942 1711 980 1772 de
998 1715 1082 1773 venia
1100 1715 1130 1773 in
1154 1715 1248 1774 vicem
1271 1711 1368 1773 danda

359 1799 452 1860 multa
474 1801 697 1879 praecipiuntur
715 1807 747 1861 et
768 1817 873 1878 magna
896 1817 968 1860 eura
990 1808 1113 1880 propter
1136 1800 1293 1862 tenendam
1315 1819 1367 1880 pa·

307 1903 341 1952 15
360 1905 434 1969 cem,
456 1891 520 1948 sine
543 1906 601 1966 qua
623 1906 710 1950 nemo
733 1891 844 1967 poterit
865 1888 965 1949 videre
983 1887 1090 1968 Deum3
1113 1889 1165 1950 ubi
1186 1889 1235 1950 ille
1258 1898 1368 1969 terror,

361 1975 477 2055 quando
499 1975 620 2038 iubetur
647 1995 751 2039 servus
777 1976 880 2038 decem
903 1976 1017 2038 milium
1039 1977 1218 2039 talentorum
1239 1977 1367 2038 reddere

360 2064 471 2145 debita,
495 2083 570 2142 quae
593 2066 636 2127 illi
657 2067 776 2127 inerant
797 2065 937 2140 relaxata,
961 2067 1099 2144 quoniam
1122 2066 1254 2128 debitum
1277 2065 1367 2126 dena·

360 2156 473 2213 riorum
496 2163 616 2216 eentum
639 2172 782 2215 conseruo
805 2172 861 2214 suo
885 2171 944 2215 non
966 2153 1119 2234 relaxavit3
1149 2173 1207 2236 qua
1229 2154 1368 2218 similitu·

360 2240 428 2304 dine
455 2244 606 2322 proposita
633 2242 775 2304 Dominus
807 2241 891 2302 Iesus
922 2242 1030 2302 adiecit
1055 2254 1144 2321 atque
1172 2246 1226 2306 ait:
1257 2245 1310 2306 Sic
1337 2251 1369 2306 et

306 2344 342 2394 20
361 2332 443 2413 vodis
471 2330 570 2406 furiet
601 2332 696 2393 Pater
727 2338 826 2392 vester
857 2333 1010 2405 caelatus,
1040 2334 1069 2391 si
1097 2350 1158 2397 non
1191 2334 1368 2395 dimiseritis

360 2422 565 2495 unusquisqne
588 2420 688 2498 fratri
713 2436 769 2481 suo
796 2421 834 2480 de
860 2420 1006 2480 cordibus
1032 2423 1147 2480 vestris.
1191 2419 1255 2480 Hoc
1277 2421 1367 2482 modo

361 2516 503 2567 curantur
526 2511 605 2570 cives
627 2509 752 2571 civitatis
774 2506 829 2567 Dei
857 2509 888 2567 in
910 2506 966 2566 hae
988 2514 1068 2568 terra
1089 2510 1313 2587 peregrinantes
1336 2519 1371 2570 et
1470 2558 1471 2593 3

360 2597 426 2674 paci
444 2613 590 2674 supernae
608 2597 719 2676 patriae
739 2597 930 2674 suspirantes.
976 2594 1106 2674 Spiritus
1123 2604 1223 2657 antem
1245 2605 1371 2658 sanctus

361 2691 501 2762 operatur
523 2687 717 2764 intrinsecus,
740 2691 773 2743 ut
796 2683 888 2744 valeat
910 2682 1020 2761 aliquid
1042 2684 1195 2759 medicina,
1218 2702 1293 2763 quae
1316 2686 1368 2746 ad·

308 2787 342 2835 25
361 2771 480 2832 hibetur
511 2775 704 2834 extrinsecus.
756 2771 893 2850 Aliequin
925 2773 1040 2832 etiamsi
1071 2771 1151 2833 lieus
1181 2775 1245 2851 ipse
1277 2782 1369 2835 utens

362 2869 496 2922 ereatura
520 2861 576 2921 sibi
599 2860 715 2921 subdita
742 2862 773 2922 in
796 2859 894 2939 aliqua
916 2861 1016 2938 specie
1038 2860 1164 2921 humana
1188 2879 1294 2922 sensus
1316 2863 1368 2923 ad·

361 2948 498 3027 loquatur
516 2949 669 3030 humanos,
692 2950 753 3010 sive
771 2950 845 3008 istos
864 2949 998 3026 corperis
1021 2950 1082 3008 siue
1105 2949 1180 3030 illos,
1202 2967 1278 3028 quos
1300 2952 1373 3011 istis

361 3035 524 3098 simillimos
551 3036 693 3098 habemus
719 3038 751 3096 in
773 3038 908 3117 somnis‚-
925 3054 981 3096 nec
1003 3038 1144 3098 interiore
1168 3039 1260 3116 gratia
1284 3056 1370 3103 men·

360 3133 422 3185 teni
444 3134 527 3205 regat
549 3134 637 3205 atque
660 3133 740 3207 agat,
763 3123 836 3184 nihil
856 3123 979 3204 prodest
999 3124 1112 3185 homini
1134 3127 1230 3186 omnis
1251 3127 1371 3205 praedi-

308 3229 342 3279 30
361 3215 437 3274 catio
452 3217 590 3275 veritatis
627 3211 709 3273 Facit
727 3220 826 3273 autem
844 3212 900 3272 hoc
914 3211 993 3272 Bous
1012 3230 1028 3271 a
1046 3215 1123 3272 vasis
1145 3214 1369 3276 misericordiae

431 3352 458 3416 2)
477 3348 537 3404 Gal.
553 3355 577 3414 6,
596 3353 620 3404 2.
659 3350 685 3417 ὅ)
700 3353 723 3403 1.
739 3347 835 3402 Thess.
850 3352 875 3414 5,
893 3352 925 3400 14
938 3363 979 3415 sq.
1016 3350 1043 3412 8)
1063 3345 1123 3401 Gal.
1143 3353 1168 3412 6,
1189 3355 1211 3402 1.
1248 3349 1398 3418 aspa..

360 3427 386 3488 1,
405 3426 447 3476 as.
486 3421 529 3486 10)
548 3419 597 3475 Mt
619 3423 664 3488 18,
688 3423 730 3475 11.
769 3420 812 3487 13)
833 3423 856 3474 1.
875 3417 947 3473 Tim.
967 3423 996 3484 s,
1016 3422 1058 3473 20.
1096 3417 1373 3487 11)Hebr.12,11.

361 3493 406 3559 21)
425 3490 477 3545 Mt.
497 3493 539 3556 18,
557 3493 600 3546 st.

429 3636 463 3685 10
482 3631 575 3700 ipsum
591 3631 811 3701 Vnuwna
831 3632 883 3702 ips.
899 3632 989 3686 solum
1005 3632 1133 3703 G¹apvu
1148 3635 1228 3688 1211
1245 3636 1375 3690 VRAF

358 3701 453 3771 ube²p
469 3703 569 3774 srapm.
588 3703 678 3769 Fris.;
701 3705 730 3758 et
747 3704 787 3770 e¹;
812 3707 846 3756 ut
863 3705 893 3757 et
909 3705 996 3773 vult
1015 3707 1104 3758 terror
1123 3705 1300 3772 raanan
1325 3709 1379 3760 est

358 3776 447 3828 terror
465 3775 517 3844 bp;
535 3776 625 3828 terror
643 3776 720 3829 esta
