3284 4459
755 511 776 554 S.
790 512 955 556 inensam

758 713 877 780 Canon
897 715 952 779 IX.

373 844 420 903 An
445 841 621 918 inferiorem
641 851 760 921 portem
783 850 896 916 terroe,
918 860 997 918 quoe
1019 850 1142 904 nostroe
1164 845 1350 904 habitationi

442 935 603 994 contrario
626 938 678 1005 est,
701 933 862 1008 antipodas
885 932 1000 993 habere
1022 934 1207 992 credendum
1229 936 1276 992 stt.

445 1053 529 1125 Quod
558 1071 628 1115 vero
659 1063 689 1116 et
712 1053 866 1133 antipodas
889 1072 955 1114 esse
978 1054 1160 1136 fabulantur,
1187 1056 1218 1116 id
1242 1065 1287 1116 est
1309 1055 1363 1116 ho-

321 1155 338 1204 5
358 1145 452 1218 mines
471 1162 487 1202 a
506 1145 653 1205 contraria
673 1152 755 1222 parte
777 1152 884 1223 terrae,
906 1142 957 1203 ubi
981 1142 1024 1203 sol
1047 1145 1152 1224 oritur,
1173 1144 1291 1223 quando
1314 1161 1364 1204 oc-

358 1231 429 1292 cidit
447 1230 542 1311 nobis,
565 1231 686 1291 adversa
705 1229 830 1310 pedibus
853 1233 963 1291 nostris
986 1231 1099 1291 calcare
1123 1234 1259 1311 vestigia:
1283 1232 1364 1294 nulla

357 1323 470 1396 ratione
499 1319 679 1380 credendum
709 1327 762 1379 est.
808 1318 910 1397 Neque
940 1319 996 1379 hcc
1019 1319 1078 1380 nlla
1100 1319 1239 1380 historica
1263 1323 1366 1399 cognie

357 1411 436 1469 tione
461 1407 598 1469 didicisse
627 1425 658 1468 se
691 1407 858 1487 adfirmant,
887 1407 939 1468 sed
962 1410 1046 1486 quasi
1068 1407 1269 1469 ratiocinando
1287 1427 1363 1482 ,con-

357 1499 482 1576 iactant,
513 1514 548 1557 eo
578 1495 658 1574 quod
685 1498 762 1556 intra
790 1514 920 1556 convexa
949 1495 1022 1557 caeli
1047 1504 1125 1557 terra
1148 1515 1291 1576 suspensa
1315 1499 1365 1578 sit,

305 1597 338 1645 10
358 1585 544 1663 eundemque
562 1584 661 1645 locum
680 1583 808 1644 mundus
830 1582 936 1645 habeat
954 1594 988 1647 et
1010 1585 1144 1645 intimum
1167 1593 1197 1645 et
1219 1585 1365 1665 medium3

359 1683 389 1734 et
407 1691 443 1732 ex
461 1672 518 1733 hoc
537 1674 695 1752 opinantur
714 1672 835 1732 alteram
854 1682 951 1732 terrae
970 1681 1092 1754 partem,
1116 1691 1190 1751 quae
1209 1675 1285 1736 inira
1308 1683 1365 1754 est,

358 1761 535 1823 habitatione
564 1759 715 1821 hominum
744 1778 845 1821 eamne
874 1779 932 1821 non
960 1779 1057 1840 posse.
1102 1760 1163 1822 Nec
1191 1761 1366 1845 adtendunt,

312 1921 314 1926 ¹
359 1851 473 1911 etiamsi
500 1850 592 1928 figura
620 1848 792 1927 conglobata
819 1858 849 1909 et
871 1848 999 1909 rutunda
1022 1849 1149 1910 mundus
1172 1868 1238 1910 esse
1261 1851 1363 1911 creda·

358 1947 408 2000 tur
431 1940 491 1998 sive
520 1937 615 2016 aliqua
638 1940 752 1998 ratione
776 1945 971 2018 monstretur,
1001 1956 1059 1997 non
1083 1947 1180 1998 tamen
1204 1957 1269 1999 esse
1293 1957 1364 2012 conf

305 2038 338 2086 15
358 2044 495 2105 sequens,
518 2033 551 2085 ut
569 2027 656 2086 etiam
675 2043 712 2086 ex
730 2025 776 2086 illa
796 2034 879 2104 parte
899 2024 936 2086 ab
959 2044 1100 2105 aquarum
1123 2029 1261 2105 congerie
1285 2027 1364 2088 nuda

358 2117 397 2176 sit
419 2123 513 2193 terra3
541 2112 646 2173 deinde
670 2115 785 2174 etiamsi
808 2112 886 2174 nuda
909 2116 960 2194 sit,
988 2132 1085 2192 neque
1108 2113 1164 2174 hoc
1187 2117 1288 2188 statim
1311 2134 1363 2176 ne-

358 2221 441 2264 cesse
474 2221 557 2281 esse,
590 2211 622 2263 ut
654 2201 787 2262 homines
819 2201 932 2262 habeat.
986 2201 1131 2272 Quoniam
1162 2202 1243 2264 nullo
1276 2204 1364 2277 modo

312 2352 323 2368 ,Ι
350 2293 505 2370 'scriptura
536 2292 592 2350 ista
633 2293 792 2371 mentitur,
829 2309 904 2368 quae
936 2292 1062 2351 narratis
1093 2294 1261 2370 praeteritis
1293 2293 1366 2361 iacit

358 2380 445 2440 fidem
465 2397 509 2458 eo,
533 2378 610 2456 quod
629 2380 694 2439 eius
717 2378 866 2456 praedicta
883 2378 1068 2458 conplentur,
1089 2381 1236 2458 nimisque
1259 2379 1364 2441 absur-

305 2479 339 2529 20
359 2469 429 2528 dum
448 2475 501 2546 est,
525 2476 558 2526 ut
577 2465 691 2542 dicatur
714 2466 828 2545 aliquos
849 2465 982 2526 homines
1005 2485 1041 2526 ex
1064 2467 1118 2527 hac
1141 2467 1273 2528 inillam
1295 2486 1364 2548 par·

359 2565 435 2636 tem,
466 2553 576 2615 Oceani
606 2557 792 2614 inmensitate
823 2556 962 2634 traiecta,
991 2556 1126 2634 navigare
1149 2573 1183 2616 ac
1206 2559 1365 2635 pervenire

359 2645 504 2722 potuisse,
532 2652 566 2704 ut
592 2645 679 2718 etiam
707 2643 766 2702 illic
796 2661 832 2703 ex
856 2659 915 2702 uno
936 2643 986 2702 illo
1008 2645 1104 2723 primo
1127 2643 1245 2705 homine
1267 2663 1365 2723 genus

320 2805 323 2808 Ι
359 2734 566 2792 institueretur
585 2730 768 2807 humanum,
791 2730 976 2810 Quapropter
995 2732 1156 2793 interillos
1174 2741 1246 2794 tunc
1269 2733 1364 2794 homi·

360 2838 430 2881 num
453 2819 587 2899 populos,
609 2821 660 2896 qni
682 2837 736 2898 per
759 2821 943 2898 septuaginta
965 2819 1038 2880 duas
1060 2830 1164 2899 gentes
1187 2829 1217 2881 et
1239 2823 1365 2883 totidem

306 2919 340 2969 25
361 2908 474 2986 linguas
502 2907 680 2985 colliguntur
703 2907 795 2968 scrisse
819 2907 917 2986 divisi,
940 2925 1131 2988 quaeramus,
1154 2911 1179 2969 si
1202 2928 1364 2989 possumus

360 2999 509 3075 invenire,
541 2995 619 3055 illam
660 2997 690 3055 in
728 2997 815 3055 terris
852 2998 1089 3074 peregrinantem
1121 2999 1269 3059 civitatem
1301 2998 1365 3078 net,

359 3103 434 3164 qnae
458 3102 552 3163 usque
576 3083 611 3142 ad
635 3083 776 3143 diluvium
806 3101 964 3163 arcamque
986 3084 1129 3163 perducta
1152 3095 1198 3147 est
1220 3095 1308 3165 atque
1331 3089 1365 3152 in

361 3173 426 3233 filiis
449 3171 511 3232 Noe
534 3189 588 3250 per
616 3188 718 3231 eorum
746 3170 967 3232 benedictiones
990 3191 1195 3251 perseverasse
1219 3191 1365 3236 monstra·

360 3269 423 3341 tur,
445 3262 570 3320 inarime
595 3261 625 3319 in
648 3261 786 3338 maximo,
810 3261 861 3338 qui
884 3269 930 3320 est
952 3261 1119 3339 appellatus¹
1138 3260 1221 3343 Sem,
1244 3263 1364 3342 quando

306 3360 340 3410 30
361 3347 480 3428 quidem
498 3345 620 3426 lapheth
643 3350 683 3408 ita
707 3345 880 3408 benedictus
899 3358 953 3429 est,
976 3358 1009 3409 ut
1032 3351 1063 3410 in
1087 3353 1159 3431 eius,
1183 3351 1284 3415 iratris
1307 3355 1367 3428 sui,

359 3433 495 3515 dpmibus
517 3433 670 3496 habitaret.
1309 3431 1312 3436 ’
1461 3452 1462 3455 ’

431 3680 463 3728 13
482 3673 594 3727 rotund.
616 3673 760 3742 wnnpr
773 3675 781 3742 il
796 3679 830 3725 30
849 3672 1008 3726 eiusdemo
