3284 4459
752 516 775 557 8.
788 516 953 558 Ausonum

739 698 856 766 Gerus
876 697 966 765 VIII.

349 831 396 889 Ite
412 832 578 901 miraculis,
596 846 676 903 quoe
693 831 873 889 otmundus
892 831 923 889 in
941 830 1091 889 Christum
1109 830 1252 889 crederet
1266 827 1359 903 secta

466 925 538 977 suut
559 924 589 978 et
607 918 682 988 fieri
701 919 813 977 mundo
836 918 980 978 credente
1001 933 1061 977 non
1085 919 1234 977 desinunt.

437 1040 510 1118 Cur,
536 1042 687 1118 inquiunt,
715 1058 794 1100 nuno
824 1040 872 1100 illa
896 1038 1050 1119 miracula,
1080 1058 1155 1118 qnae
1178 1039 1357 1118 praedicatis
1455 1092 1458 1101 .

314 1129 425 1189 efacta
448 1146 529 1202 esse,
552 1146 613 1188 non
636 1124 732 1188 liunt?
776 1127 899 1188 Possem
923 1128 1042 1207 quidem
1065 1127 1165 1188 dicere
1188 1130 1357 1187 necessaria
1469 1124 1470 1135 ¹

349 1219 455 1297 luisse,
481 1219 654 1295 priusquam
683 1216 820 1276 crederet
848 1216 993 1296 mundus,
1025 1216 1060 1276 ad
1084 1216 1140 1275 lroc
1163 1225 1197 1276 ut
1219 1214 1358 1276 crederet

349 1304 486 1367 mundus.
532 1305 672 1382 Quisquis
690 1303 786 1364 adbuc
803 1304 936 1383 prodigia
959 1313 993 1365 ut
1015 1304 1116 1364 credat
1138 1306 1271 1385 inquirit,
1295 1322 1356 1363 ma·

349 1412 441 1473 gnum
468 1400 515 1453 est
541 1394 605 1472 ipse
628 1393 808 1473 prodigium,
836 1395 887 1471 qui
911 1391 1020 1452 mundo
1045 1392 1184 1451 credente
1207 1409 1267 1452 non
1291 1410 1356 1452 cre-

350 1482 400 1543 dit.
446 1480 555 1542 Verum
581 1480 639 1541 hoc
665 1480 731 1541 ideo
759 1482 874 1561 dicunt,
903 1490 935 1541 ut
963 1498 1018 1540 nec
1048 1490 1118 1541 tunc
1141 1480 1189 1540 illa
1213 1480 1357 1541 miracula

299 1585 330 1633 10
348 1571 424 1631 facta
456 1570 547 1630 sitisse
580 1569 747 1629 credantur.
796 1568 881 1628 Unde
914 1587 984 1647 ergo
1017 1578 1097 1628 tenta
1129 1568 1185 1627 lide
1218 1566 1357 1629 Christus

348 1674 562 1737 usquequaque
593 1666 728 1718 cantatur
763 1659 795 1716 in
832 1656 945 1716 caelum
977 1674 1044 1716 cum
1077 1674 1165 1716 carne
1198 1654 1357 1717 sublatus?

348 1746 432 1807 Unde
456 1744 638 1823 temporibus
665 1746 790 1805 eruditis
817 1754 849 1804 et
871 1763 958 1805 omne
982 1745 1061 1822 quod
1085 1743 1150 1804 fleri
1172 1763 1231 1804 non
1254 1755 1357 1823 potest

348 1832 558 1913 respuentibus
585 1834 649 1893 sine
681 1833 748 1893 ullis
778 1832 928 1893 miraculis
958 1834 1081 1893 nimium
1107 1830 1283 1893 mirabiliter
1310 1836 1356 1894 in·

349 1920 499 1982 eredibilia
523 1920 648 1981 credidit
672 1917 821 1981 mundus?
866 1923 910 1979 An
934 1922 1011 1980 forte
1034 1919 1185 1981 credibilia
1207 1921 1300 1981 fuisse
1324 1932 1358 1982 et

297 2023 330 2072 15
349 2009 415 2070 ideo
443 2008 555 2069 credita
582 2027 648 2069 esse
676 2009 785 2070 dicturi
812 2005 904 2069 sunt?
948 2007 1010 2069 Cur
1032 2026 1103 2087 ergo
1126 2011 1183 2087 ipsi
1206 2027 1265 2069 non
1289 2028 1356 2069 crc-

349 2094 444 2159 dunt?
487 2096 590 2157 Brevis
618 2106 665 2157 est
691 2100 782 2175 igitur
810 2106 910 2157 nostra
939 2096 1117 2175 complexio:
1146 2099 1205 2157 Aut
1226 2097 1356 2158 incredi-

348 2186 416 2247 bilis
433 2188 486 2267 rei,
510 2203 584 2265 quae
603 2203 663 2244 non
682 2183 843 2264 videbatur,
866 2184 920 2244 alia
942 2184 1134 2264 incredibilia,
1157 2204 1232 2263 quae
1255 2193 1356 2247 tamen

349 2274 457 2336 debant
483 2283 514 2334 et
541 2272 731 2354 videbantur,
757 2275 894 2333 lecerunt
921 2273 1021 2353 lidem3
1049 2283 1101 2333 aut
1127 2283 1208 2334 certe
1236 2292 1285 2334 res
1313 2278 1357 2335 ita

349 2362 511 2441 credibiliS,
543 2370 577 2422 ut
607 2361 696 2422 nullis
729 2361 836 2440 quibus
868 2361 1097 2439 persuaderetur
1129 2362 1280 2421 miraculis
1310 2366 1355 2422 in-

296 2466 330 2515 to
349 2452 476 2532 digeret,
502 2454 628 2511 istorum
656 2452 775 2509 nimiam
802 2448 954 2527 redarguit
977 2448 1185 2509 infidelitatem.
1231 2450 1294 2510 Hoc
1318 2451 1356 2512 ad

348 2538 525 2601 refellendos
557 2540 731 2598 vanissimos
762 2538 895 2598 dixerim.
950 2536 1023 2596 Nam
1055 2538 1131 2597 iacta
1162 2556 1229 2599 esse
1262 2538 1357 2600 multe

348 2627 501 2708 miracula,
534 2645 608 2705 quae
643 2627 861 2687 adtestarentur
890 2625 933 2685 illi
964 2627 1016 2686 uni
1048 2625 1152 2705 grandi
1183 2626 1356 2705 salubrique

349 2716 503 2795 miraculo,
533 2733 591 2793 quo
614 2714 751 2776 Christus
779 2717 811 2774 in
834 2714 946 2774 caelum
970 2731 1038 2773 cum
1061 2732 1149 2774 carne
1172 2717 1204 2775 in
1227 2733 1285 2794 qua
1307 2734 1356 2776 re-

349 2806 479 2865 surrexit
495 2803 637 2883 ascendit,
655 2821 762 2882 negare
781 2820 842 2863 non
859 2820 1025 2881 possumus.
1061 2801 1095 2863 ln
1113 2802 1226 2863 eisdem
1244 2806 1356 2883 quippe

296 2906 330 2954 25
350 2893 545 2953 veracissimis
571 2890 655 2950 libris
684 2900 790 2952 cuncta
817 2892 985 2969 conscripta
1012 2898 1097 2971 sunt,
1126 2899 1157 2951 et
1179 2910 1254 2970 quae
1277 2892 1356 2952 iacta

172 2974 258 3019 ’Ὗ
349 2989 435 3061 sunt,
464 2988 494 3040 et
521 2978 744 3058 propterquod
768 2978 1149 3039 credendumlactasunt.
1194 2979 1289 3060 Haeo,
1321 2990 1356 3042 ut

349 3068 436 3129 tidem
463 3069 610 3146 lacerent,
632 3068 840 3146 innotuerunt3
864 3066 936 3126 liaeo
958 3084 1013 3145 per
1035 3066 1135 3147 fidem,
1165 3086 1253 3148 quam
1275 3069 1355 3130 iece-

310 3230 314 3234 ‚
348 3166 428 3237 runt,
451 3154 543 3216 multo
566 3154 674 3215 clarius
696 3158 894 3215 innotescunt.
939 3153 1092 3233 Leguntur
1115 3158 1224 3236 quippe
1247 3159 1278 3218 in
1302 3176 1354 3236 po·

350 3246 445 3325 pulle,
476 3254 510 3304 ut
541 3243 713 3322 credentum
741 3262 795 3303 nec
823 3246 855 3303 in
885 3242 1002 3323 populis
1029 3251 1127 3304 tamen
1155 3246 1213 3305 nisi
1242 3245 1356 3306 eredita

296 3348 331 3397 30
349 3334 526 3412 legerentur.
570 3330 643 3392 Nam
672 3333 759 3392 etiam
786 3349 866 3391 nunc
893 3331 969 3391 liunt
995 3331 1136 3392 miracula
1158 3334 1189 3393 in
1213 3334 1278 3394 eius
1302 3352 1353 3394 no·

349 3424 444 3502 mine,
475 3423 536 3481 sive
563 3438 618 3499 per
645 3429 828 3480 sacramenta
855 3421 920 3479 eius
958 3420 1018 3479 sive
1046 3437 1101 3499 per
1128 3423 1277 3482 orationes
1308 3421 1357 3483 vel

349 3511 505 3570 memorias
537 3517 707 3569 sanctorum
740 3509 816 3587 eius3
849 3506 900 3567 sed
931 3525 990 3567 non
1020 3507 1122 3569 eadem
1149 3509 1281 3571 claritate
1309 3512 1355 3571 in·

349 3597 521 3677 lustrentur,
544 3605 578 3656 ut
600 3604 679 3656 tenta
703 3605 810 3673 quanta
833 3595 881 3655 illa
904 3594 995 3674 gloria
1019 3595 1214 3659 diffamentur.
1253 3596 1356 3660 Canon

350 3686 458 3761 quippe
482 3701 631 3744 sacrarum
655 3682 835 3764 litterarum,
858 3701 947 3761 quem
970 3682 1124 3745 delinitum
1147 3704 1212 3747 osse
1236 3697 1354 3767 oporte·

297 3782 331 3829 35
350 3769 407 3850 bat,
430 3771 478 3831 illa
501 3772 571 3830 iacit
599 3769 709 3848 ubique
733 3772 854 3830 recitari
877 3780 907 3830 et
929 3775 1088 3833 memoriae
1112 3783 1287 3836 cunctorum
1309 3777 1356 3836 in·
