3284 4459
547 520 587 559 nn
601 520 744 561 crumena
758 522 811 561 nm
825 520 852 562 n.
867 521 929 562 xx1.
943 520 965 561 c.
979 522 998 562 4.
1012 523 1031 563 ⁵.
1222 505 1289 568 495

284 652 455 733 rapiebatur
477 672 494 714 a
517 653 620 733 lapide.
667 654 732 715 Dixi
754 654 834 734 quod
857 657 921 735 ipse
945 657 1096 735 conspexi,
1126 655 1187 714 dixi
1210 654 1288 733 quod

283 740 394 801 abillo
422 742 533 823 audivi,
561 744 610 803 cui
636 751 785 822 tamquam
812 746 876 824 ipse
900 743 1021 805 viderim
1045 743 1167 804 credidi.
1213 742 1289 812 Quid

283 832 373 891 etiam
392 830 428 890 de
447 832 504 891 isto
522 840 658 910 magnete
677 832 798 911 legerim
822 832 926 892 dicam.
972 831 1093 902 Quando
1117 834 1198 891 iuxta
1222 849 1290 891 eum

282 920 405 998 ponitur
429 918 578 993 adamans,
611 937 671 980 nnn
698 923 775 999 rapit
803 922 931 999 ferrum,
963 929 992 980 et
1015 922 1041 979 si
1062 922 1119 980 iam
1143 927 1292 1001 rapuerat,

284 1014 317 1067 ut
349 1008 377 1067 ei
411 1007 666 1085 propinquaverit,
702 1023 770 1065 mcx
806 1008 940 1067 remittit.
993 1005 1077 1066 lndia
1110 1008 1202 1068 mittit
1236 1007 1325 1067 busa

283 1095 410 1176 lapides3
433 1095 485 1156 sed
509 1098 534 1155 si
557 1113 610 1155 eos
632 1112 688 1155 nos
711 1096 845 1175 cognitos
869 1098 925 1155 iam
948 1094 1118 1155 desistimus
1142 1096 1289 1170 admirari,

284 1192 394 1262 quanto
432 1186 523 1262 magis
556 1183 614 1264 illi,
645 1200 662 1243 a
693 1182 801 1263 quibus
834 1184 964 1262 veniunt,
995 1185 1021 1243 si
1053 1201 1104 1242 ecs
1137 1184 1290 1244 facillimos

283 1270 406 1351 babent,
437 1274 479 1331 sic
507 1272 630 1331 forsitan
654 1270 775 1351 babent,
808 1279 842 1331 ut
871 1289 925 1330 nos
948 1270 1071 1346 calcem,
1105 1289 1191 1349 quam
1215 1274 1290 1331 miro

284 1360 372 1420 modo
391 1378 465 1438 aqua
484 1360 708 1438 fervescentem,
732 1377 789 1437 qua
812 1358 888 1419 solet
909 1361 986 1437 ignis
1009 1362 1149 1439 extingui,
1173 1368 1203 1420 et
1225 1360 1290 1420 oleo

284 1467 345 1509 non
369 1448 593 1527 fervescentem,
616 1466 675 1526 quo
698 1447 774 1507 solet
795 1448 873 1526 ignis
895 1446 1025 1526 accendi,
1048 1450 1116 1526 quia
1138 1450 1168 1508 in
1192 1458 1344 1527 prom-10

282 1546 337 1616 ptu
359 1534 446 1595 nobis
469 1543 529 1617 est,
550 1553 611 1596 non
635 1537 784 1596 miramur.

698 1741 815 1808 Garun
838 1742 879 1809 V.

309 1872 432 1944 Ounma
453 1875 522 1946 sint,
545 1889 674 1947 qnorum
697 1875 779 1932 ratio
801 1878 933 1946 nequeat
954 1875 1093 1947 agnosci,
1115 1878 1147 1935 et
1167 1879 1268 1935 tamen

470 1963 575 2021 eadem
599 1978 673 2021 nera
696 1976 843 2019 essenon
865 1963 905 2019 sit
928 1962 1109 2035 ambiguum.

371 2081 480 2144 Verum
503 2091 601 2144 tamen
623 2082 757 2143 homines
780 2082 926 2157 infideles,
950 2085 1009 2162 qui,
1033 2100 1100 2142 cum
1123 2082 1221 2143 divina
1244 2083 1343 2143 velta

282 2173 444 2251 praeterita
467 2171 512 2231 vel
535 2173 635 2232 futura
658 2170 798 2231 miracula
822 2170 1039 2250 praedicamus,
1063 2188 1138 2248 quae
1160 2170 1218 2231 illis
1242 2189 1289 2230 ex-

281 2260 424 2340 perienda
448 2278 506 2320 non
529 2259 659 2320 valemus
683 2259 849 2338 ostendere,
873 2261 1017 2318 rationem
1039 2276 1056 2317 a
1079 2257 1165 2318 nobis
1188 2276 1289 2319 earum

281 2348 415 2427 flagitant
444 2365 561 2429 rerum,
594 2365 681 2426 quam
716 2349 854 2425 quoniam
888 2364 947 2406 non
976 2364 1134 2425 possumus
1165 2346 1289 2407 reddere

282 2430 447 2519 (excedunt
474 2438 552 2496 enim
581 2438 659 2495 vires
681 2437 789 2495 mentis
816 2429 988 2516 humanae),
1022 2436 1189 2494 existimant
1219 2434 1289 2494 falsa

283 2542 349 2584 esse
369 2542 444 2602 quae
464 2524 598 2605 dicimus,
621 2525 678 2603 ipsi
697 2522 733 2583 de
752 2531 797 2583 tot
819 2522 1002 2582 mirabilibus
1025 2521 1124 2604 rebus,
1148 2540 1220 2601 quas
1243 2522 1289 2583 vel
1309 2534 1343 2582 20

281 2612 383 2673 videre
410 2630 569 2691 possumus
597 2611 642 2671 vel
669 2610 816 2692 videmus,
846 2610 955 2671 debent
982 2610 1106 2671 reddere
1135 2612 1288 2671 rationem.

282 2701 368 2772 Quod
393 2702 418 2760 si
441 2700 506 2761 fieri
529 2699 565 2760 ab
587 2699 706 2759 homine
729 2717 788 2759 ncn
811 2717 899 2778 posse
922 2698 1114 2780 perviderint,
1137 2699 1288 2761 fatendum

282 2798 329 2849 est
353 2790 395 2849 eis
414 2806 473 2848 non
493 2788 559 2849 ideo
578 2788 686 2866 aliquid
708 2805 766 2847 non
790 2787 882 2847 fuisse
906 2787 950 2846 vel
974 2805 1033 2846 non
1058 2788 1190 2848 futurum
1214 2806 1289 2868 esse,

282 2879 350 2956 quia
382 2880 457 2937 ratio
487 2877 556 2937 inde
583 2895 642 2936 non
670 2884 768 2954 potest
795 2875 897 2955 reddi,
926 2875 1042 2953 quando
1071 2876 1190 2953 quidem
1220 2885 1290 2937 snut

281 2968 352 3047 ista,
381 2965 417 3025 de
447 2964 554 3043 quibus
582 2963 718 3025 similiter
745 2982 804 3023 non
832 2971 938 3042 potest.
983 2962 1048 3024 Non
1075 2966 1174 3041 itaque
1197 2982 1288 3043 pergo
1309 2975 1342 3024 25

282 3071 338 3133 per
360 3052 502 3135 plurima,
525 3070 599 3131 quae
623 3052 758 3112 mandata
782 3060 852 3112 sunt
875 3052 990 3127 litteris
1013 3069 1071 3111 non
1095 3061 1177 3130 gesta
1200 3061 1288 3130 atque

281 3149 443 3222 transacta,
471 3141 523 3201 sed
546 3144 577 3201 in
599 3140 672 3201 locis
696 3139 863 3218 quibusque
888 3140 1048 3219 manentia3
1078 3157 1136 3217 quo
1161 3142 1186 3198 si
1210 3143 1287 3217 quis·

282 3248 371 3307 quam
389 3231 433 3289 ire
452 3228 578 3289 voluerit
595 3237 626 3290 ct
642 3229 782 3308 potuerit,
806 3236 907 3288 utrum
930 3245 997 3287 vera
1022 3230 1089 3306 sint,
1112 3227 1290 3308 explorabit3

281 3317 334 3377 sed
353 3336 446 3396 pauca
470 3335 676 3377 commemoro.
722 3316 946 3395 Agrigentinum
970 3314 1086 3375 Siciliae
1110 3314 1199 3374 salem
1222 3334 1287 3394 per·

281 3403 395 3487 hibent,
419 3424 486 3466 cum
510 3407 600 3466 fuerit
623 3405 757 3464 admotus
780 3406 855 3485 igni,
878 3403 958 3463 velut
980 3405 1011 3462 in
1033 3420 1108 3480 aqua
1131 3402 1287 3484 fluescerc3
1308 3416 1342 3465 30

281 3512 352 3554 cum
374 3512 444 3553 vero
462 3495 519 3572 ipsi
538 3511 640 3574 aquae,
662 3491 790 3551 velutin
809 3494 877 3570 igne
901 3492 1055 3570 crepitare.
1092 3491 1176 3569 Apud
1201 3490 1286 3551 Gara·
1381 3514 1386 3525 ·

281 3590 396 3643 mantas
421 3581 565 3660 quendam
589 3582 701 3641 fontem
724 3587 784 3640 tam
807 3579 947 3659 frigidum
970 3578 1084 3660 diebus,
1106 3585 1140 3639 nt
1162 3597 1222 3639 non
1244 3578 1287 3639 bi·

353 3723 370 3770 4
385 3718 525 3770 edamasv
538 3718 547 3786 ΙΙ
561 3721 577 3769 5
591 3716 739 3785 propinqu.
749 3734 803 3771 mss
813 3721 961 3787 (570,23);
977 3733 1118 3787 appropi>
1132 3719 1141 3787 ll
1156 3724 1189 3772 14
1204 3717 1292 3773 embi-

278 3789 404 3862 gendum
419 3806 440 3857 p
453 3790 462 3857 ll
477 3793 509 3841 22
527 3787 652 3841 uiderint
671 3790 699 3842 R
