3284 4459
575 486 615 524 ou
629 484 772 526 murmuro
785 485 839 524 our
852 483 877 523 o.
891 485 966 524 xxn.
980 484 1004 524 c.
1019 486 1051 524 ao.
1247 468 1312 531 619

310 619 387 679 libro
419 628 580 680 memorato
611 627 753 698 quantum
783 621 915 698 oportuit
942 618 1101 698 disputari3
1133 635 1236 677 rerum
1266 616 1313 676 hic

310 724 404 769 cunum
431 706 498 767 inde
526 716 640 768 tantum
669 706 912 768 commemorabo.
957 706 1102 767 Emendet
1129 704 1220 765 libros
1244 722 1314 764 suos

310 799 436 856 istorum
466 798 596 855 omnium
625 798 764 875 magister
787 795 869 856 Plato
893 804 922 855 et
946 796 1023 855 dicat
1045 812 1149 855 eorum
1172 792 1258 872 deos,
1281 801 1314 853 ut

310 884 389 944 beati
415 886 486 964 siut,
515 902 568 944 sna
582 902 715 967 corpora
745 885 907 965 fugituros,
936 883 965 943 id
988 890 1122 943 estesse
1145 883 1314 961 morituros,

310 989 385 1051 quos
400 974 432 1031 in
450 972 626 1033 caelestibus
645 972 819 1050 corporibus
839 971 913 1032 dixit
925 967 1034 1051 (esse)
1047 970 1190 1049 inclusos3
1207 968 1314 1048 quibus
1334 981 1349 1028 5

310 1072 409 1120 tamen
437 1057 529 1139 Deus,
557 1075 654 1135 aquo
683 1057 753 1117 lacti
780 1065 863 1138 sunt,
891 1074 949 1135 quo
972 1064 1094 1135 possent
1117 1074 1183 1116 esse
1207 1060 1314 1138 securi,

311 1145 557 1226 inmortalitatem,
580 1146 610 1206 id
629 1146 722 1205 estin
741 1145 853 1205 eisdem
877 1143 1051 1223 corporibus
1074 1152 1225 1204 aeternam
1247 1164 1313 1225 per·

312 1236 505 1308 mansionem,
534 1252 593 1293 non
617 1251 719 1293 eorunm
743 1241 848 1293 natura
870 1233 900 1293 id
923 1231 1063 1313 habente,
1091 1232 1143 1292 sed
1166 1251 1221 1293 suo
1244 1252 1313 1293 con-

311 1323 376 1383 silio
405 1322 603 1401 praevalente,
631 1323 775 1400 promisit.
819 1320 876 1381 Ubi
900 1322 987 1380 etiam
1010 1319 1081 1380 illud
1105 1323 1212 1381 evertit
1234 1321 1313 1399 quod

311 1412 421 1485 dicunt,
445 1412 581 1490 quoniam
605 1417 650 1469 est
672 1408 867 1490 inpossibilis,
889 1409 955 1468 ideo
978 1411 1237 1492 resurrectionem,
1251 1428 1314 1469 car·
1335 1423 1367 1470 10

312 1502 356 1559 nis
380 1517 439 1559 non
467 1516 532 1559 esse
561 1498 746 1557 credendam.
790 1497 982 1577 Apertissime
1005 1499 1114 1576 quippe
1137 1499 1219 1557 irrxta
1242 1515 1313 1557 eun·

311 1588 378 1648 dem
400 1586 615 1667 philosophum,
638 1585 689 1645 ubi
712 1586 768 1645 diis
792 1604 808 1645 a
832 1604 863 1645 se
887 1586 971 1645 lactis
993 1587 1130 1665 promisit
1152 1584 1231 1645 Deus
1254 1603 1313 1645 non

312 1677 404 1736 lactus
432 1673 684 1754 inmortalitatem,
712 1674 790 1753 quod
818 1673 988 1753 inpossibile
1017 1682 1063 1733 est
1089 1692 1121 1733 se
1152 1673 1225 1734 dixit
1247 1692 1313 1734 esse

312 1766 465 1825 iacturum.
512 1762 560 1823 Sic
580 1764 657 1823 enim
677 1780 746 1823 eum
763 1762 895 1822 locutum
914 1771 1013 1822 narrat
1030 1761 1127 1823 Plato:
1148 1760 1313 1844 „Quoniam

310 1854 381 1913 estis
412 1854 483 1931 orti,
513 1853 625 1931 inquit,
654 1850 825 1910 inmortales
852 1868 917 1910 esse
949 1859 977 1910 et
1005 1849 1223 1911 indissolubiles
1253 1863 1366 1911 non15

310 1942 446 2019 potestis3
475 1957 535 1998 non
564 1948 661 1998 tamen
689 1937 887 1998 dissolvemini
918 1957 1013 2017 neque
1047 1957 1098 1998 vos
1127 1938 1185 1999 ulla
1208 1940 1313 1998 mortis

311 2030 367 2088 iata
385 2030 531 2107 periment
554 2044 609 2087 nec
633 2035 720 2086 erunt
743 2026 903 2086 valentiora
921 2044 1007 2105 quam
1027 2026 1181 2087 consilium
1206 2045 1312 2099 meum,
1403 2059 1406 2068 =

310 2116 387 2195 quod
407 2118 500 2175 malus
526 2124 572 2174 est
594 2114 742 2176 vinculum
765 2114 801 2175 ad
824 2116 1052 2193 perpetuitatem
1075 2123 1202 2175 restrum
1225 2132 1313 2193 quarn

310 2204 355 2263 illa
386 2203 494 2282 quibus
523 2204 593 2262 estis
621 2197 789 2281 conligati.“
834 2202 866 2262 Si
895 2220 953 2262 non
977 2202 1071 2262 solum
1095 2201 1231 2282 absurdi,
1260 2203 1312 2262 sed

310 2292 391 2352 surdi
421 2309 481 2351 non
511 2299 581 2351 sunt
612 2293 663 2368 qui
692 2290 764 2350 baec
793 2290 931 2371 audiunt,
958 2309 1018 2351 non
1044 2293 1149 2369 utique
1177 2289 1313 2351 dubitant
1332 2304 1365 2352 20

309 2380 364 2440 diis
392 2380 477 2439 lactis
505 2378 541 2438 ab
568 2378 618 2437 illo
641 2378 701 2439 Deo
732 2381 783 2457 qui
807 2397 858 2439 eos
881 2380 951 2439 lecit
974 2378 1137 2439 secundum
1160 2378 1311 2439 Platonem

310 2468 387 2547 quod
415 2476 460 2527 est
486 2465 658 2546 inpossibile
679 2462 777 2527 ¹luisse
805 2470 992 2546 promissum.
1038 2466 1095 2538 Qui
1125 2470 1204 2527 enim
1227 2466 1312 2528 dicit:

307 2556 383 2638 „Vos
402 2555 520 2635 quidem
539 2554 709 2615 inmortales
728 2573 793 2615 esse
812 2573 871 2615 non
894 2557 1026 2637 potestis,
1049 2553 1100 2615 sed
1124 2573 1189 2615 mea
1211 2555 1312 2615 volun·

310 2654 367 2705 tate
395 2642 566 2705 inmortales
593 2638 720 2723 eritis,“
747 2643 816 2723 quid
845 2644 922 2703 aliud
950 2643 1022 2704 dicit
1044 2660 1131 2722 quam
1154 2637 1311 2723 „id'quod

309 2734 373 2793 fieri
402 2750 461 2793 non
491 2739 590 2812 potest
620 2749 665 2791 me
693 2732 818 2792 iaciente
846 2741 943 2793 tamen
972 2726 1101 2792 eritis“?
1145 2730 1197 2791 llle
1220 2734 1312 2811 igitur
1330 2743 1364 2792 25

308 2838 427 2881 carnem
449 2819 718 2900 incorruptibilem,
745 2820 943 2901 inmortalem,
971 2819 1132 2900 spiritalem
1154 2822 1310 2881 resuscita·

308 2909 364 2988 bit,
394 2910 444 2988 qui
467 2910 548 2969 iuxta
571 2907 722 2969 Platonem
744 2908 774 2967 id
798 2908 877 2987 quod
899 2907 1069 2988 inpossibile
1093 2916 1139 2969 est
1162 2926 1195 2969 se
1219 2910 1310 2969 lactu·

309 3014 374 3057 rum
407 3014 472 3056 esse
504 2998 647 3075 promisit.
698 2995 773 3067 Quid
807 2996 918 3076 adbuc,
950 2996 1028 3075 quod
1057 2999 1194 3077 promisit
1223 2996 1311 3077 Deus,

309 3084 386 3164 quod
416 3083 477 3145 [leo
506 3086 690 3162 promittenti
721 3083 845 3144 credidit
875 3085 1015 3165 mundus,
1047 3087 1098 3164 qui
1128 3087 1215 3144 etiam
1247 3087 1310 3163 ipse
1399 3079 1402 3082 ’

308 3174 472 3252 promissus
491 3180 537 3232 est
556 3170 734 3253 crediturus,
757 3190 822 3232 esse
841 3172 1012 3251 inpossibile
1036 3173 1170 3253 clamant,
1193 3171 1310 3250 quando
1330 3185 1364 3234 30

308 3261 426 3340 quidem
456 3277 511 3319 nos
539 3257 646 3339 Deum,
677 3262 728 3337 qrri
755 3261 843 3319 etiam
870 3261 1032 3321 secundum
1060 3260 1212 3322 Platonem
1242 3261 1312 3320 lacit

308 3348 502 3429 inpossibilia,
530 3345 559 3407 id
588 3348 735 3407 iacturum
764 3366 829 3407 esse
853 3345 1033 3408 clamamus?
1076 3348 1142 3408 Non
1165 3366 1250 3427 ergo,
1279 3355 1312 3408 ut

307 3436 409 3497 beatae
433 3439 492 3497 sint
510 3437 633 3516 animae,
656 3451 765 3513 corpus
788 3443 834 3496 est
856 3453 942 3496 omne
965 3436 1147 3516 fugiendum,
1169 3436 1222 3496 sed
1245 3454 1310 3496 cor·

376 3591 419 3656 19)
439 3585 478 3640 Cf.
498 3586 516 3639 l.
538 3592 579 3641 13.
599 3604 621 3641 c.
642 3592 674 3639 16
684 3604 724 3657 sq.
781 3591 824 3657 19)
843 3587 914 3640 Tim.
933 3592 966 3640 41
986 3587 1061 3656 Asq.

376 3750 391 3798 ὁ
411 3760 471 3799 esse
490 3748 533 3812 R;
551 3762 600 3801 om.
621 3746 703 3801 AGu
723 3740 815 3800 rollo
