<?xml version="1.0" encoding="UTF-8"?>
<!DOCTYPE html PUBLIC "-//W3C//DTD XHTML 1.0 Transitional//EN"
    "http://www.w3.org/TR/xhtml1/DTD/xhtml1-transitional.dtd">
<html xmlns="http://www.w3.org/1999/xhtml" xml:lang="en" lang="en">
 <head>
  <title>
</title>
<meta http-equiv="Content-Type" content="text/html;charset=utf-8" />
  <meta name='ocr-system' content='tesseract 3.04.00' />
  <meta name='ocr-capabilities' content='ocr_page ocr_carea ocr_par ocr_line ocrx_word'/>
</head>
<body>
  <div class='ocr_page' id='page_1' title='image "./sanctiaureliiau11augugoog_0287.png"; bbox 0 0 3284 4459; ppageno 0'>
   <div class='ocr_carea' id='block_1_1' title="bbox 544 506 1307 572">
    <p class='ocr_par' dir='ltr' id='par_1_1' title="bbox 544 506 1307 572">
     <span class='ocr_line' id='line_1_1' title="bbox 544 506 1307 572; baseline 0 -2"><span class='ocrx_word' id='word_1_1' title='bbox 544 526 584 570; x_wconf 80' lang='lat' dir='ltr'>nu</span> <span class='ocrx_word' id='word_1_2' title='bbox 598 525 740 568; x_wconf 74' lang='lat' dir='ltr'>omasus</span> <span class='ocrx_word' id='word_1_3' title='bbox 754 525 807 564; x_wconf 77' lang='lat' dir='ltr'>nur</span> <span class='ocrx_word' id='word_1_4' title='bbox 821 525 847 565; x_wconf 79' lang='lat' dir='ltr'>o.</span> <span class='ocrx_word' id='word_1_5' title='bbox 861 522 947 564; x_wconf 75' lang='lat' dir='ltr'>svm</span> <span class='ocrx_word' id='word_1_6' title='bbox 961 523 984 565; x_wconf 92' lang='lat' dir='ltr'>c.</span> <span class='ocrx_word' id='word_1_7' title='bbox 999 527 1018 565; x_wconf 85' lang='lat' dir='ltr'>s.</span> <span class='ocrx_word' id='word_1_8' title='bbox 1032 525 1064 564; x_wconf 85' lang='lat' dir='ltr'>ro.</span> <span class='ocrx_word' id='word_1_9' title='bbox 1241 506 1307 572; x_wconf 80' lang='grc'>267</span> 
     </span>
    </p>
   </div>
   <div class='ocr_carea' id='block_1_2' title="bbox 300 659 1361 1887">
    <p class='ocr_par' dir='ltr' id='par_1_2' title="bbox 300 659 1361 1887">
     <span class='ocr_line' id='line_1_2' title="bbox 302 659 1307 722; baseline -0.005 -2"><span class='ocrx_word' id='word_1_10' title='bbox 302 669 397 722; x_wconf 90' lang='lat' dir='ltr'>mater</span> <span class='ocrx_word' id='word_1_11' title='bbox 420 668 471 720; x_wconf 92' lang='lat' dir='ltr'>aut</span> <span class='ocrx_word' id='word_1_12' title='bbox 494 662 593 720; x_wconf 82' lang='lat' dir='ltr'>nutrix</span> <span class='ocrx_word' id='word_1_13' title='bbox 612 659 775 720; x_wconf 84' lang='lat' dir='ltr'>liberalium</span> <span class='ocrx_word' id='word_1_14' title='bbox 799 659 1000 718; x_wconf 81' lang='lat' dir='ltr'>doctrinarum</span> <span class='ocrx_word' id='word_1_15' title='bbox 1023 666 1054 718; x_wconf 93' lang='lat' dir='ltr'>et</span> <span class='ocrx_word' id='word_1_16' title='bbox 1076 666 1121 718; x_wconf 93' lang='lat' dir='ltr'>tot</span> <span class='ocrx_word' id='word_1_17' title='bbox 1143 664 1307 716; x_wconf 90' lang='lat' dir='ltr'>tantorum-</span> 
     </span>
     <span class='ocr_line' id='line_1_3' title="bbox 300 744 1307 828; baseline -0.006 -19"><span class='ocrx_word' id='word_1_18' title='bbox 300 746 365 827; x_wconf 86' lang='lat' dir='ltr'>que</span> <span class='ocrx_word' id='word_1_19' title='bbox 379 747 631 828; x_wconf 88' lang='lat' dir='ltr'>pbilosophorum,</span> <span class='ocrx_word' id='word_1_20' title='bbox 655 765 712 826; x_wconf 91' lang='lat' dir='ltr'>qua</span> <span class='ocrx_word' id='word_1_21' title='bbox 731 747 803 808; x_wconf 91' lang='lat' dir='ltr'>nibil</span> <span class='ocrx_word' id='word_1_22' title='bbox 821 747 923 807; x_wconf 88' lang='lat' dir='ltr'>habuit</span> <span class='ocrx_word' id='word_1_23' title='bbox 942 745 1064 806; x_wconf 82' lang='lat' dir='ltr'><strong>Graecia</strong></span> <span class='ocrx_word' id='word_1_24' title='bbox 1087 744 1196 805; x_wconf 91' lang='lat' dir='ltr'>ciarius</span> <span class='ocrx_word' id='word_1_25' title='bbox 1219 752 1307 823; x_wconf 89' lang='lat' dir='ltr'>atque</span> 
     </span>
     <span class='ocr_line' id='line_1_4' title="bbox 302 833 1306 917; baseline -0.004 -21"><span class='ocrx_word' id='word_1_26' title='bbox 302 836 447 917; x_wconf 86' lang='lat' dir='ltr'>nobilius,</span> <span class='ocrx_word' id='word_1_27' title='bbox 478 834 695 897; x_wconf 85' lang='lat' dir='ltr'>ludificantibus</span> <span class='ocrx_word' id='word_1_28' title='bbox 724 834 916 895; x_wconf 87' lang='lat' dir='ltr'>daemonibus</span> <span class='ocrx_word' id='word_1_29' title='bbox 943 833 980 894; x_wconf 94' lang='lat' dir='ltr'>de</span> <span class='ocrx_word' id='word_1_30' title='bbox 1008 834 1059 894; x_wconf 90' lang='lat' dir='ltr'>lite</span> <span class='ocrx_word' id='word_1_31' title='bbox 1088 834 1211 894; x_wconf 89' lang='lat' dir='ltr'>deorum</span> <span class='ocrx_word' id='word_1_32' title='bbox 1239 844 1306 892; x_wconf 78' lang='lat' dir='ltr'>suo·</span> 
     </span>
     <span class='ocr_line' id='line_1_5' title="bbox 303 921 1307 1004; baseline -0.004 -20"><span class='ocrx_word' id='word_1_33' title='bbox 303 943 384 1004; x_wconf 91' lang='lat' dir='ltr'>rum,</span> <span class='ocrx_word' id='word_1_34' title='bbox 411 927 501 985; x_wconf 91' lang='lat' dir='ltr'>maris</span> <span class='ocrx_word' id='word_1_35' title='bbox 524 934 553 984; x_wconf 91' lang='lat' dir='ltr'>et</span> <span class='ocrx_word' id='word_1_36' title='bbox 577 925 716 1004; x_wconf 88' lang='lat' dir='ltr'>ieminae,</span> <span class='ocrx_word' id='word_1_37' title='bbox 743 932 774 984; x_wconf 92' lang='lat' dir='ltr'>et</span> <span class='ocrx_word' id='word_1_38' title='bbox 797 923 833 984; x_wconf 94' lang='lat' dir='ltr'>de</span> <span class='ocrx_word' id='word_1_39' title='bbox 857 924 977 984; x_wconf 84' lang='lat' dir='ltr'>victoria</span> <span class='ocrx_word' id='word_1_40' title='bbox 1000 922 1061 1002; x_wconf 85' lang='lat' dir='ltr'>per·</span> <span class='ocrx_word' id='word_1_41' title='bbox 1077 922 1201 982; x_wconf 83' lang='lat' dir='ltr'>feminas</span> <span class='ocrx_word' id='word_1_42' title='bbox 1224 921 1307 980; x_wconf 82' lang='lat' dir='ltr'>temi-</span> 
     </span>
     <span class='ocr_line' id='line_1_6' title="bbox 302 1010 1342 1092; baseline -0.006 -18"><span class='ocrx_word' id='word_1_43' title='bbox 302 1032 356 1074; x_wconf 90' lang='lat' dir='ltr'>nae</span> <span class='ocrx_word' id='word_1_44' title='bbox 380 1013 509 1073; x_wconf 75' lang='lat' dir='ltr'><strong>Athenas</strong></span> <span class='ocrx_word' id='word_1_45' title='bbox 529 1030 635 1072; x_wconf 89' lang='lat' dir='ltr'>nomen</span> <span class='ocrx_word' id='word_1_46' title='bbox 655 1013 777 1092; x_wconf 89' lang='lat' dir='ltr'>accepit,</span> <span class='ocrx_word' id='word_1_47' title='bbox 800 1019 831 1072; x_wconf 86' lang='lat' dir='ltr'>et</span> <span class='ocrx_word' id='word_1_48' title='bbox 853 1029 869 1070; x_wconf 93' lang='lat' dir='ltr'>a</span> <span class='ocrx_word' id='word_1_49' title='bbox 892 1013 968 1071; x_wconf 82' lang='lat' dir='ltr'>victo</span> <span class='ocrx_word' id='word_1_50' title='bbox 992 1010 1069 1070; x_wconf 89' lang='lat' dir='ltr'>laesa</span> <span class='ocrx_word' id='word_1_51' title='bbox 1092 1013 1184 1088; x_wconf 80' lang='lat' dir='ltr'>ipsam</span> <span class='ocrx_word' id='word_1_52' title='bbox 1208 1010 1342 1069; x_wconf 78' lang='lat' dir='ltr'>notri-5</span> 
     </span>
     <span class='ocr_line' id='line_1_7' title="bbox 301 1096 1309 1180; baseline -0.004 -19"><span class='ocrx_word' id='word_1_53' title='bbox 301 1104 345 1162; x_wconf 91' lang='lat' dir='ltr'>cis</span> <span class='ocrx_word' id='word_1_54' title='bbox 375 1103 527 1161; x_wconf 88' lang='lat' dir='ltr'>victoriam</span> <span class='ocrx_word' id='word_1_55' title='bbox 557 1103 662 1180; x_wconf 89' lang='lat' dir='ltr'>punire</span> <span class='ocrx_word' id='word_1_56' title='bbox 693 1099 844 1179; x_wconf 88' lang='lat' dir='ltr'>compulsa</span> <span class='ocrx_word' id='word_1_57' title='bbox 874 1108 935 1178; x_wconf 93' lang='lat' dir='ltr'>est,</span> <span class='ocrx_word' id='word_1_58' title='bbox 964 1099 1030 1178; x_wconf 87' lang='lat' dir='ltr'>plus</span> <span class='ocrx_word' id='word_1_59' title='bbox 1061 1115 1150 1176; x_wconf 83' lang='lat' dir='ltr'>aquas</span> <span class='ocrx_word' id='word_1_60' title='bbox 1178 1096 1309 1177; x_wconf 81' lang='lat' dir='ltr'>Neptuni</span> 
     </span>
     <span class='ocr_line' id='line_1_8' title="bbox 301 1185 1308 1269; baseline -0.005 -19"><span class='ocrx_word' id='word_1_61' title='bbox 301 1207 391 1269; x_wconf 88' lang='lat' dir='ltr'>quarn</span> <span class='ocrx_word' id='word_1_62' title='bbox 409 1189 555 1249; x_wconf 88' lang='lat' dir='ltr'>Minervae</span> <span class='ocrx_word' id='word_1_63' title='bbox 575 1207 655 1249; x_wconf 89' lang='lat' dir='ltr'>arma</span> <span class='ocrx_word' id='word_1_64' title='bbox 674 1187 842 1248; x_wconf 79' lang='lat' dir='ltr'>formidans.</span> <span class='ocrx_word' id='word_1_65' title='bbox 887 1186 960 1248; x_wconf 88' lang='lat' dir='ltr'>Nam</span> <span class='ocrx_word' id='word_1_66' title='bbox 977 1190 1009 1247; x_wconf 89' lang='lat' dir='ltr'>iu</span> <span class='ocrx_word' id='word_1_67' title='bbox 1027 1185 1211 1263; x_wconf 79' lang='lat' dir='ltr'>mulieribus,</span> <span class='ocrx_word' id='word_1_68' title='bbox 1233 1202 1308 1265; x_wconf 89' lang='lat' dir='ltr'>quae</span> 
     </span>
     <span class='ocr_line' id='line_1_9' title="bbox 303 1276 1308 1357; baseline -0.004 -19"><span class='ocrx_word' id='word_1_69' title='bbox 303 1281 346 1338; x_wconf 92' lang='lat' dir='ltr'>sic</span> <span class='ocrx_word' id='word_1_70' title='bbox 374 1279 494 1356; x_wconf 88' lang='lat' dir='ltr'>punitae</span> <span class='ocrx_word' id='word_1_71' title='bbox 523 1289 604 1357; x_wconf 91' lang='lat' dir='ltr'>sunt,</span> <span class='ocrx_word' id='word_1_72' title='bbox 632 1286 662 1337; x_wconf 95' lang='lat' dir='ltr'>et</span> <span class='ocrx_word' id='word_1_73' title='bbox 684 1276 813 1337; x_wconf 87' lang='lat' dir='ltr'>Minerva</span> <span class='ocrx_word' id='word_1_74' title='bbox 836 1286 917 1354; x_wconf 40' lang='lat' dir='ltr'>&#39;&#39;quae</span> <span class='ocrx_word' id='word_1_75' title='bbox 940 1278 1050 1336; x_wconf 87' lang='lat' dir='ltr'>vicerat</span> <span class='ocrx_word' id='word_1_76' title='bbox 1072 1277 1149 1334; x_wconf 88' lang='lat' dir='ltr'>ricta</span> <span class='ocrx_word' id='word_1_77' title='bbox 1171 1282 1229 1354; x_wconf 80' lang='lat' dir='ltr'>est3</span> <span class='ocrx_word' id='word_1_78' title='bbox 1252 1290 1308 1334; x_wconf 89' lang='lat' dir='ltr'>nec</span> 
     </span>
     <span class='ocr_line' id='line_1_10' title="bbox 300 1362 1308 1444; baseline -0.003 -20"><span class='ocrx_word' id='word_1_79' title='bbox 300 1365 396 1426; x_wconf 79' lang='lat' dir='ltr'>adsuit</span> <span class='ocrx_word' id='word_1_80' title='bbox 419 1364 669 1444; x_wconf 79' lang='lat' dir='ltr'>suffragatricibus</span> <span class='ocrx_word' id='word_1_81' title='bbox 693 1366 770 1444; x_wconf 90' lang='lat' dir='ltr'>suis,</span> <span class='ocrx_word' id='word_1_82' title='bbox 794 1371 827 1424; x_wconf 93' lang='lat' dir='ltr'>ut</span> <span class='ocrx_word' id='word_1_83' title='bbox 850 1365 1057 1441; x_wconf 80' lang='lat' dir='ltr'>suffragiorum</span> <span class='ocrx_word' id='word_1_84' title='bbox 1080 1362 1219 1441; x_wconf 81' lang='lat' dir='ltr'>deinceps</span> <span class='ocrx_word' id='word_1_85' title='bbox 1242 1380 1308 1441; x_wconf 89' lang='lat' dir='ltr'>per-</span> 
     </span>
     <span class='ocr_line' id='line_1_11' title="bbox 301 1449 1361 1534; baseline -0.005 -20"><span class='ocrx_word' id='word_1_86' title='bbox 301 1453 361 1514; x_wconf 90' lang='lat' dir='ltr'>dita</span> <span class='ocrx_word' id='word_1_87' title='bbox 398 1462 543 1534; x_wconf 79' lang='lat' dir='ltr'>potestate</span> <span class='ocrx_word' id='word_1_88' title='bbox 581 1462 611 1514; x_wconf 93' lang='lat' dir='ltr'>et</span> <span class='ocrx_word' id='word_1_89' title='bbox 646 1452 779 1513; x_wconf 90' lang='lat' dir='ltr'>alienatis</span> <span class='ocrx_word' id='word_1_90' title='bbox 817 1452 885 1512; x_wconf 85' lang='lat' dir='ltr'>ntits</span> <span class='ocrx_word' id='word_1_91' title='bbox 921 1470 938 1512; x_wconf 95' lang='lat' dir='ltr'>a</span> <span class='ocrx_word' id='word_1_92' title='bbox 974 1449 1144 1511; x_wconf 86' lang='lat' dir='ltr'>nominibus</span> <span class='ocrx_word' id='word_1_93' title='bbox 1181 1459 1308 1511; x_wconf 90' lang='lat' dir='ltr'>matrum</span> <span class='ocrx_word' id='word_1_94' title='bbox 1329 1461 1361 1509; x_wconf 83' lang='grc' dir='ltr'>ιο</span> 
     </span>
     <span class='ocr_line' id='line_1_12' title="bbox 301 1539 1309 1602; baseline -0.006 0"><span class='ocrx_word' id='word_1_95' title='bbox 301 1542 466 1602; x_wconf 90' lang='lat' dir='ltr'>Athenaeas</span> <span class='ocrx_word' id='word_1_96' title='bbox 489 1542 592 1602; x_wconf 89' lang='lat' dir='ltr'>saltem</span> <span class='ocrx_word' id='word_1_97' title='bbox 611 1543 709 1602; x_wconf 88' lang='lat' dir='ltr'>vocari</span> <span class='ocrx_word' id='word_1_98' title='bbox 732 1540 836 1601; x_wconf 86' lang='lat' dir='ltr'>liceret</span> <span class='ocrx_word' id='word_1_99' title='bbox 858 1548 888 1600; x_wconf 92' lang='lat' dir='ltr'>et</span> <span class='ocrx_word' id='word_1_100' title='bbox 910 1542 975 1600; x_wconf 92' lang='lat' dir='ltr'>eius</span> <span class='ocrx_word' id='word_1_101' title='bbox 998 1539 1070 1600; x_wconf 89' lang='lat' dir='ltr'>deae</span> <span class='ocrx_word' id='word_1_102' title='bbox 1093 1541 1202 1598; x_wconf 89' lang='lat' dir='ltr'>mereri</span> <span class='ocrx_word' id='word_1_103' title='bbox 1225 1555 1309 1598; x_wconf 87' lang='lat' dir='ltr'>voca·</span> 
     </span>
     <span class='ocr_line' id='line_1_13' title="bbox 303 1627 1309 1711; baseline -0.004 -21"><span class='ocrx_word' id='word_1_104' title='bbox 303 1630 414 1711; x_wconf 88' lang='lat' dir='ltr'>bulum,</span> <span class='ocrx_word' id='word_1_105' title='bbox 428 1647 514 1708; x_wconf 91' lang='lat' dir='ltr'>qnam</span> <span class='ocrx_word' id='word_1_106' title='bbox 533 1632 588 1689; x_wconf 86' lang='lat' dir='ltr'>viri</span> <span class='ocrx_word' id='word_1_107' title='bbox 603 1628 651 1689; x_wconf 90' lang='lat' dir='ltr'>dei</span> <span class='ocrx_word' id='word_1_108' title='bbox 666 1631 816 1689; x_wconf 88' lang='lat' dir='ltr'>victricem</span> <span class='ocrx_word' id='word_1_109' title='bbox 836 1629 968 1688; x_wconf 80' lang='lat' dir='ltr'>fecerant</span> <span class='ocrx_word' id='word_1_110' title='bbox 986 1627 1109 1689; x_wconf 81' lang='lat' dir='ltr'>ferendo</span> <span class='ocrx_word' id='word_1_111' title='bbox 1127 1627 1309 1706; x_wconf 77' lang='lat' dir='ltr'>suffragium.</span> 
     </span>
     <span class='ocr_line' id='line_1_14' title="bbox 302 1714 1309 1798; baseline -0.005 -20"><span class='ocrx_word' id='word_1_112' title='bbox 302 1718 385 1791; x_wconf 84' lang='lat' dir='ltr'>Quae</span> <span class='ocrx_word' id='word_1_113' title='bbox 404 1727 434 1778; x_wconf 87' lang='lat' dir='ltr'>et</span> <span class='ocrx_word' id='word_1_114' title='bbox 453 1726 561 1797; x_wconf 91' lang='lat' dir='ltr'>quanta</span> <span class='ocrx_word' id='word_1_115' title='bbox 579 1717 648 1778; x_wconf 90' lang='lat' dir='ltr'>binc</span> <span class='ocrx_word' id='word_1_116' title='bbox 667 1716 726 1777; x_wconf 91' lang='lat' dir='ltr'>dici</span> <span class='ocrx_word' id='word_1_117' title='bbox 747 1725 880 1798; x_wconf 85' lang='lat' dir='ltr'>possent,</span> <span class='ocrx_word' id='word_1_118' title='bbox 902 1718 960 1776; x_wconf 90' lang='lat' dir='ltr'>nisi</span> <span class='ocrx_word' id='word_1_119' title='bbox 983 1734 1091 1778; x_wconf 88' lang='lat' dir='ltr'>sermo·</span> <span class='ocrx_word' id='word_1_120' title='bbox 1105 1714 1141 1776; x_wconf 93' lang='lat' dir='ltr'>ad</span> <span class='ocrx_word' id='word_1_121' title='bbox 1164 1715 1219 1776; x_wconf 87' lang='lat' dir='ltr'>alia</span> <span class='ocrx_word' id='word_1_122' title='bbox 1241 1732 1309 1795; x_wconf 89' lang='lat' dir='ltr'>pro·</span> 
     </span>
     <span class='ocr_line' id='line_1_15' title="bbox 303 1805 937 1887; baseline -0.003 -20"><span class='ocrx_word' id='word_1_123' title='bbox 303 1805 434 1887; x_wconf 84' lang='lat' dir='ltr'>peraret!</span> <span class='ocrx_word' id='word_1_124' title='bbox 935 1836 937 1839; x_wconf 95' lang='lat'>·</span> 
     </span>
    </p>
   </div>
   <div class='ocr_carea' id='block_1_3' title="bbox 717 1994 1363 2061">
    <p class='ocr_par' dir='ltr' id='par_1_3' title="bbox 717 1994 1363 2061">
     <span class='ocr_line' id='line_1_16' title="bbox 717 1994 1363 2061; baseline -0.006 0"><span class='ocrx_word' id='word_1_125' title='bbox 717 1994 833 2061; x_wconf 77' lang='lat' dir='ltr'>Carus</span> <span class='ocrx_word' id='word_1_126' title='bbox 855 1994 894 2061; x_wconf 76' lang='lat' dir='ltr'>tt</span> <span class='ocrx_word' id='word_1_127' title='bbox 1330 2008 1363 2058; x_wconf 80' lang='lat'>15</span> 
     </span>
    </p>
   </div>
   <div class='ocr_carea' id='block_1_4' title="bbox 344 2106 1275 2276">
    <p class='ocr_par' dir='ltr' id='par_1_4' title="bbox 344 2106 1275 2276">
     <span class='ocr_line' id='line_1_17' title="bbox 344 2106 1275 2182; baseline -0.001 -16"><span class='ocrx_word' id='word_1_128' title='bbox 344 2108 425 2180; x_wconf 78' lang='lat' dir='ltr'>Quid</span> <span class='ocrx_word' id='word_1_129' title='bbox 453 2107 552 2167; x_wconf 82' lang='lat' dir='ltr'>Varro</span> <span class='ocrx_word' id='word_1_130' title='bbox 574 2109 679 2168; x_wconf 83' lang='lat' dir='ltr'>tradat</span> <span class='ocrx_word' id='word_1_131' title='bbox 702 2108 739 2167; x_wconf 85' lang='lat' dir='ltr'>dc</span> <span class='ocrx_word' id='word_1_132' title='bbox 762 2109 987 2182; x_wconf 68' lang='lat' dir='ltr'>concoctione</span> <span class='ocrx_word' id='word_1_133' title='bbox 1009 2106 1165 2182; x_wconf 75' lang='lat' dir='ltr'>Areopopi</span> <span class='ocrx_word' id='word_1_134' title='bbox 1186 2112 1215 2165; x_wconf 86' lang='lat' dir='ltr'>et</span> <span class='ocrx_word' id='word_1_135' title='bbox 1238 2107 1275 2165; x_wconf 85' lang='lat' dir='ltr'>de</span> 
     </span>
     <span class='ocr_line' id='line_1_18' title="bbox 633 2195 976 2276; baseline -0.003 -21"><span class='ocrx_word' id='word_1_136' title='bbox 633 2197 751 2276; x_wconf 37' lang='lat' dir='ltr'>‚diluvio</span> <span class='ocrx_word' id='word_1_137' title='bbox 773 2195 976 2255; x_wconf 66' lang='lat' dir='ltr'>deucalionis·</span> 
     </span>
    </p>
   </div>
   <div class='ocr_carea' id='block_1_5' title="bbox 300 2315 1365 3456">
    <p class='ocr_par' dir='ltr' id='par_1_5' title="bbox 300 2315 1365 3456">
     <span class='ocr_line' id='line_1_19' title="bbox 392 2315 1311 2379; baseline -0.004 -1"><span class='ocrx_word' id='word_1_138' title='bbox 392 2318 430 2379; x_wconf 88' lang='lat' dir='ltr'>Et</span> <span class='ocrx_word' id='word_1_139' title='bbox 457 2327 555 2378; x_wconf 91' lang='lat' dir='ltr'>tamen</span> <span class='ocrx_word' id='word_1_140' title='bbox 578 2317 694 2378; x_wconf 87' lang='lat' dir='ltr'>Marcus</span> <span class='ocrx_word' id='word_1_141' title='bbox 717 2317 808 2378; x_wconf 86' lang='lat' dir='ltr'>Varro</span> <span class='ocrx_word' id='word_1_142' title='bbox 839 2336 899 2378; x_wconf 88' lang='lat' dir='ltr'>non</span> <span class='ocrx_word' id='word_1_143' title='bbox 921 2317 984 2377; x_wconf 85' lang='lat' dir='ltr'>vult</span> <span class='ocrx_word' id='word_1_144' title='bbox 1006 2316 1147 2377; x_wconf 77' lang='lat' dir='ltr'>fabulosis</span> <span class='ocrx_word' id='word_1_145' title='bbox 1170 2315 1311 2376; x_wconf 89' lang='lat' dir='ltr'>adversus</span> 
     </span>
     <span class='ocr_line' id='line_1_20' title="bbox 302 2402 1310 2486; baseline -0.004 -20"><span class='ocrx_word' id='word_1_146' title='bbox 302 2407 376 2466; x_wconf 88' lang='lat' dir='ltr'>deos</span> <span class='ocrx_word' id='word_1_147' title='bbox 394 2406 481 2467; x_wconf 88' lang='lat' dir='ltr'>tidem</span> <span class='ocrx_word' id='word_1_148' title='bbox 501 2404 639 2466; x_wconf 89' lang='lat' dir='ltr'>adbibere</span> <span class='ocrx_word' id='word_1_149' title='bbox 658 2406 814 2486; x_wconf 86' lang='lat' dir='ltr'>figmentis,</span> <span class='ocrx_word' id='word_1_150' title='bbox 837 2423 875 2466; x_wconf 87' lang='lat' dir='ltr'>ne</span> <span class='ocrx_word' id='word_1_151' title='bbox 897 2404 934 2464; x_wconf 94' lang='lat' dir='ltr'>de</span> <span class='ocrx_word' id='word_1_152' title='bbox 958 2406 1118 2465; x_wconf 87' lang='lat' dir='ltr'>maiestatis</span> <span class='ocrx_word' id='word_1_153' title='bbox 1140 2421 1244 2464; x_wconf 89' lang='lat' dir='ltr'>eorum</span> <span class='ocrx_word' id='word_1_154' title='bbox 1267 2402 1310 2462; x_wconf 93' lang='lat' dir='ltr'>di-</span> 
     </span>
     <span class='ocr_line' id='line_1_21' title="bbox 303 2490 1364 2573; baseline 0.002 -19"><span class='ocrx_word' id='word_1_155' title='bbox 303 2497 414 2573; x_wconf 83' lang='lat' dir='ltr'>gnitate</span> <span class='ocrx_word' id='word_1_156' title='bbox 450 2494 604 2573; x_wconf 84' lang='lat' dir='ltr'>indignum</span> <span class='ocrx_word' id='word_1_157' title='bbox 641 2492 749 2572; x_wconf 90' lang='lat' dir='ltr'>aliquid</span> <span class='ocrx_word' id='word_1_158' title='bbox 788 2496 903 2554; x_wconf 90' lang='lat' dir='ltr'>sentiat.</span> <span class='ocrx_word' id='word_1_159' title='bbox 948 2491 986 2552; x_wconf 87' lang='lat' dir='ltr'>Et</span> <span class='ocrx_word' id='word_1_160' title='bbox 1021 2490 1088 2553; x_wconf 92' lang='lat' dir='ltr'>ideo</span> <span class='ocrx_word' id='word_1_161' title='bbox 1125 2509 1181 2552; x_wconf 88' lang='lat' dir='ltr'>nee</span> <span class='ocrx_word' id='word_1_162' title='bbox 1212 2496 1310 2551; x_wconf 90' lang='lat' dir='ltr'>Areon</span> <span class='ocrx_word' id='word_1_163' title='bbox 1329 2505 1364 2556; x_wconf 80' lang='lat'>20</span> 
     </span>
     <span class='ocr_line' id='line_1_22' title="bbox 304 2579 1311 2662; baseline -0.003 -21"><span class='ocrx_word' id='word_1_164' title='bbox 304 2600 409 2662; x_wconf 84' lang='lat' dir='ltr'>pagon,</span> <span class='ocrx_word' id='word_1_165' title='bbox 433 2581 483 2642; x_wconf 92' lang='lat' dir='ltr'>ubi</span> <span class='ocrx_word' id='word_1_166' title='bbox 503 2600 571 2643; x_wconf 90' lang='lat' dir='ltr'>cum</span> <span class='ocrx_word' id='word_1_167' title='bbox 589 2581 818 2642; x_wconf 87' lang='lat' dir='ltr'>Atheniensibus</span> <span class='ocrx_word' id='word_1_168' title='bbox 837 2581 945 2642; x_wconf 89' lang='lat' dir='ltr'>Paulus</span> <span class='ocrx_word' id='word_1_169' title='bbox 969 2580 1119 2660; x_wconf 87' lang='lat' dir='ltr'>apostolus</span> <span class='ocrx_word' id='word_1_170' title='bbox 1142 2579 1311 2660; x_wconf 88' lang='lat' dir='ltr'>disputavit,</span> 
     </span>
     <span class='ocr_line' id='line_1_23' title="bbox 303 2663 1311 2750; baseline -0.003 -20"><span class='ocrx_word' id='word_1_171' title='bbox 303 2663 341 2730; x_wconf 79' lang='lat' dir='ltr'>eu</span> <span class='ocrx_word' id='word_1_172' title='bbox 360 2689 419 2750; x_wconf 87' lang='lat' dir='ltr'>quo</span> <span class='ocrx_word' id='word_1_173' title='bbox 438 2671 502 2730; x_wconf 90' lang='lat' dir='ltr'>ioco</span> <span class='ocrx_word' id='word_1_174' title='bbox 521 2671 713 2750; x_wconf 74' lang='lat' dir='ltr'>Areopagitae</span> <span class='ocrx_word' id='word_1_175' title='bbox 733 2669 871 2749; x_wconf 87' lang='lat' dir='ltr'>appellati</span> <span class='ocrx_word' id='word_1_176' title='bbox 889 2677 959 2729; x_wconf 87' lang='lat' dir='ltr'>sunt</span> <span class='ocrx_word' id='word_1_177' title='bbox 977 2668 1103 2730; x_wconf 81' lang='lat' dir='ltr'>curiales</span> <span class='ocrx_word' id='word_1_178' title='bbox 1126 2667 1210 2728; x_wconf 89' lang='lat' dir='ltr'>urbis</span> <span class='ocrx_word' id='word_1_179' title='bbox 1232 2669 1311 2728; x_wconf 89' lang='lat' dir='ltr'>eius·</span> 
     </span>
     <span class='ocr_line' id='line_1_24' title="bbox 303 2754 1310 2838; baseline -0.002 -20"><span class='ocrx_word' id='word_1_180' title='bbox 303 2759 385 2838; x_wconf 92' lang='lat' dir='ltr'>dem,</span> <span class='ocrx_word' id='word_1_181' title='bbox 412 2758 474 2819; x_wconf 85' lang='lat' dir='ltr'>vult</span> <span class='ocrx_word' id='word_1_182' title='bbox 496 2759 565 2820; x_wconf 89' lang='lat' dir='ltr'>inde</span> <span class='ocrx_word' id='word_1_183' title='bbox 589 2760 737 2836; x_wconf 88' lang='lat' dir='ltr'>accepisse</span> <span class='ocrx_word' id='word_1_184' title='bbox 760 2775 882 2837; x_wconf 89' lang='lat' dir='ltr'>nomen,</span> <span class='ocrx_word' id='word_1_185' title='bbox 910 2757 989 2836; x_wconf 91' lang='lat' dir='ltr'>quod</span> <span class='ocrx_word' id='word_1_186' title='bbox 1012 2756 1102 2836; x_wconf 89' lang='lat' dir='ltr'>Mars,</span> <span class='ocrx_word' id='word_1_187' title='bbox 1125 2759 1177 2836; x_wconf 88' lang='lat' dir='ltr'>qui</span> <span class='ocrx_word' id='word_1_188' title='bbox 1199 2754 1310 2816; x_wconf 87' lang='lat' dir='ltr'>Graece</span> 
     </span>
     <span class='ocr_line' id='line_1_25' title="bbox 300 2842 1311 2928; baseline -0.004 -20"><span class='ocrx_word' id='word_1_189' title='bbox 300 2842 389 2926; x_wconf 76' lang='grc' dir='ltr'>Ἄρης</span> <span class='ocrx_word' id='word_1_190' title='bbox 412 2847 536 2928; x_wconf 87' lang='lat' dir='ltr'>dicitur,</span> <span class='ocrx_word' id='word_1_191' title='bbox 560 2865 628 2906; x_wconf 87' lang='lat' dir='ltr'>eum</span> <span class='ocrx_word' id='word_1_192' title='bbox 650 2846 801 2906; x_wconf 88' lang='lat' dir='ltr'>homicidii</span> <span class='ocrx_word' id='word_1_193' title='bbox 824 2847 947 2906; x_wconf 88' lang='lat' dir='ltr'>crimine</span> <span class='ocrx_word' id='word_1_194' title='bbox 970 2863 1041 2906; x_wconf 88' lang='lat' dir='ltr'>reus</span> <span class='ocrx_word' id='word_1_195' title='bbox 1064 2845 1157 2919; x_wconf 87' lang='lat' dir='ltr'>fieret,</span> <span class='ocrx_word' id='word_1_196' title='bbox 1180 2844 1311 2905; x_wconf 84' lang='lat' dir='ltr'>iudican-</span> 
     </span>
     <span class='ocr_line' id='line_1_26' title="bbox 305 2932 1363 3014; baseline -0.005 -18"><span class='ocrx_word' id='word_1_197' title='bbox 305 2935 386 2998; x_wconf 89' lang='lat' dir='ltr'>tibus</span> <span class='ocrx_word' id='word_1_198' title='bbox 414 2935 569 2996; x_wconf 87' lang='lat' dir='ltr'>duodeeim</span> <span class='ocrx_word' id='word_1_199' title='bbox 597 2935 653 2996; x_wconf 91' lang='lat' dir='ltr'>diis</span> <span class='ocrx_word' id='word_1_200' title='bbox 680 2936 711 2994; x_wconf 94' lang='lat' dir='ltr'>in</span> <span class='ocrx_word' id='word_1_201' title='bbox 739 2953 774 2994; x_wconf 92' lang='lat' dir='ltr'>eo</span> <span class='ocrx_word' id='word_1_202' title='bbox 801 2953 876 3014; x_wconf 85' lang='lat' dir='ltr'>pago</span> <span class='ocrx_word' id='word_1_203' title='bbox 904 2951 957 2994; x_wconf 85' lang='lat' dir='ltr'>sex</span> <span class='ocrx_word' id='word_1_204' title='bbox 980 2935 1135 2993; x_wconf 90' lang='lat' dir='ltr'>sententiis</span> <span class='ocrx_word' id='word_1_205' title='bbox 1158 2932 1310 2993; x_wconf 87' lang='lat' dir='ltr'>absolutus</span> <span class='ocrx_word' id='word_1_206' title='bbox 1329 2944 1363 2993; x_wconf 78' lang='lat'>25</span> 
     </span>
     <span class='ocr_line' id='line_1_27' title="bbox 304 3017 1312 3102; baseline -0.004 -18"><span class='ocrx_word' id='word_1_207' title='bbox 304 3030 351 3084; x_wconf 89' lang='lat' dir='ltr'>est</span> <span class='ocrx_word' id='word_1_208' title='bbox 375 3017 460 3102; x_wconf 88' lang='lat' dir='ltr'>(quia</span> <span class='ocrx_word' id='word_1_209' title='bbox 488 3023 539 3084; x_wconf 93' lang='lat' dir='ltr'>ubi</span> <span class='ocrx_word' id='word_1_210' title='bbox 566 3025 646 3102; x_wconf 91' lang='lat' dir='ltr'>paris</span> <span class='ocrx_word' id='word_1_211' title='bbox 675 3025 792 3083; x_wconf 89' lang='lat' dir='ltr'>numeri</span> <span class='ocrx_word' id='word_1_212' title='bbox 814 3023 978 3083; x_wconf 90' lang='lat' dir='ltr'>sententiae</span> <span class='ocrx_word' id='word_1_213' title='bbox 1001 3021 1141 3100; x_wconf 79' lang='lat' dir='ltr'>fuissent,</span> <span class='ocrx_word' id='word_1_214' title='bbox 1170 3023 1312 3100; x_wconf 90' lang='lat' dir='ltr'>praeponi</span> 
     </span>
     <span class='ocr_line' id='line_1_28' title="bbox 303 3104 1311 3192; baseline -0.003 -21"><span class='ocrx_word' id='word_1_215' title='bbox 303 3110 451 3171; x_wconf 85' lang='lat' dir='ltr'>absolutio</span> <span class='ocrx_word' id='word_1_216' title='bbox 484 3111 662 3172; x_wconf 88' lang='lat' dir='ltr'>damnationi</span> <span class='ocrx_word' id='word_1_217' title='bbox 694 3104 835 3192; x_wconf 87' lang='lat' dir='ltr'>solebat);</span> <span class='ocrx_word' id='word_1_218' title='bbox 872 3108 923 3170; x_wconf 91' lang='lat' dir='ltr'>sed</span> <span class='ocrx_word' id='word_1_219' title='bbox 960 3117 1064 3169; x_wconf 90' lang='lat' dir='ltr'>contra</span> <span class='ocrx_word' id='word_1_220' title='bbox 1095 3111 1199 3189; x_wconf 92' lang='lat' dir='ltr'>istam,</span> <span class='ocrx_word' id='word_1_221' title='bbox 1236 3127 1311 3187; x_wconf 87' lang='lat' dir='ltr'>qnae</span> 
     </span>
     <span class='ocr_line' id='line_1_29' title="bbox 307 3197 1312 3279; baseline -0.002 -20"><span class='ocrx_word' id='word_1_222' title='bbox 307 3199 399 3260; x_wconf 89' lang='lat' dir='ltr'>multo</span> <span class='ocrx_word' id='word_1_223' title='bbox 418 3199 543 3277; x_wconf 90' lang='lat' dir='ltr'>amplius</span> <span class='ocrx_word' id='word_1_224' title='bbox 563 3210 608 3260; x_wconf 88' lang='lat' dir='ltr'>est</span> <span class='ocrx_word' id='word_1_225' title='bbox 626 3197 783 3279; x_wconf 88' lang='lat' dir='ltr'>celebrata,</span> <span class='ocrx_word' id='word_1_226' title='bbox 805 3200 974 3277; x_wconf 90' lang='lat' dir='ltr'>opinionem</span> <span class='ocrx_word' id='word_1_227' title='bbox 998 3197 1083 3257; x_wconf 90' lang='lat' dir='ltr'>aliam</span> <span class='ocrx_word' id='word_1_228' title='bbox 1106 3197 1252 3276; x_wconf 90' lang='lat' dir='ltr'>quandam</span> <span class='ocrx_word' id='word_1_229' title='bbox 1275 3197 1312 3257; x_wconf 91' lang='lat' dir='ltr'>de</span> 
     </span>
     <span class='ocr_line' id='line_1_30' title="bbox 303 3284 1311 3348; baseline -0.005 -1"><span class='ocrx_word' id='word_1_230' title='bbox 303 3285 500 3348; x_wconf 90' lang='lat' dir='ltr'>obscurarum</span> <span class='ocrx_word' id='word_1_231' title='bbox 519 3289 623 3348; x_wconf 89' lang='lat' dir='ltr'>notitia</span> <span class='ocrx_word' id='word_1_232' title='bbox 641 3286 805 3348; x_wconf 87' lang='lat' dir='ltr'>litterarum</span> <span class='ocrx_word' id='word_1_233' title='bbox 825 3293 943 3346; x_wconf 90' lang='lat' dir='ltr'>eausam</span> <span class='ocrx_word' id='word_1_234' title='bbox 963 3287 1091 3346; x_wconf 91' lang='lat' dir='ltr'>nominis</span> <span class='ocrx_word' id='word_1_235' title='bbox 1114 3284 1202 3345; x_wconf 84' lang='lat' dir='ltr'>huius</span> <span class='ocrx_word' id='word_1_236' title='bbox 1225 3301 1311 3344; x_wconf 91' lang='lat' dir='ltr'>cona-</span> 
     </span>
     <span class='ocr_line' id='line_1_31' title="bbox 305 3372 1365 3456; baseline -0.001 -21"><span class='ocrx_word' id='word_1_237' title='bbox 305 3382 355 3436; x_wconf 88' lang='lat' dir='ltr'>tur</span> <span class='ocrx_word' id='word_1_238' title='bbox 386 3384 537 3456; x_wconf 86' lang='lat' dir='ltr'>astruere,</span> <span class='ocrx_word' id='word_1_239' title='bbox 566 3394 603 3436; x_wconf 88' lang='lat' dir='ltr'>ne</span> <span class='ocrx_word' id='word_1_240' title='bbox 640 3378 738 3435; x_wconf 80' lang='lat' dir='ltr'>Areon</span> <span class='ocrx_word' id='word_1_241' title='bbox 770 3392 880 3454; x_wconf 83' lang='lat' dir='ltr'>pagon-</span> <span class='ocrx_word' id='word_1_242' title='bbox 898 3373 1093 3434; x_wconf 78' lang='lat' dir='ltr'>Athenienses</span> <span class='ocrx_word' id='word_1_243' title='bbox 1124 3372 1160 3432; x_wconf 91' lang='lat' dir='ltr'>de</span> <span class='ocrx_word' id='word_1_244' title='bbox 1193 3374 1311 3432; x_wconf 92' lang='lat' dir='ltr'>nomine</span> <span class='ocrx_word' id='word_1_245' title='bbox 1330 3385 1365 3434; x_wconf 79' lang='lat'>30</span> 
     </span>
    </p>
   </div>
   <div class='ocr_carea' id='block_1_6' title="bbox 376 3529 676 3596">
    <p class='ocr_par' dir='ltr' id='par_1_6' title="bbox 376 3529 676 3596">
     <span class='ocr_line' id='line_1_32' title="bbox 376 3529 676 3596; baseline 0 -16"><span class='ocrx_word' id='word_1_246' title='bbox 376 3529 420 3592; x_wconf 81' lang='lat'>21)</span> <span class='ocrx_word' id='word_1_247' title='bbox 441 3530 500 3582; x_wconf 80' lang='lat' dir='ltr'>Act.</span> <span class='ocrx_word' id='word_1_248' title='bbox 518 3533 676 3596; x_wconf 78' lang='lat' dir='ltr'>17‚19sqq.</span> 
     </span>
    </p>
   </div>
   <div class='ocr_carea' id='block_1_7' title="bbox 305 3719 1311 3865">
    <p class='ocr_par' dir='ltr' id='par_1_7' title="bbox 305 3719 1311 3865">
     <span class='ocr_line' id='line_1_33' title="bbox 378 3719 1311 3790; baseline -0.01 -11"><span class='ocrx_word' id='word_1_249' title='bbox 378 3731 392 3780; x_wconf 94' lang='lat'>1</span> <span class='ocrx_word' id='word_1_250' title='bbox 411 3726 461 3778; x_wconf 82' lang='lat' dir='ltr'>aut</span> <span class='ocrx_word' id='word_1_251' title='bbox 477 3739 545 3789; x_wconf 61' lang='lat' dir='ltr'>orem</span> <span class='ocrx_word' id='word_1_252' title='bbox 567 3739 600 3776; x_wconf 83' lang='lat' dir='ltr'>ac</span> <span class='ocrx_word' id='word_1_253' title='bbox 618 3723 657 3790; x_wconf 80' lang='lat' dir='ltr'>vss</span> <span class='ocrx_word' id='word_1_254' title='bbox 673 3728 705 3776; x_wconf 86' lang='lat'>18</span> <span class='ocrx_word' id='word_1_255' title='bbox 724 3723 753 3776; x_wconf 83' lang='lat' dir='ltr'>et</span> <span class='ocrx_word' id='word_1_256' title='bbox 769 3723 866 3773; x_wconf 82' lang='lat' dir='ltr'>tamen</span> <span class='ocrx_word' id='word_1_257' title='bbox 882 3733 950 3784; x_wconf 60' lang='lat' dir='ltr'>meu</span> <span class='ocrx_word' id='word_1_258' title='bbox 972 3719 1104 3772; x_wconf 74' lang='lat' dir='ltr'>Attamen</span> <span class='ocrx_word' id='word_1_259' title='bbox 1121 3733 1137 3770; x_wconf 86' lang='lat' dir='ltr'>o</span> <span class='ocrx_word' id='word_1_260' title='bbox 1154 3719 1165 3785; x_wconf 73' lang='lat' dir='ltr'>i</span> <span class='ocrx_word' id='word_1_261' title='bbox 1183 3721 1216 3769; x_wconf 77' lang='lat'>20</span> <span class='ocrx_word' id='word_1_262' title='bbox 1235 3721 1260 3770; x_wconf 80' lang='lat' dir='ltr'>et</span> <span class='ocrx_word' id='word_1_263' title='bbox 1277 3721 1311 3770; x_wconf 82' lang='lat'>30</span> 
     </span>
     <span class='ocr_line' id='line_1_34' title="bbox 305 3793 808 3865; baseline -0.006 -19"><span class='ocrx_word' id='word_1_264' title='bbox 305 3809 390 3850; x_wconf 82' lang='lat' dir='ltr'>oreon</span> <span class='ocrx_word' id='word_1_265' title='bbox 408 3811 502 3865; x_wconf 78' lang='lat' dir='ltr'>pagna</span> <span class='ocrx_word' id='word_1_266' title='bbox 519 3809 591 3858; x_wconf 85' lang='lat' dir='ltr'>mas;</span> <span class='ocrx_word' id='word_1_267' title='bbox 609 3793 808 3861; x_wconf 81' lang='lat' dir='ltr'>Areopagono</span> 
     </span>
    </p>
   </div>
   <div class='ocr_carea' id='block_1_8' title="bbox 0 0 1650 4459">
    <p class='ocr_par' dir='ltr' id='par_1_8' title="bbox 0 0 1650 4459">
     <span class='ocr_line' id='line_1_35' title="bbox 0 0 1650 4459; baseline 0 0"><span class='ocrx_word' id='word_1_268' title='bbox 0 0 1650 4459; x_wconf 95' lang='lat' dir='ltr'> </span> 
     </span>
    </p>
   </div>
  </div>
 </body>
</html>
