3284 4459
541 554 582 595 nn
596 554 844 597 camusnnnmu.
858 555 1003 598 xv11.c.e.
1209 541 1273 606 211

266 697 301 750 ut
332 688 405 750 dicit
437 689 603 770 apostulus,
635 692 696 750 aiei
726 692 780 764 pur·
812 696 843 752 et
869 692 1025 752 descendit
1050 693 1082 751 in
1114 688 1276 766 inferiores

263 786 370 856 partes
399 780 523 839 terrae?
563 779 623 850 Qui
648 780 815 852 descendit,
844 781 907 854 r’pse
934 785 1035 840 estet
1063 782 1118 854 qui
1139 781 1277 840 ascendit

264 884 360 943 super
389 884 489 927 omnes
520 870 635 939 caelos,
667 874 702 926 rt
730 869 912 942 adimpleret
939 870 1049 927 omnia.
1094 865 1152 926 Per
1181 866 1276 927 nubes

265 973 338 1033 ergo
368 972 437 1015 suas
468 956 580 1034 tonuit,
613 971 687 1032 quas
719 963 821 1014 sancte
853 953 965 1034 Spiritu
996 973 1064 1014 eum
1094 955 1276 1016 ascendisset

264 1042 406 1122 implevit.
452 1041 494 1101 lie
514 1041 621 1120 quihus
640 1041 761 1102 ancillae
780 1040 974 1123 Hierusalem,
997 1043 1052 1103 hoc
1077 1051 1122 1104 est
1144 1045 1274 1122 ingratae
1294 1053 1310 1103 5

265 1133 383 1210 vineae,
412 1133 607 1191 comminatus
631 1138 677 1190 est
699 1129 776 1209 apud
799 1129 916 1191 Esaiam
939 1130 1126 1212 prophetam,
1150 1149 1186 1192 ne
1210 1131 1274 1210 plu·

266 1228 316 1279 ant
340 1237 431 1298 super
454 1237 519 1279 eam
542 1217 676 1278 imbrem.
722 1217 771 1278 Sic
794 1227 893 1279 autem
916 1217 1027 1280 dictum
1051 1227 1109 1280 est:
1139 1221 1207 1296 Ipse
1229 1223 1274 1280 iu-

266 1309 386 1369 dicabit
405 1315 544 1369 extrema
566 1314 683 1381 terrae,
706 1324 740 1367 ac
763 1309 789 1367 si
811 1307 974 1368 diceretur:
1003 1307 1121 1387 „Etiam
1145 1317 1275 1368 extrema

266 1390 392 1455 terrae.“
437 1393 502 1455 Non
525 1397 605 1454 enim
628 1395 698 1454 alias
721 1403 821 1475 partes
844 1413 903 1455 nen
927 1394 1076 1477 iudicabit,
1098 1398 1150 1474 qui
1173 1413 1275 1456 omnes

266 1483 402 1544 homines
424 1482 528 1562 procul
548 1481 638 1543 dubio
656 1482 805 1543 indicabit.
852 1482 911 1543 Sed
934 1483 1039 1544 meiius
1062 1483 1275 1562 intelleguntur
1294 1497 1327 1545 10

266 1579 402 1632 extrema
423 1579 520 1631 terrae
544 1571 837 1651 extremaheminis3
861 1573 998 1650 quoniam
1023 1590 1081 1632 non
1103 1571 1275 1632 iudicabun-

265 1668 330 1741 tur,
360 1677 434 1738 quae
458 1662 489 1719 in
513 1659 618 1719 melius
641 1658 686 1719 vel
709 1661 740 1721 in
764 1660 896 1720 deterius
919 1658 1015 1720 medio
1039 1668 1172 1740 tempure
1196 1679 1274 1721 com·

266 1757 436 1828 mutantur,
466 1748 519 1808 sed
551 1749 582 1806 in
614 1747 722 1826 quihus
750 1749 890 1809 extremis
923 1750 1060 1808 inventus
1091 1750 1194 1830 inerit,
1224 1750 1275 1828 qui

265 1836 452 1896 iudicabitur.
496 1835 719 1915 Propterquod
738 1835 927 1897 dictumest:
955 1837 1016 1910 Oui
1032 1840 1277 1913 perseveraverit

267 1943 362 1999 usqae
384 1928 416 1984 in
435 1927 542 1999 finem,
565 1926 616 1984 hic
637 1928 740 1985 salvus
762 1927 830 1986 erit.
875 1923 933 1994 Qui
956 1943 1026 2003 erge
1049 1934 1276 2005 perseveranter
1295 1937 1327 1984 15

268 2013 339 2072 iacit
366 2011 508 2072 iudicium
537 2020 567 2072 et
594 2013 736 2073 iustitiam
759 2014 789 2072 in
814 2011 910 2072 medio
933 2021 1044 2094 terrae,
1074 2031 1134 2073 non
1158 2013 1274 2074 damna·
1345 2021 1346 2024 ’

267 2100 361 2181 bitur,
388 2119 456 2160 cum
485 2099 695 2160 iudicabuntur
718 2109 848 2161 extrema
872 2109 977 2161 terrae.
1024 2102 1064 2161 Et
1085 2103 1147 2175 det,
1170 2104 1276 2182 inquit,

266 2192 407 2249 virtutem
427 2190 550 2264 repihus
567 2191 696 2259 uostris;
714 2196 748 2248 ut
766 2206 826 2248 non
845 2207 896 2248 ees
915 2188 1070 2248 iudicando
1090 2190 1275 2250 condemnet.

266 2277 321 2338 Dat
352 2279 395 2337 eis
427 2279 580 2357 virtutem,
610 2295 667 2355 qua
697 2294 816 2337 carnem
845 2279 921 2338 sicut
949 2295 1034 2355 reges
1065 2288 1169 2356 regant
1191 2286 1221 2338 et
1242 2280 1274 2338 iu

265 2364 315 2425 ille
345 2364 502 2446 mundum,
529 2367 580 2443 qui
607 2372 730 2444 prepter
759 2383 810 2424 eos
833 2365 910 2425 iuuit
933 2367 1121 2448 sauguinem,
1148 2368 1328 2426 vincentio

266 2455 308 2514 Et
339 2455 487 2515 exultabit
518 2470 644 2514 ceruum
676 2455 786 2514 christi
814 2456 870 2513 sui.
923 2452 987 2524 Quo
1020 2454 1107 2515 modu
1140 2453 1274 2515 Christus

266 2540 405 2602 exaltabit
428 2557 552 2602 cornum
571 2540 674 2601 christi
697 2537 765 2601 sui?
800 2540 843 2600 De
866 2559 925 2620 quo
948 2543 1027 2601 enirn
1051 2559 1139 2621 supra
1162 2541 1274 2602 dictum

266 2638 326 2692 est:
350 2632 494 2691 Dominus
518 2631 656 2690 ascendit
677 2631 710 2690 in
732 2633 846 2705 caeles,
869 2638 900 2688 et
922 2628 1090 2690 intellectus
1113 2639 1159 2690 est
1178 2629 1273 2690 Domi-

266 2737 324 2779 nus
354 2717 503 2778 Christus:
534 2720 611 2798 ipse,
644 2719 721 2777 sicut
747 2717 795 2777 hic
824 2717 945 2798 dicitur,
971 2720 1122 2778 exaltabit
1147 2736 1274 2780 cornum

267 2810 378 2868 christi
398 2810 453 2868 sui.
500 2805 573 2877 Quis
596 2823 667 2884 erge
691 2814 737 2866 est
759 2805 889 2866 christus
913 2802 1047 2867 Christi?
1081 2805 1126 2866 An
1150 2824 1274 2868 cornum
1293 2818 1326 2866 25

267 2894 407 2956 exaltabit
445 2895 681 2972 uniuscuiusque
721 2893 815 2954 fidelis
855 2896 914 2973 sui,
953 2896 1030 2955 sicut
1062 2896 1118 2954 ista
1151 2897 1214 2973 ipsa
1243 2898 1273 2955 in

265 2985 413 3063 principio
441 2983 530 3043 huius
552 2982 654 3061 hymni
680 2984 734 3042 ait:
763 2983 939 3042 Exultatum
962 2989 1007 3045 est
1028 3001 1154 3044 coruum
1176 3001 1273 3044 meum

267 3077 298 3133 in
322 3073 386 3133 Deo
408 3074 494 3132 meo?
530 3069 641 3132 Omnes
659 3072 769 3149 quippe
792 3080 898 3130 unctos
923 3072 987 3131 eius
1010 3070 1168 3131 chrismate
1192 3080 1273 3132 reete

266 3161 395 3221 christos
426 3177 583 3239 possumus
613 3157 727 3238 dicere,
759 3158 839 3236 quod
866 3166 964 3218 tamen
995 3166 1089 3218 totum
1121 3177 1189 3218 cum
1220 3178 1273 3220 suc

266 3251 362 3327 capite
386 3266 495 3327 corpus
517 3265 595 3318 unus
618 3255 664 3306 est
683 3245 826 3307 Christus.
872 3244 951 3306 Haec
973 3245 1056 3307 Anna
1079 3247 1274 3328 prophetavit,
1293 3259 1328 3307 30

267 3336 414 3397 Samuelis
436 3330 548 3416 mater,
579 3337 673 3394 sancti
699 3336 755 3394 viri
788 3333 972 3413 multumque
1001 3333 1123 3414 laudati,
1155 3337 1186 3394 in
1214 3354 1272 3414 quo

266 3425 387 3505 quidem
418 3433 488 3485 tunc
519 3425 642 3502 figurata
674 3432 720 3482 est
756 3423 880 3483 mutatio
910 3425 1019 3483 veteris
1054 3421 1211 3482 sacerdotii
1243 3432 1273 3483 et

265 3531 347 3574 nrrne
376 3512 511 3594 impleta,
538 3510 655 3591 quande
684 3511 830 3570 infirmata
858 3520 904 3570 est
931 3527 1005 3589 quae
1034 3510 1126 3571 muita
1156 3512 1273 3570 eratin

338 3648 365 3715 3)
382 3647 453 3716 nph.
473 3652 498 3712 4,
513 3651 580 3715 iisq.
632 3647 657 3715 7)
676 3645 750 3700 Esai.
770 3649 795 3712 5,
811 3652 835 3702 6.
874 3647 917 3714 16)
937 3645 986 3700 Mt.
1008 3649 1049 3713 10,
1065 3651 1107 3700 22.

338 3794 352 3840 1
369 3789 398 3842 et
411 3804 460 3842 em.
471 3789 521 3857 Fp
534 3790 544 3856 ΙΙ
557 3793 601 3852 21,
611 3791 653 3852 22,
664 3791 698 3838 24
713 3801 828 3840 cornum
838 3786 911 3851 AF3
927 3803 1011 3840 cornu
1022 3787 1070 3841 Ru
1083 3787 1093 3854 u
1106 3789 1140 3838 25
1156 3785 1276 3839 christus

265 3858 364 3913 christi
374 3859 503 3926 RAFp3
518 3854 638 3912 chrishrs
651 3856 749 3911 christi
761 3856 804 3909 sui
816 3857 947 3927 Gabepe
961 3857 971 3924 ΙΙ
985 3871 1098 3908 cornum
1109 3857 1137 3912 A
1150 3857 1159 3926 ΙΙ
1173 3861 1205 3910 27
1217 3871 1275 3908 cor-

264 3947 333 3984 num
351 3929 424 3995 Am
444 3945 529 3982 cornu
548 3930 597 3983 Re

1011 4011 1061 4065 14*
