3284 4459
564 492 605 531 on
619 491 762 532 umrsru
776 493 830 532 our
843 492 870 532 n.
885 493 960 532 xxm.
975 492 998 533 o.
1011 494 1031 533 o.
1234 478 1298 543 577

292 636 483 707 pararentur,
511 629 674 686 amicorum
701 627 766 687 eius
794 626 912 704 qnidam
939 628 1018 687 inter
1047 627 1171 686 aliorum
1195 645 1297 687 conso·

291 717 415 776 lentium
438 714 528 775 verba
551 716 707 795 suggessit,
729 721 764 774 ut
786 714 918 775 eiusdem
943 717 1080 793 martyris
1102 715 1167 774 oleo
1191 733 1299 795 corpus

290 811 537 881 perunguerctur.
582 804 704 866 Factum
728 815 786 884 est,
809 812 840 866 et
862 806 977 866 revixit

380 889 513 968 Itemque
544 888 620 968 apud
649 907 704 949 nos
733 892 777 950 vir
811 890 989 951 tribunicius
1018 890 1176 951 Eleusiniis
1209 910 1299 971 super

293 979 464 1038 memoriam
487 989 663 1057 martyrum,
687 981 814 1056 quaein
840 978 1009 1039 suburbano
1033 981 1097 1039 eius
1121 989 1182 1059 est,
1205 983 1333 1059 aegri-5

293 1067 394 1126 tudine
431 1068 628 1126 exanimatum
664 1068 764 1144 posuit
803 1066 980 1127 infantulum
1019 1067 1128 1148 filium,
1165 1077 1196 1128 ct
1231 1076 1299 1148 post

292 1158 469 1234 orationem,
497 1171 585 1233 quam
609 1154 709 1214 multis
733 1172 801 1215 cum
824 1153 952 1215 lacrimis
975 1154 1017 1215 ibi
1040 1156 1129 1237 fudit,
1152 1159 1298 1217 virentem

292 1243 405 1303 levavit.

381 1329 457 1400 Quid
480 1327 606 1391 faciam?
651 1330 743 1409 Urget
770 1330 858 1391 buius
882 1334 980 1411 operis
1003 1331 1151 1411 implenda
1173 1336 1298 1411 promis-

292 1422 351 1500 sio,
378 1428 412 1479 ut
441 1437 500 1479 non
529 1419 577 1479 hic
604 1422 716 1499 possim
744 1422 841 1479 omnia
869 1438 1100 1481 commemorare
1124 1439 1198 1499 qnae
1222 1423 1350 1501 sci0310

292 1516 323 1567 et
340 1507 444 1586 procul
463 1507 552 1568 dnbio
570 1507 704 1586 plerique
727 1517 908 1588 nostrorum,
930 1526 999 1569 cum
1022 1508 1094 1569 haec
1116 1509 1224 1590 legent,
1248 1510 1297 1569 do·

291 1595 395 1656 lebunt
418 1614 464 1655 me
488 1598 721 1674 praetermisisse
744 1603 804 1656 tam
828 1596 933 1676 multa,
955 1616 1030 1675 quac
1054 1599 1156 1676 ntique
1180 1616 1297 1659 meeum

291 1686 397 1745 sciunt.
444 1683 525 1753 Quos
549 1686 605 1744 iam
628 1702 722 1764 nunc,
749 1693 788 1743 ut·
810 1686 976 1763 ignoscant,
1005 1704 1092 1765 rogo,
1115 1694 1145 1746 ct
1168 1687 1299 1765 cogitent

291 1790 380 1851 qnam
402 1771 509 1851 prolixi
535 1772 645 1833 laboris
668 1774 707 1833 sit
737 1773 847 1853 lacere,
875 1772 953 1851 quod
976 1792 1023 1833 me
1047 1775 1177 1834 hicnon
1201 1775 1297 1835 lacere

292 1863 424 1939 suscepti
452 1864 550 1939 operis
579 1862 740 1920 necessitas
768 1863 856 1939 cogit.
902 1860 934 1921 Si
957 1864 1036 1922 enim
1059 1862 1199 1923 miracula
1222 1866 1351 1923 sani-15

291 1958 400 2029 tatum,
433 1957 467 2009 ut
499 1948 554 2009 alia
586 1957 711 2029 taceam,
743 1966 778 2009 ea
804 1950 1006 2011 tantummodo
1036 1950 1123 2010 velim
1157 1950 1298 2033 seribere,

291 2055 366 2116 quae
393 2055 448 2115 per
474 2036 554 2097 bunc
581 2045 753 2118 martyrem,
782 2036 811 2097 id
837 2047 882 2098 est
905 2037 1151 2117 gloriosissimum
1175 2039 1297 2118 Stepha-

289 2143 372 2205 num,
394 2125 471 2185 lacta
489 2135 559 2185 sunt
576 2127 607 2184 in
626 2124 740 2185 colonia
758 2124 922 2186 Calamensi
942 2135 972 2186 et
989 2129 1020 2187 in
1044 2135 1154 2208 nostra,
1177 2127 1297 2206 plurimi

290 2213 466 2273 conficiendi
493 2219 564 2273 sunt
585 2212 668 2293 libri,
694 2231 750 2273 uec
777 2223 876 2274 tamen
906 2216 1003 2274 omnia
1026 2214 1122 2293 colligi
1145 2224 1295 2296 poterunt,

290 2301 343 2362 scd
371 2310 485 2361 tantum
512 2302 548 2361 de
577 2300 684 2379 quibus
712 2300 802 2362 libelli
831 2302 891 2361 dati
914 2311 997 2383 sunt,
1025 2304 1075 2381 qui
1098 2305 1295 2364 recitarentur
1315 2316 1349 2365 20

289 2393 322 2450 in
341 2389 466 2468 populis.
511 2389 543 2449 ld
563 2408 688 2467 namque
707 2390 773 2450 lieri
790 2389 945 2470 voluimus,
969 2409 1035 2451 cnm
1055 2390 1222 2451 videremus
1247 2410 1296 2451 an-

289 2480 382 2555 tiquis
401 2477 505 2537 similia
524 2478 687 2537 divinarum
707 2480 790 2556 signa
813 2480 956 2539 virtutum
980 2482 1076 2538 etiam·
1091 2482 1200 2539 nostris
1224 2486 1296 2540 tem-

290 2565 414 2645 poribus
444 2566 626 2644 lrequentari
657 2576 688 2625 et
714 2584 749 2625 ea
776 2584 836 2626 non
860 2566 968 2627 debere
993 2566 1153 2628 multorum
1176 2570 1297 2628 notitiae

290 2654 435 2733 deperire.
480 2654 618 2714 Nondum
650 2662 696 2713 cst
727 2663 826 2715 autem
857 2653 1027 2735 biennium,
1059 2673 1096 2715 ex
1128 2673 1186 2734 quo
1219 2657 1296 2735 apud

290 2741 456 2821 Hipponem
487 2745 602 2821 regium
634 2744 731 2820 coepit
763 2761 830 2802 csse
856 2744 912 2803 ista
940 2745 1098 2824 memoria,
1128 2751 1158 2804 et
1187 2744 1349 2825 multisne

289 2829 370 2908 quod
389 2829 474 2889 nobis
492 2833 691 2891 certissimum
709 2840 764 2912 est,
787 2848 847 2891 non
865 2830 940 2890 datis
959 2830 1063 2891 libellis
1082 2831 1118 2891 de
1142 2832 1197 2913 his,
1221 2851 1296 2911 quac

291 2917 466 2979 mirabiliter
495 2918 570 2979 lacta
598 2928 683 2999 sunt,
712 2918 755 2978 illi
782 2921 840 2998 ipsi
870 2921 922 2997 qui
944 2918 1004 2979 dati
1026 2928 1097 2981 sunt
1119 2920 1155 2980 ad
1179 2929 1295 3000 septua-

288 3009 371 3085 ginta
389 3006 482 3066 lerme
501 3025 658 3067 nnmerum
676 3016 883 3089 pervenerant,
905 3007 1021 3086 quando
1045 3010 1101 3068 ista
1124 3012 1296 3089 conscripsi.

290 3094 423 3154 Calamae
446 3112 530 3169 vcro,
557 3093 609 3155 ubi
631 3102 662 3156 et
684 3097 747 3173 ipsa
769 3098 910 3156 memoria
937 3098 1021 3174 prius
1045 3115 1110 3157 esse
1141 3100 1239 3176 coepit
1267 3105 1297 3158 et

290 3181 426 3243 crebrius
449 3182 564 3262 dantur,
587 3183 808 3261 incomparabili
832 3182 1019 3245 mullitudine
1043 3194 1192 3263 superant.
1316 3198 1350 3246 30

378 3269 459 3331 Uzali
485 3273 588 3351 etiam,
618 3289 693 3349 quae
722 3271 837 3332 colonia
859 3272 960 3333 Uticae
987 3274 1082 3333 vicina
1110 3281 1171 3353 est,
1205 3272 1296 3333 multa

290 3358 439 3438 praeclara
469 3376 523 3438 per
551 3358 678 3419 eundem
700 3370 861 3439 martyrem
883 3360 959 3421 lacta
982 3363 1189 3441 cognovimus3
1213 3364 1297 3421 cuius

290 3446 331 3507 ibi
350 3448 491 3507 memoria
508 3446 594 3526 longe
612 3449 697 3527 prius
715 3466 803 3527 quam
826 3448 903 3527 apud
926 3466 980 3508 nos
1004 3448 1040 3509 ab
1063 3450 1204 3527 episcopo
1223 3448 1297 3509 Evo-

288 3579 501 3587 -—..---.-..

361 3640 377 3687 3
400 3652 565 3707 perunguer.
585 3640 697 3711 RGe93
721 3658 868 3712 perungor.
888 3645 960 3698 Ano
982 3646 991 3713 ll
1012 3649 1030 3697 4
1053 3644 1205 3699 eleusinius
1224 3655 1300 3713 *iarn

289 3705 440 3759 eleusimus
457 3708 485 3761 e¹
504 3711 513 3777 ΙΙ
534 3715 550 3762 6
568 3712 703 3764 memorio
721 3715 749 3766 A
767 3716 776 3782 ΙΙ
793 3714 924 3782 martyris
943 3716 1004 3783 bop
1021 3716 1031 3785 ΙΙ
1049 3720 1065 3769 9
1084 3715 1227 3785 implendo
1248 3733 1302 3771 maa

289 3781 443 3845 (486,17);
461 3778 599 3847 implendi
616 3798 633 3835 o
650 3785 659 3851 ΙΙ
678 3788 711 3835 26
730 3783 765 3837 de
783 3784 819 3837 iis
837 3802 854 3839 e

346 3886 401 3918 suo.
416 3886 449 3916 nn
464 3887 508 3918 cxv.
522 3887 570 3917 1³11.
594 3879 624 3917 Π.
1055 3880 1088 3928 3¹¹1
