3284 4459
356 500 422 566 370
748 509 949 552 succesum

356 646 543 726 exactoribus
569 645 673 706 talium
699 652 910 724 tantorumque
937 642 1130 724 dedecorum,
1159 646 1231 706 satis
1261 643 1298 706 al)
1320 647 1368 706 eis

355 740 407 817 qni
429 735 564 797 colantur
587 742 722 813 apertum
744 740 798 792 est.

771 937 888 1006 Oneon
905 938 945 1006 X.

360 1074 434 1148 oues
449 1070 572 1148 fructos
590 1069 705 1130 scoctts
728 1068 766 1129 de
787 1073 934 1143 superato
956 1068 1048 1128 tutae
1069 1070 1150 1129 ritae
1172 1073 1369 1146 temptatione

321 1170 338 1222 o
779 1158 936 1232 portatae.

446 1282 504 1345 Sed
524 1299 620 1360 neque
640 1281 735 1340 sancti
756 1286 788 1339 et
805 1277 907 1338 fideles
929 1280 1019 1339 unius
1041 1280 1104 1339 reri
1122 1277 1175 1340 llei
1199 1284 1369 1361 summique

357 1373 488 1437 cultores
511 1370 547 1432 ah
575 1386 678 1430 eorum
708 1366 830 1427 fallaciis
852 1375 884 1426 et
905 1366 1080 1427 multiformi
1102 1371 1296 1446 temptatione
1319 1387 1368 1431 se·

357 1463 422 1526 curi
446 1467 524 1522 sunt.
570 1457 603 1518 ln
633 1456 690 1516 hoc
713 1458 792 1516 enim
814 1454 880 1515 loco
903 1454 1081 1516 infirmitatis
1104 1464 1136 1517 et
1158 1456 1262 1517 diebus
1285 1458 1369 1519 mali·

357 1552 424 1632 gnis
446 1551 534 1609 etiam
557 1548 614 1606 ista
637 1542 802 1604 sollicitudo
825 1560 886 1602 non
908 1550 955 1604 est
976 1543 1104 1625 inutilis,
1127 1551 1161 1605 ut
1182 1544 1232 1606 illa
1254 1550 1369 1607 securi·

306 1649 339 1702 10
357 1647 418 1719 tas,
449 1635 501 1698 ubi
530 1652 586 1714 pax
615 1632 784 1712 plenissima
814 1638 903 1708 atque
930 1633 1095 1692 certissima
1124 1640 1186 1710 est,
1218 1633 1369 1695 desiderio

358 1726 538 1788 ferventiore
570 1728 737 1800 quaeratur.
782 1718 828 1779 lbi
857 1721 936 1779 enim
966 1727 1056 1780 erunt
1081 1727 1204 1781 naturae
1234 1740 1370 1804 munera,
1463 1722 1464 1753 ³

358 1813 415 1876 hoc
447 1820 510 1894 est,
549 1826 625 1890 quae
657 1817 778 1869 naturae
810 1815 930 1867 nostrae
962 1806 998 1867 ah
1030 1811 1161 1869 omnium
1194 1819 1371 1871 naturarum

359 1910 494 1964 creatore
516 1897 679 1978 donantur,
706 1913 766 1956 non
790 1895 887 1956 solum
909 1894 999 1976 bona,
1021 1914 1125 1956 verum
1148 1900 1236 1958 etiam
1259 1901 1370 1978 sempi-

359 1999 457 2070 terna,
487 2004 547 2048 non
576 1985 671 2046 solum
693 1985 724 2044 in
748 1986 861 2063 animo,
891 1985 942 2061 qui
965 1992 1085 2044 sanatur
1108 2003 1162 2064 per
1184 1988 1371 2069 sapientiam,

309 2088 341 2140 ld
360 2095 464 2139 verum
487 2078 575 2136 etiam
598 2075 629 2134 in
652 2089 791 2153 corpore,
819 2069 897 2149 quod
922 2075 1142 2134 resurrectione
1164 2073 1371 2157 renovabitur3

360 2166 401 2228 ibi
429 2167 567 2239 virtutes,
594 2179 654 2222 non
682 2169 785 2221 contra
813 2159 871 2220 ulla
902 2161 970 2220 vitia
997 2159 1043 2220 rel
1065 2160 1139 2222 mala
1163 2179 1371 2241 quaecumque

360 2262 523 2333 certantes,
550 2248 603 2312 sed
632 2247 774 2309 hahentes
797 2249 937 2308 victoriae
959 2252 1123 2326 praemium
1146 2258 1296 2311 aeternam
1318 2270 1371 2331 pa·

360 2361 439 2424 cem,
467 2359 555 2421 quam
582 2337 682 2398 nullus
709 2337 895 2397 adversarius
922 2338 1075 2414 inquietet
1120 2337 1186 2417 lpsa
1216 2346 1262 2399 est
1288 2341 1373 2401 enim

360 2429 512 2494 beatitudo
535 2426 643 2507 linaiis,
670 2427 734 2504 ipse
757 2425 949 2502 perfectionis
972 2424 1047 2505 linis,
1070 2428 1122 2503 qui
1144 2435 1373 2489 consumentem

309 2532 343 2584 tt)
361 2539 421 2583 non
457 2516 547 2578 habet
582 2515 679 2574 linem.
738 2511 793 2573 llic
829 2521 928 2572 autem
964 2510 1091 2574 dicimur
1126 2513 1246 2593 quidem
1282 2513 1373 2599 beati,

361 2607 478 2687 quando
505 2619 609 2683 pacem
632 2601 788 2681 hahemus,
816 2600 1084 2680 quantulacumque
1106 2600 1156 2663 hic
1179 2602 1281 2664 haberi
1304 2613 1371 2682 pot·
1464 2624 1465 2653 u

362 2702 408 2755 est
433 2697 463 2754 in
491 2696 550 2753 vita
576 2690 667 2768 hona3
694 2688 747 2749 sed
775 2689 849 2748 haee
876 2687 1026 2749 beatitudo
1053 2688 1108 2770 illi,
1136 2708 1224 2769 quam
1252 2691 1374 2753 finalem
1464 2680 1465 2759 ἶ

362 2782 500 2861 dicimus,
528 2776 703 2840 beatitudini
730 2785 896 2855 comparata
924 2793 1048 2856 prorsus
1071 2780 1189 2839 miseria
1212 2783 1373 2859 reperitur.
1464 2812 1465 2817 κ

362 2869 444 2930 llanc
463 2886 533 2946 ergo
547 2883 659 2946 pacem,
683 2863 777 2942 qualis
794 2863 844 2925 hic
862 2872 961 2944 potest
980 2882 1056 2946 esse,
1078 2867 1218 2928 mortales
1235 2867 1374 2931 homines

309 2968 344 3020 et
362 2961 393 3019 in
423 2955 513 3017 rebus
539 2952 714 3015 mortalibus
742 2951 859 3030 quando
887 2951 1043 3033 hahemus,
1073 2957 1099 3014 si
1126 2963 1208 3016 recte
1235 2958 1374 3032 vivimus,

362 3045 448 3108 bonis
480 3045 544 3104 eius
575 3051 657 3103 recte
693 3043 788 3102 utitur
819 3042 934 3121 virtus,
961 3040 1078 3119 quando
1110 3060 1181 3103 vero
1214 3061 1280 3105 eom
1310 3062 1375 3106 non

362 3133 520 3212 hahemus,
553 3132 642 3190 etiam
669 3130 768 3210 malie,
798 3147 874 3207 quae
901 3129 990 3188 homo
1017 3133 1143 3210 patitur,
1173 3130 1247 3192 bene
1276 3134 1376 3194 utltur

363 3224 467 3282 virtus.
513 3217 571 3279 Sed
589 3227 661 3279 tunc
685 3225 731 3278 est
752 3234 821 3277 vera
845 3218 949 3298 virtus,
972 3218 1088 3295 qnando
1113 3226 1143 3279 et
1164 3223 1263 3280 omnia
1286 3220 1377 3303 bona,

364 3308 472 3388 quihus
495 3305 571 3367 bene
594 3308 697 3386 utitur,
719 3312 750 3366 et
772 3304 916 3384 quidquid
938 3307 969 3364 in
992 3303 1070 3366 bono
1093 3324 1150 3368 usu
1173 3306 1321 3369 bonorum
1344 3317 1377 3371 et

310 3397 509 3462 etmalorum
541 3395 625 3476 lacit,
657 3401 687 3454 et
717 3411 749 3453 se
777 3395 873 3471 ipsam
902 3392 939 3453 ad
969 3411 1038 3454 eum
1065 3395 1154 3456 linem
1181 3396 1289 3478 relert,
1320 3397 1376 3459 ubi

363 3485 450 3546 nobis
477 3483 543 3544 talis
572 3489 602 3542 et
628 3488 708 3542 tanta
734 3499 791 3560 pax
818 3483 892 3562 erit,
920 3498 977 3560 qua
1004 3482 1109 3544 melior
1138 3490 1169 3548 et
1190 3487 1283 3546 mmor
1307 3503 1377 3547 esse

364 3592 424 3634 non
447 3573 549 3652 possit

411 3775 453 3831 't
472 3773 598 3844 periatur
619 3770 689 3839 scm
707 3769 824 3837 perotus
842 3765 914 3820 sito
