3284 4459
334 480 379 545 54
740 490 943 535 supersum

334 628 394 689 lem
426 628 486 689 seri
517 628 582 687 sine
614 624 744 689 libidinis
776 624 895 706 morbo,
926 624 978 686 sed
1001 642 1047 685 eo
1079 623 1237 686 voluntatis
1267 634 1346 686 nutu

335 724 527 779 moverentur
556 712 689 775 membra
715 712 764 775 illa
791 731 851 791 quo
875 721 989 792 cetera,
1020 720 1052 773 et
1074 714 1139 773 siue
1161 712 1276 785 ardoris
1298 716 1344 775 in·

335 802 491 867 lecebroso
523 802 643 865 stimulo
681 820 748 863 cum
781 801 992 880 tranquillitate
1024 802 1115 861 animi
1147 809 1178 861 et
1208 805 1345 881 corporis

335 892 415 955 nulla
435 893 630 971 corruptione
653 892 831 969 integritatis
852 889 1061 951 infunderetur
1083 892 1197 967 gremio
1219 892 1343 951 maritus

300 996 317 1045 5
336 982 466 1043 uxoris..
491 979 594 1058 Neque
612 981 692 1039 enim
715 980 789 1057 quia.
805 979 988 1057 experientia
1010 975 1130 1056 probari
1152 996 1212 1041 nou
1234 987 1345 1058 potest,

335 1068 402 1129 ideo
422 1067 602 1129 credendum
621 1075 754 1147 nonest,
776 1066 894 1145 quando
916 1065 982 1127 idias
1003 1068 1139 1145 corporis
1160 1073 1260 1145 partes
1283 1085 1345 1127 non

336 1164 438 1236 ageret
460 1155 597 1216 turbidus
621 1154 713 1236 calor,
741 1154 793 1215 sed
817 1162 978 1234 spontanea
1000 1161 1145 1236 potestas,
1167 1157 1245 1216 sicut
1267 1173 1345 1234 opus

337 1254 425 1325 esset,
448 1243 610 1324 adhiberet,
632 1246 672 1303 ita
691 1251 761 1303 tunc
779 1245 913 1322 potuisse
931 1250 1018 1303 utero
1042 1244 1176 1321 coniugis
1199 1242 1276 1303 saiva
1299 1246 1345 1303 in·

336 1334 474 1412 tegritate
493 1333 613 1392 feminei
632 1330 766 1411 genitalis
789 1330 872 1391 virile
896 1349 998 1392 semen
1021 1332 1140 1411 inmitti,
1162 1333 1242 1392 sicut
1263 1350 1345 1392 nunc

285 1438 319 1486 1ο
336 1429 436 1501 potest
470 1420 573 1481 eadem
607 1422 775 1498 integritate
806 1418 883 1479 salva
913 1438 950 1479 ex
979 1426 1066 1480 utero
1095 1421 1217 1498 virginis
1245 1419 1345 1480 fluxus

337 1511 483 1570 menstrui
511 1510 627 1569 cruoris
655 1510 757 1569 emitti.
802 1506 913 1567 Eadem
941 1509 1050 1586 quippe
1080 1509 1126 1567 ria
1147 1517 1250 1588 posset
1271 1508 1344 1569 iilud

281 1604 284 1629 ²
336 1600 420 1678 inici,
448 1613 506 1676 qua
533 1596 589 1657 hoc
617 1604 720 1675 potest·
742 1598 807 1657 eici.
852 1595 892 1656 Ut
919 1598 998 1656 enim
1025 1595 1062 1655 ad
1084 1595 1260 1677 pariendum
1282 1615 1345 1657 non

337 1685 448 1746 doloris
474 1687 616 1765 gemitus,
644 1684 696 1745 sed
719 1687 897 1747 maturitatis
920 1683 1057 1763 inpulsus
1081 1685 1208 1745 feminea
1230 1688 1345 1745 viscera

336 1774 492 1855 relaxaret,
520 1775 563 1833 sio
591 1773 627 1833 ad
655 1772 806 1835 fetandum
830 1781 860 1834 et
882 1772 1109 1852 concipiendum
1131 1791 1192 1834 non
1213 1772 1344 1834 libidinis

286 1877 318 1925 15
338 1864 501 1944 appetitus,
530 1861 585 1921 sed
613 1861 795 1923 voluntarius
822 1879 896 1923 usus
922 1869 1058 1922 naturam
1087 1869 1244 1939 utramque
1274 1880 1344 1923 con·

336 1952 482 2036 iungeret
536 1948 578 2011 Do
615 1949 706 2011 rebus
735 1949 885 2028 loquimur
921 1965 1001 2011 nunc
1030 1948 1176 2028 pudendis
1208 1959 1238 2010 et
1267 1950 1345 2031 ideo,

283 2094 285 2105 ,
338 2040 478 2119 quamvis,
501 2045 659 2118 antequam
682 2056 783 2099 earum
805 2038 941 2117 puderet,
964 2037 1065 2116 quales
1088 2056 1155 2097 esse
1177 2041 1345 2117 potuissent

338 2130 517 2189 coniciamus
549 2134 583 2187 ut
611 2144 785 2207 possumus,
817 2134 916 2190 minen
943 2142 1066 2187 necesse
1096 2133 1157 2205 est,
1186 2134 1221 2187 ut
1242 2135 1345 2192 nostra

338 2216 498 2294 disputatio
525 2216 617 2293 magis
640 2215 775 2277 frenetur
790 2231 845 2295 ea,
869 2232 944 2292 quae
966 2232 1021 2274 nos
1043 2220 1178 2294 revocat,
1201 2232 1344 2276 verecun-

285 2320 319 2368 20
339 2303 394 2383 dia,
418 2320 506 2382 quam
529 2303 706 2382 eloquentia,
729 2320 803 2381 quae
826 2302 913 2363 nohis
936 2320 1041 2381 parum
1063 2304 1204 2383 suppetit,
1225 2302 1344 2365 adiure-

339 2400 397 2454 tur.
432 2391 506 2451 Nam
526 2408 594 2451 cum
617 2390 646 2451 id
666 2390 744 2469 quod
763 2390 829 2451 dico
852 2408 909 2450 nec
930 2392 988 2470 ipsi
1011 2392 1126 2468 experti
1149 2391 1269 2465 suerint,
1292 2394 1345 2471 qui

337 2482 467 2559 experiri
484 2486 648 2559 potuerunt
666 2472 820 2561 (quoniam
838 2486 1074 2558 praeoccupante
1086 2486 1209 2557 peccato
1223 2479 1345 2541 exilium

336 2568 374 2629 de
392 2567 527 2648 paradiso
545 2574 615 2627 ante
636 2574 820 2640 meruerunt,
844 2584 931 2645 quam
954 2566 1011 2627 sibi
1033 2568 1064 2627 in
1086 2584 1176 2645 opere
1200 2568 1344 2629 serendae

336 2658 506 2736 propaginis
520 2654 678 2733 tranquillo
693 2654 815 2717 arbitrio
834 2648 1053 2737 convenirent),
1070 2672 1129 2733 quo
1148 2655 1235 2717 modo
1254 2674 1345 2737 nunc,

285 2760 317 2809 25
338 2764 406 2807 cum
427 2747 484 2815 ista
507 2751 788 2823 commemorantur,
811 2742 950 2805 sensibus
972 2745 1104 2804 occurrit
1125 2742 1263 2805 humanis
1286 2747 1345 2806 uisi

337 2834 519 2913 experientia
533 2830 662 2901 libidinis
676 2830 820 2912 turbidae,
838 2849 899 2892 non
912 2833 1084 2893 coniectura
1097 2831 1227 2910 placidae
1242 2832 1344 2893 voiun-

283 2980 286 2989 .
337 2918 427 2983 tatis?
467 2920 543 2981 Hinc
566 2919 714 2998 estquod
736 2919 850 2998 inpedit
872 2919 1043 2998 loquentem
1065 2920 1174 3000 pudor,
1205 2923 1262 2982 etsi
1284 2939 1345 2981 non

337 3010 454 3071 deficiat
475 3011 552 3077 ratio
574 3010 766 3087 copitantem.¹
801 3006 912 3070 Verum
935 3016 1033 3069 tamen
1055 3010 1252 3087 omnipotenti
1274 3008 1346 3090 lieo,

337 3115 452 3161 summo
477 3115 514 3165 ac
536 3115 650 3164 summe
673 3095 751 3165 bono
774 3099 903 3159 creatori
924 3098 1058 3160 omnium
1080 3103 1267 3178 naturarum,
1294 3115 1344 3157 vo

283 3202 319 3250 eo
336 3186 483 3251 luntatum
506 3184 775 3251 autembonarum
795 3185 923 3247 adiutori
944 3193 976 3245 et
997 3187 1228 3266 remuneratori,
1256 3185 1344 3247 mala-

336 3291 405 3336 rum
426 3282 525 3335 autem
547 3273 678 3336 relictori
700 3281 732 3335 et
749 3273 934 3353 damnatori,
956 3273 1346 3354 utrarumqueordinatori,

337 3380 396 3423 non
415 3362 509 3424 defuit
526 3364 631 3440 utique
651 3360 815 3439 consilium,
838 3379 898 3440 quo
917 3369 1033 3422 certum
1055 3378 1215 3424 numerum
1236 3364 1345 3423 civium

336 3452 367 3510 in
390 3468 443 3511 sua
466 3452 608 3529 sapientia
631 3449 881 3529 praedestinatum
904 3451 993 3509 etiam
1016 3467 1052 3509 ex
1075 3448 1211 3510 damnato
1234 3468 1344 3529 genere

336 3539 464 3599 humano
501 3555 571 3599 suae
604 3540 729 3599 civitatis
760 3537 910 3617 impleret,
945 3555 1004 3597 non
1039 3554 1091 3597 eos
1125 3538 1185 3598 iam
1221 3540 1345 3619 meritis,

282 3641 317 3690 35
337 3627 453 3705 quando
477 3625 597 3705 quidem
619 3627 756 3686 universa
779 3643 875 3685 massa
897 3634 1046 3704 tamquam
1068 3626 1100 3685 in
1122 3627 1222 3686 vitiata
1245 3626 1345 3687 radice

335 3716 549 3793 damnatorest,
572 3714 623 3775 scd
647 3714 740 3792 gratia
763 3713 936 3774 discernens
958 3722 989 3775 et
1010 3712 1142 3775 liberatis
1165 3732 1225 3774 non
1249 3715 1345 3792 solum

408 3859 422 3906 1
443 3852 487 3923 eo]
505 3850 570 3904 ideo
590 3852 666 3920 71Ιῖ
685 3850 815 3919 impidus
836 3852 896 3905 VF
905 3852 915 3920 ss
931 3858 962 3906 11
981 3852 1072 3921 possit
1090 3852 1146 3906 Fr
