3284 4459
355 474 420 537 436
764 484 785 525 s.
799 484 965 527 sconsum

354 624 445 701 ignis,
468 623 519 699 qui
543 619 678 680 comedet
701 638 766 699 eos,
788 628 818 679 et
841 619 897 679 hoc
921 637 940 679 a
964 620 1041 692 Dec,
1070 621 1139 697 quia
1162 618 1216 679 Dei
1240 638 1369 679 munere

354 708 569 788 insuperabiles
588 709 663 768 liunt
681 702 784 789 sancti,
807 708 886 767 unde
905 709 1115 768 excruciantur
1134 709 1255 767 inimici.
1302 706 1368 767 Sic·

355 806 389 858 ut
411 798 490 858 enim
513 799 543 857 in
566 795 643 856 bono
666 797 795 876 positum
818 805 878 856 cst:
902 796 990 857 Zelus
1014 799 1118 857 domus
1141 803 1213 856 tuoe
1235 798 1371 858 comedit

355 902 417 947 me:
445 887 486 946 ita
509 903 525 945 c
548 886 711 945 contrario:
739 885 828 946 Zelus
851 888 1012 960 occupavit
1030 885 1147 959 plebem
1171 886 1370 959 ineruditam,

322 981 388 1035 oet
406 991 489 1035 nunc
512 976 592 1049 mnis
619 975 792 1034 contrarios
815 975 957 1033 comedet.
1004 973 1044 1031 Ei
1066 990 1148 1032 nunc
1172 974 1291 1051 utique,
1315 991 1368 1032 ex-

357 1069 443 1141 cepto
458 1061 570 1122 scilicet
584 1060 680 1121 ultimi
698 1059 777 1120 illius
796 1062 864 1138 igne
883 1060 993 1120 iudicii.
1038 1059 1096 1120 dut
1114 1062 1140 1119 si
1158 1078 1223 1120 eam
1242 1060 1369 1139 plagam,

357 1168 415 1229 qua
437 1148 623 1229 percutiendi
652 1157 721 1209 sunt
751 1148 891 1209 ecclesiae
915 1157 1124 1227 persecutores
1148 1150 1284 1209 veniente
1307 1151 1368 1209 iarn

358 1238 489 1317 Christo,
512 1255 587 1316 quos
609 1239 741 1297 viventes
763 1238 894 1296 inveniet
917 1254 1007 1315 super
1030 1245 1158 1317 terram,
1180 1237 1298 1315 quando
1321 1240 1369 1296 in·

357 1327 484 1387 terticiet
513 1325 726 1386 Antichristum
758 1326 866 1403 spiritu
898 1327 959 1384 oris
989 1326 1051 1405 sui,
1082 1326 1181 1403 ignem
1210 1324 1370 1404 appellavit

306 1427 338 1475 10
357 1414 586 1474 descendentem
613 1412 650 1472 de
682 1412 763 1473 caelo
794 1430 905 1491 eosque
933 1412 1150 1474 comedentem:
1184 1430 1281 1491 neque
1310 1413 1370 1473 hoc

358 1503 494 1563 ultimum
522 1500 699 1581 supplicium
726 1503 784 1561 erit
810 1502 982 1579 impiorum,
1015 1499 1067 1561 sed
1089 1500 1161 1561 illud
1185 1500 1265 1579 quod
1289 1502 1370 1562 lacta

358 1607 518 1669 corporum
540 1591 760 1649 resurrectione
783 1590 902 1667 passuri
925 1596 1003 1649 sunt

749 1830 867 1898 Oneum
891 1830 981 1896 XIII.

358 1963 406 2023 An
429 1968 543 2037 tempus
562 1962 783 2035 persecutionis
806 1961 988 2020 Antichristi
1009 1963 1088 2021 mille
1111 1962 1200 2020 annis
1223 1962 1369 2023 adnome-

308 2061 341 2110 15
762 2049 894 2107 rendum
916 2051 962 2108 sit.

448 2171 527 2233 llaec
550 2172 718 2252 persecutio
741 2170 913 2250 novissima,
937 2189 1011 2249 quac
1035 2172 1135 2231 lutura
1158 2179 1204 2231 cst
1226 2169 1263 2231 ah
1286 2173 1369 2233 drati-

361 2261 472 2321 christo
495 2253 589 2343 (sicut
611 2262 670 2319 iam
692 2259 829 2336 diximus,
852 2261 921 2335 qnia
944 2261 1027 2319 etin
1050 2258 1106 2319 lxoc
1129 2258 1205 2320 libro
1229 2262 1369 2339 superius
1463 2310 1464 2314 ,

360 2358 392 2410 ct
418 2348 495 2429 apud
522 2346 672 2408 Danielem
699 2344 873 2425 prophetam
901 2348 1029 2424 positum
1053 2340 1131 2429 est),
1162 2347 1259 2409 tribus
1283 2352 1369 2409 annis

361 2447 392 2498 et
420 2455 472 2498 sex
502 2435 653 2497 mensibus
683 2436 748 2495 erit.
793 2433 878 2504 Quod
902 2443 1033 2515 tempus,
1064 2438 1195 2514 quamvis
1219 2439 1368 2517 exiguum,

309 2540 342 2588 20
361 2534 461 2587 utrum
485 2523 521 2583 ad
544 2523 623 2585 mille
647 2541 740 2582 annos
762 2523 919 2602 pertineat,
942 2521 1051 2600 quibus
1073 2532 1104 2583 et
1126 2523 1275 2585 diabolum
1298 2525 1367 2603 liga-

360 2622 424 2673 tum
447 2613 519 2672 dicit
541 2622 571 2671 et
594 2619 711 2672 sanctos
733 2627 858 2688 regnare
882 2627 950 2670 cum
973 2608 1100 2692 Christo,
1122 2630 1159 2672 an
1182 2612 1294 2674 eisdem
1317 2632 1367 2673 an·

361 2702 408 2760 nis
439 2700 496 2759 hoc
526 2716 650 2778 parvum
682 2699 809 2778 spatium
841 2698 1055 2777 superaddatur
1088 2708 1174 2778 atque
1204 2710 1287 2761 extra
1320 2703 1368 2782 sit,

361 2789 468 2849 merito
500 2786 670 2867 ambigitur3
702 2788 786 2865 quia,
818 2788 844 2846 si
874 2786 1035 2847 dixerimus
1063 2787 1098 2848 ad
1127 2788 1246 2849 eosdem
1274 2808 1367 2850 annos
1457 2838 1458 2850 ,

362 2876 419 2936 hoc
450 2877 615 2955 pertinere,
646 2893 705 2934 non
738 2882 820 2934 tanto
853 2883 999 2955 tempore,
1032 2876 1084 2936 sed
1112 2876 1270 2955 prolixiore
1298 2896 1367 2939 cum
1456 2932 1457 2937 ,

310 2977 343 3026 25
362 2962 480 3024 Christo
503 2980 627 3041 regnum
655 2972 825 3024 sanctorum
849 2964 1015 3041 reperietur
1047 2964 1166 3025 extendi
1198 2984 1284 3043 quam
1308 2967 1366 3027 dia·
1455 3012 1456 3030 t

361 3051 448 3112 holus
470 3050 590 3129 alligari.
635 3050 773 3111 Proiecto
795 3053 875 3111 enim
899 3053 992 3111 sancti
1016 3070 1083 3112 cum
1107 3070 1161 3113 suo
1185 3071 1254 3132 rege
1278 3057 1367 3115 etiam

362 3143 393 3201 in
423 3143 485 3218 ipso
507 3142 665 3218 praecipue
688 3141 895 3218 persecutione
919 3138 1084 3219 regnabunt
1107 3140 1181 3201 mala
1203 3149 1284 3202 tanta
1306 3145 1366 3203 vin·

362 3236 480 3308 centes,
512 3227 628 3307 quando
658 3225 792 3287 diabolus
821 3230 879 3286 iam
907 3246 967 3287 non
995 3231 1052 3289 erit
1080 3227 1229 3309 alligatus,
1261 3236 1295 3290 ut
1316 3248 1367 3291 eos

362 3317 503 3396 persequi
531 3315 668 3376 omnibus
700 3314 813 3374 viribus
844 3317 946 3393 possit.
998 3315 1063 3387 Ouo
1094 3317 1180 3377 modo
1210 3335 1281 3397 ergo
1310 3320 1366 3379 ista

310 3419 344 3467 30
362 3407 510 3483 scriptura
529 3403 641 3465 eisdem
659 3402 738 3464 mille
761 3404 846 3463 annis
869 3411 1029 3483 utrumque
1054 3405 1239 3487 determinat,
1262 3404 1367 3467 diaboli

363 3492 477 3554 scilicet
508 3490 704 3570 alligationem
736 3508 921 3569 regnumque
954 3500 1143 3575 sanctorum,
1179 3511 1247 3554 eum
1278 3497 1368 3555 trium

360 3684 403 3749 18)
421 3610 623 3734 {)P⁵'1{⁸'¹⁰'
661 3612 688 3680 o)
702 3608 776 3663 Rani.
789 3616 873 3679 oc,11
920 3610 1161 3681 uninomia.
1200 3615 1367 3682 romum.

448 3697 491 3734 an.
547 3722 553 3733 .

430 3811 447 3858 4
465 3803 631 3874 occupabit?
651 3803 766 3859 Graece:
783 3803 921 3873 λήμψεται
