3284 4459
355 538 422 604 210
767 552 967 596 s.suoosrm1

357 691 505 749 iudicium
526 695 557 750 et
574 690 729 768 iustitiam,
752 690 844 766 magis
867 686 923 747 hoc
946 697 1138 767 praeceptum
1161 686 1196 747 nd
1221 697 1365 767 utrosque

357 776 491 837 homines
518 778 695 857 pertineret,
722 783 753 837 ct
780 776 1012 838 mediterraneos
1036 786 1066 836 et
1088 778 1260 836 maritimos.
1306 776 1365 838 Sed

357 867 569 944 nequisquam
587 873 706 944 putaret
725 873 792 943 post
814 865 904 924 finem
927 866 1012 944 vitae,
1036 882 1110 943 quiae
1134 866 1165 925 in
1188 864 1244 924 hoc
1268 867 1366 944 agitur

357 971 496 1033 corpore,
519 970 675 1032 superesse
698 962 816 1032 tempus
839 952 981 1034 iudicium
1004 955 1205 1031 iustitiamque
1229 953 1365 1032 faciendi,

321 1052 444 1121 uquam
464 1041 535 1103 dum
554 1049 633 1101 esset
654 1043 686 1102 in
709 1058 797 1108 carne
822 1058 881 1102 non
906 1041 985 1120 iecit,
1007 1049 1038 1102 et
1061 1043 1104 1101 sic
1127 1042 1258 1102 divinum
1281 1042 1364 1107 evadi

356 1147 444 1210 posse
476 1130 633 1190 iudicium:
670 1132 701 1190 in
733 1131 831 1190 medio
863 1137 967 1191 terroe
1000 1129 1071 1190 mihi
1103 1129 1220 1192 videtur
1251 1128 1364 1191 dictum

356 1237 444 1300 „oum
462 1220 588 1297 quisquc
606 1219 677 1278 vivit
694 1219 726 1278 in
744 1212 896 1297 corpore“.
932 1217 966 1278 ln
989 1217 1043 1278 hac
1066 1219 1175 1297 qnippe
1199 1220 1257 1279 vitu
1280 1235 1364 1280 suam

356 1315 467 1368 terram
489 1308 615 1384 quisque
634 1305 815 1385 circumfert,
838 1323 925 1384 quarn
950 1308 1093 1366 moriente
1115 1306 1235 1367 homine
1258 1309 1365 1386 recipit

356 1404 437 1456 terra
459 1396 633 1474 communis,
656 1397 824 1472 resurgenti
847 1396 950 1473 utiquc
973 1393 1134 1456 redditura.
1179 1394 1309 1456 Proinde
1333 1399 1365 1455 in

303 1494 339 1542 ιο
358 1486 456 1544 medio
475 1490 586 1556 terrae,
609 1482 713 1563 idest,
735 1500 804 1543 cum
823 1484 918 1542 anima
938 1492 1038 1548 nostra
1061 1485 1118 1543 isto
1141 1490 1261 1544 terreno
1285 1482 1363 1544 clau·

357 1571 439 1632 ditur
457 1588 591 1650 corpore,
613 1568 781 1634 iaciendum
799 1579 845 1630 est
862 1569 1006 1632 indicium
1028 1579 1117 1649 atque
1139 1571 1261 1652 iustitie,
1283 1569 1362 1650 quod

356 1658 443 1720 nobis
464 1660 559 1738 prosit
574 1661 619 1718 in
641 1667 808 1739 posterum,
836 1657 954 1736 quando
976 1662 1087 1736 recipit
1108 1662 1234 1734 quisque
1255 1677 1363 1722 secun·

357 1749 427 1808 dom
446 1766 492 1823 eo,
514 1763 594 1822 poue
606 1764 672 1822 ,per
695 1750 926 1823 torpesceret,
946 1749 1136 1810 circionum
1157 1751 1221 1810 stoc
1242 1752 1364 1809 malum.

357 1837 557 1912 Per-corpus
584 1837 693 1914 quippe
720 1834 762 1895 ibi
789 1835 862 1894 dixit
889 1835 1039 1915 apostolus
1067 1853 1120 1914 per
1143 1843 1274 1916 tempus,
1303 1855 1363 1914 quo

303 1934 337 1983 15
356 1925 428 1984 vixit
450 1925 480 1983 in
504 1940 637 2003 corpore.
681 1921 785 2002 Neque
809 1925 887 1983 enirn
911 1925 936 1983 si
960 1925 1027 2002 quis
1051 1923 1175 2002 maligna
1197 1934 1297 1986 mente
1321 1934 1363 1986 at·

355 2030 414 2090 que
437 2013 526 2090 impia
549 2012 725 2090 cogitatione
752 2010 936 2090 blasphemet
958 2029 1054 2091 neque
1078 2011 1108 2072 id
1131 2012 1199 2074 nlirs
1221 2012 1364 2076 membris
1462 2065 1463 2068 ,

355 2102 490 2179 corporis
512 2107 667 2180 operetur,
693 2099 760 2160 ideo
782 2117 842 2160 non
866 2101 923 2162 erit
945 2117 1029 2180 reus,
1053 2102 1121 2178 quia
1143 2100 1173 2160 id
1196 2118 1257 2162 non
1280 2109 1363 2162 motu

356 2190 490 2267 corporis
516 2188 621 2268 gessit,
650 2205 718 2247 cum
746 2186 802 2248 hoc
825 2205 879 2266 per
902 2187 973 2249 iDud
996 2196 1113 2267 tempus
1137 2190 1275 2270 gesserit,
1304 2207 1363 2267 quo

356 2279 447 2355 gessit
470 2284 500 2336 et
522 2292 639 2355 corpus.
684 2274 745 2336 lsto
773 2275 860 2336 modo
888 2285 1088 2355 congruenter
1110 2277 1241 2356 intellegi
1263 2286 1364 2356 potest

302 2376 337 2424 ιο
357 2367 444 2424 etiem
475 2363 561 2444 iilud,
593 2364 672 2442 quod
702 2365 734 2424 in
765 2363 878 2444 psalmo
905 2363 1025 2443 legitur:
1062 2365 1146 2427 Deus
1176 2373 1276 2427 autem
1303 2384 1364 2427 rec
1461 2431 1462 2458 ,

355 2459 458 2514 noster
485 2460 556 2514 ante
581 2455 706 2515 sacculo
734 2460 878 2528 operatus
904 2460 949 2513 est
976 2456 1104 2514 salutem
1126 2456 1158 2514 in
1180 2456 1279 2516 medio
1301 2462 1363 2517 ter·

354 2559 429 2612 rac;
458 2549 492 2601 ut
514 2539 656 2600 Dominus
686 2538 769 2600 lesus
796 2541 958 2619 accipiatur
985 2539 1064 2601 Deus
1092 2551 1206 2623 noster,
1234 2544 1285 2620 qui
1316 2551 1364 2604 est

356 2637 423 2690 ante
442 2628 572 2705 saecula,
594 2630 662 2706 quia
685 2645 739 2706 per
761 2629 860 2707 ipsum
882 2628 958 2689 iacta
981 2637 1052 2692 sunt
1074 2629 1199 2710 saecula,
1222 2639 1364 2709 operatus

355 2717 481 2778 salutem
499 2724 631 2778 nostram
644 2718 675 2775 in
690 2715 786 2776 medio
805 2724 911 2797 terrae,
930 2733 997 2777 cum
1016 2715 1145 2780 Verbum
1164 2736 1232 2778 cero
1251 2719 1362 2780 iactum

302 2817 336 2866 ει
356 2813 402 2866 est
424 2813 455 2866 et
476 2812 597 2866 terreno
620 2803 759 2864 habitavit
780 2806 811 2864 in
835 2823 968 2884 corpore.

354 2940 356 2944 ,
444 2891 684 2970 Deindepostea
711 2909 799 2970 quam
826 2892 1033 2972 prophetatum
1062 2902 1107 2954 est
1134 2896 1165 2955 in
1193 2894 1239 2955 his
1261 2894 1363 2958 verbis

355 2981 468 3060 Annae,
496 2999 556 3060 qno
583 2980 670 3040 modo
697 2979 817 3059 gloriari
847 2979 965 3062 dehent,
994 2983 1044 3060 qui
1066 2981 1225 3062 glorietur,
1247 3001 1306 3044 non
1330 2987 1362 3046 in

355 3087 388 3129 se
411 3071 523 3149 utique,
546 3067 597 3128 sed
621 3070 653 3128 in
672 3067 805 3148 Domino,
828 3077 950 3148 propter
972 3068 1208 3152 retributionem,
1231 3090 1306 3150 quiae
1329 3075 1363 3134 in

355 3156 402 3217 die
422 3157 523 3218 iudicii
541 3157 641 3218 sutura
658 3165 718 3217 est:
741 3158 887 3217 Dominus
910 3160 1054 3231 ascendit,
1077 3160 1183 3240 inquit,
1206 3161 1238 3220 in
1261 3165 1364 3222 coelos

302 3258 337 3309 30
354 3253 387 3308 et
410 3249 523 3316 tonnit5
545 3247 608 3320 ipse
626 3246 776 3306 iudicabit
797 3252 935 3306 extrema
958 3253 1070 3319 terroe,
1094 3251 1167 3322 quio
1190 3250 1286 3308 iustos
1309 3257 1363 3310 ert.

355 3332 483 3394 Prorsus
512 3333 645 3393 ordinem
676 3335 781 3401 tenuit¹
804 3333 999 3397 consessionis
1030 3334 1168 3394 iideiium.
1222 3336 1364 3398 Ascendit

354 3423 434 3484 enim
461 3423 492 3480 in
521 3421 633 3481 caelum
657 3419 799 3483 Dominus
823 3420 973 3500 Christus,
988 3429 1031 3480 et
1058 3422 1125 3482 inde
1150 3431 1292 3483 venturus
1316 3435 1363 3496 est
1458 3499 1459 3506 ἵ

349 3508 391 3570 ed
409 3511 489 3568 vivos
507 3518 538 3569 et
559 3518 693 3569 mortuos
715 3508 895 3570 indicandos.
941 3507 1015 3570 Nam
1032 3513 1104 3584 ,puis
1127 3513 1277 3587 ascendit,
1306 3514 1362 3573 sic-

426 3626 469 3691 13)
488 3629 512 3676 ε.
528 3621 587 3677 cor.
608 3632 633 3693 c,
649 3631 689 3678 1o.
727 3630 770 3694 m)
790 3626 834 3680 Ps.
857 3631 897 3693 re,
913 3633 954 3681 12.
993 3625 1094 3696 tutio.
1114 3633 1139 3694 1,
1154 3634 1196 3681 14.

351 3782 354 3787 >
425 3760 440 3806 o
455 3771 518 3808 cnm
533 3757 561 3811 R
573 3758 583 3825 ti
597 3761 613 3810 8
627 3759 734 3827 recepit
743 3759 815 3825 Ae¹3
829 3758 948 3828 recipiet
960 3759 1000 3826 e’,
1014 3759 1121 3828 recipei
1131 3759 1161 3812 F
1172 3762 1181 3829 ΙΙ
1197 3765 1229 3814 12
1243 3759 1367 3830 recipiet

353 3825 806 3895 Gabe'vttiiquieeiotn.ii·
869 3867 872 3872 -
