3284 4459
326 485 391 552 338
732 495 752 536 s.
766 495 930 540 cucusum

727 677 846 746 Garun
865 677 934 745 LII.

327 811 374 871 An
399 811 584 871 credendum
610 811 662 882 sit,
689 811 772 884 quod
791 811 916 883 quidum
934 815 1059 887 putant,
1082 810 1210 885 impletas
1232 808 1339 868 decem

364 899 635 976 persecutionibus,
658 915 738 972 quoe
756 895 893 972 suerum,
916 899 1030 958 nullom
1052 899 1114 957 ium
1135 913 1293 972 superesse

435 991 563 1063 praeter
585 987 783 1058 undecimum,
806 1001 886 1060 quoe
909 986 940 1044 in
964 987 1027 1061 ipso
1050 985 1232 1046 Antichristi

294 1090 310 1139 o
350 1073 352 1080 '
663 1081 795 1150 tempore
817 1075 859 1134 sit
877 1071 994 1148 sutoro.

416 1197 544 1259 Proinde
564 1215 601 1258 ne
620 1196 692 1258 illud
714 1196 834 1276 quidem
856 1203 969 1256 temere
992 1205 1064 1276 puto
1088 1213 1154 1257 esse
1177 1194 1339 1257 dicendum

330 1289 390 1347 sive
423 1284 620 1365 credendum,
652 1283 731 1364 quod
764 1283 914 1346 nonnullis
942 1286 1036 1345 risum
1064 1292 1111 1344 est
1137 1283 1184 1344 vel
1211 1283 1340 1364 videtur,

330 1393 388 1435 non
416 1373 541 1454 amplius
568 1372 722 1435 eeclesiam
750 1389 904 1451 passmatu
935 1373 1158 1450 persecutiones
1181 1389 1276 1450 usque
1295 1372 1339 1432 ⁴ud

330 1472 448 1542 tempus
471 1461 659 1542 Antichristi,
686 1477 775 1541 quam
797 1467 869 1539 quot
892 1462 950 1520 iam
971 1479 1057 1540 passa
1079 1469 1141 1540 est,
1163 1458 1193 1520 id
1217 1467 1263 1520 est
1285 1459 1353 1538 de·5

281 1567 312 1616 ιο
331 1569 404 1631 cem,
427 1559 461 1611 ut
482 1548 637 1610 undecima
661 1549 821 1628 eademque
845 1550 1002 1609 norissima
1025 1551 1064 1609 sit
1086 1548 1122 1608 ab
1145 1547 1338 1609 Antichristo.

332 1638 457 1698 Primam
485 1640 593 1716 quippe
623 1644 793 1717 computant
816 1655 832 1696 a
854 1635 972 1697 Nerone
1000 1654 1075 1715 quae
1102 1637 1179 1698 locta
1202 1645 1260 1717 est,
1290 1654 1338 1697 se·

331 1724 457 1787 cundam
479 1743 495 1785 a
518 1723 696 1804 llomitiano,
719 1743 734 1785 a
757 1723 894 1794 Traiano,
907 1726 1039 1804 tertiam,
1061 1735 1197 1803 quartam
1219 1724 1256 1785 ab
1277 1725 1337 1785 An·

331 1816 446 1895 tonino,
478 1811 627 1874 aSevero
651 1814 797 1893 quintam,
830 1822 942 1876 sextam
964 1831 980 1872 a
1002 1811 1174 1894 Maximino,
1206 1812 1338 1874 eliecio

331 1904 494 1982 septimam,
517 1910 648 1962 octavam
666 1919 682 1962 a
701 1900 863 1981 Valeriano,
886 1900 922 1961 ab
942 1900 1098 1962 Aureliano
1117 1919 1234 1983 nonam,
1256 1900 1338 1963 deci·

282 2003 311 2050 15
331 2008 408 2051 mam
431 2008 447 2050 a
470 1988 650 2050 Diocletiano
674 1997 704 2051 et
725 1988 908 2049 Maximiano.
953 1987 1056 2067 Plagas
1079 1991 1159 2050 enim
1180 1991 1337 2069 Aegyptio

331 2097 410 2159 roim,
437 2080 575 2157 quonlam
603 2079 703 2139 decem
737 2078 873 2157 luerunt,
903 2084 1058 2156 antequam
1088 2079 1170 2138 exire
1199 2077 1268 2138 inde
1290 2080 1337 2138 iu·

331 2170 443 2246 ciperet
471 2166 599 2246 populus
630 2165 701 2246 Dei,
734 2173 839 2245 portant
873 2163 908 2225 od
941 2165 1020 2226 hunc
1052 2164 1236 2227 intellectum
1269 2184 1337 2228 esse

331 2255 513 2336 referendas,
545 2263 580 2315 ut
601 2257 758 2316 novissima
780 2253 954 2314 Antichristi
975 2256 1145 2332 persecutio
1168 2255 1271 2315 similis
1294 2257 1337 2316 vi·

331 2344 435 2405 deutur
458 2343 629 2405 undecimae
652 2343 762 2423 plagae,
785 2359 843 2420 qua
862 2344 1004 2422 Aegyptii,
1027 2342 1097 2403 dum
1119 2340 1267 2404 hostiliter
1288 2361 1337 2404 se·

279 2444 313 2493 20
331 2440 495 2511 querentur
522 2429 685 2510 Hebraeos,
712 2433 742 2490 in
772 2431 846 2490 mari
868 2427 970 2490 Rubro
993 2429 1103 2509 populo
1126 2428 1179 2491 Dei
1201 2449 1256 2510 per
1278 2433 1335 2492 sio·

331 2538 398 2581 cum
435 2528 607 2580 transeunte
642 2520 805 2599 perierunt
852 2515 910 2577 Sed
946 2535 1000 2597 ego
1037 2516 1085 2578 illa
1120 2537 1154 2580 re
1189 2528 1271 2599 gesta
1303 2523 1336 2581 in

331 2609 461 2687 Aegypto
496 2609 566 2668 istas
598 2607 821 2687 persecutiones
854 2605 1026 2685 prophetice
1058 2607 1235 2684 significatas
1267 2626 1336 2669 esse

331 2714 390 2756 non
418 2694 558 2774 arbitrum
588 2695 720 2774 quamvis
748 2691 784 2754 ab
807 2695 865 2772 eis,
887 2695 939 2772 qui
962 2694 1018 2754 hoo
1040 2704 1158 2776 putant,
1187 2697 1348 2775 exquisite.

332 2793 361 2844 et
383 2785 534 2862 ingeniose
558 2781 605 2843 illa
628 2781 742 2861 singula
765 2781 811 2842 his
836 2780 959 2860 singulis
982 2792 1147 2861 comparata
1171 2783 1336 2868 rideantur,

279 2883 312 2932 ao
332 2890 391 2932 non
418 2870 591 2951 prophetico
620 2873 741 2951 spiritu,
771 2870 823 2931 sed
851 2872 1021 2932 coniectura
1051 2875 1158 2933 mentis
1180 2872 1346 2955 humanae,

332 2977 405 3040 qnae
429 2957 583 3037 aliquando
608 2959 642 3020 ad
666 2975 769 3019 verum
791 2960 935 3039 pervenit,
957 2958 1113 3038 aliquando
1136 2959 1253 3022 fallitur.

419 3045 495 3118 Quid
519 3049 613 3127 enim,
645 3049 697 3126 qui
725 3047 781 3108 hoo
804 3048 952 3126 sentiunt,
984 3047 1093 3109 dicturi
1115 3057 1185 3109 sunt
1206 3049 1243 3110 de
1266 3068 1334 3128 per·

331 3139 497 3217 secutione,
520 3153 578 3214 qua
600 3138 663 3214 ipse
686 3134 830 3196 Dominus
853 3135 1012 3196 crucifixus
1035 3132 1102 3197 est?
1124 3139 1154 3196 in
1182 3155 1241 3216 quo
1268 3155 1335 3199 eam

332 3242 455 3286 numero
474 3220 621 3303 posituri?
667 3223 699 3285 Si
721 3231 819 3286 autem
843 3223 897 3283 hac
920 3233 1042 3303 excepte
1065 3227 1233 3286 existimant
1254 3243 1334 3287 oom-

278 3311 509 3394 copulandum,
531 3321 679 3390 tamquam
701 3311 767 3373 illae
792 3310 988 3373 numerandae
1011 3315 1084 3392 siut,
1112 3330 1187 3392 quae
1209 3312 1245 3374 ad
1267 3331 1335 3374 cor-

331 3419 387 3481 pus
405 3403 564 3481 pertinent,
587 3418 646 3460 non
669 3418 725 3480 qua
747 3403 845 3480 ipsum
868 3407 957 3479 caput
979 3408 1025 3460 est
1046 3402 1208 3481 appetitum
1231 3410 1261 3462 et
1283 3421 1332 3462 oc·

331 3491 440 3552 cisum:
472 3489 541 3568 quid
570 3497 657 3567 agent
683 3488 719 3549 de
747 3488 811 3569 illa,
839 3506 929 3570 quae,
958 3497 1060 3566 postea
1087 3489 1334 3569 quemchristus

332 3577 463 3638 ascendit
494 3579 524 3637 in
558 3576 687 3657 caelum,
719 3575 929 3655 Hierosolymis
957 3577 1031 3636 lacta
1059 3586 1117 3658 est,
1149 3575 1198 3638 ubi
1229 3577 1335 3642 beatus

333 3664 499 3745 Stephanus
522 3664 666 3744 lapidatus
690 3672 750 3744 est,
780 3662 832 3724 ubi
855 3661 978 3724 lacobus
1001 3665 1093 3725 irater
1115 3663 1252 3728 Iohannis
1274 3666 1333 3747 gla-

280 3767 313 3816 ao
332 3755 380 3814 dio
404 3752 577 3833 trucidatus,
600 3751 650 3812 ubi
674 3751 823 3830 apostolus
845 3751 953 3812 Petrus
975 3761 1009 3812 ut
1031 3754 1218 3814 occideretur
1240 3754 1334 3816 inclu-

332 3865 543 3878 -.—-——

403 3920 435 3968 17
454 3913 518 3966 loire
535 3914 637 3967 lacuna
654 3914 686 3966 iu
703 3912 760 3966 cod.
779 3931 797 3982 g
814 3931 899 3983 usque
917 3914 955 3968 od
973 3919 1036 3974 342,
1049 3917 1087 3968 25
