3284 4459
544 526 585 566 nu
598 525 741 566 c1r1unru
758 525 814 565 nm
839 524 867 566 u
879 525 942 566 m
955 524 980 568 o.
998 526 1031 567 11.
1227 510 1293 576 395

281 653 439 722 utuntur.“
492 659 604 720 Deinde
633 658 742 720 subicit
765 659 846 719 rclut
868 657 987 719 oracula
1009 657 1134 719 deorum
1156 658 1292 739 blasphe-

282 751 427 810 mantium
458 746 641 809 Christianos
671 758 703 809 et
730 756 798 828 post
825 747 911 808 haec:
941 746 1009 828 „lle
1039 746 1157 808 Christo
1185 757 1293 828 autem,

283 839 390 917 inquit,
412 835 665 915 interrogantibus
687 838 714 896 si
736 843 782 896 est
804 835 898 916 Deus,
920 838 961 895 ait
983 834 1107 897 Hecate:
1129 835 1294 916 „Quoniam

284 925 405 1005 quidem
427 923 591 986 inmortalis
614 927 709 985 anima
732 932 800 1004 post
821 942 932 1003 corpus
960 921 1022 1002 [ut]
1044 924 1169 1005 incedit,
1202 927 1294 1006 nosti3

283 1031 301 1074 a
334 1015 476 1093 sapientia
512 1022 611 1074 autem
647 1011 761 1072 abscisa
798 1030 917 1091 semper
947 1021 1036 1073 errat.
1091 1011 1153 1073 Viri
1183 1015 1329 1093 pictatet

283 1103 531 1182 praestantissimi
561 1110 607 1162 est
638 1101 687 1161 illa
716 1103 827 1181 anima5
858 1100 935 1160 hauc
964 1099 1066 1161 colunt
1094 1100 1189 1161 aliena
1216 1119 1234 1162 a
1261 1119 1293 1161 sc

284 1184 437 1251 veritate.“
482 1189 594 1250 Deinde
613 1197 681 1268 post
699 1188 788 1249 rerba
806 1189 896 1250 huius
915 1191 999 1267 quasi
1017 1188 1130 1249 oraculi
1153 1207 1206 1249 sua
1228 1191 1293 1267 ipse

286 1288 463 1339 contexens:
484 1277 673 1360 „Piissimum
695 1279 787 1355 igitur
809 1280 920 1358 rirunu
942 1279 1053 1358 inquit,
1076 1294 1145 1339 eum
1168 1276 1242 1338 dixit
1264 1285 1295 1338 et

285 1369 351 1428 cius
378 1369 520 1446 animam,
550 1367 628 1427 sicut
657 1373 687 1426 et
710 1365 835 1426 aliorum
856 1368 989 1444 piorum,
1019 1374 1088 1444 post
1110 1364 1224 1426 obitum
1249 1367 1294 1426 in-

286 1454 464 1516 mortalitate
486 1454 634 1533 dignatam
664 1462 694 1514 ct
719 1453 796 1514 hanc
828 1453 927 1514 colere
951 1452 1135 1515 Christianos
1156 1455 1348 1533 ignorante

285 1537 360 1605 111.α
403 1541 676 1625 „Interrogantibus
699 1549 806 1622 autem,
829 1544 939 1620 inquit:
963 1541 1024 1602 Cur
1046 1561 1117 1621 ergo
1140 1542 1295 1604 damnatus

286 1628 355 1694 est?
377 1630 496 1692 oraculo
520 1630 673 1709 respondit
696 1629 763 1690 dea:
791 1629 907 1710 Corpus
930 1630 1050 1708 quidem
1073 1628 1296 1691 debilitantibus

286 1723 444 1782 tormentis
476 1737 595 1798 semper
626 1721 794 1798 oppositum
826 1728 884 1799 est;
918 1721 1015 1778 anima
1047 1727 1147 1779 autem
1177 1721 1296 1799 piorum

287 1809 408 1870 caelesti
431 1808 495 1868 sedi
512 1808 629 1868 insidet.
673 1806 724 1866 illa
747 1809 936 1867 vero-anima
960 1806 1025 1868 aliis
1048 1807 1201 1868 animabus
1225 1808 1295 1868 iata·

286 1898 357 1959 liter
379 1895 472 1978 dedit,
500 1894 608 1975 quibus
636 1895 694 1955 iata
724 1912 783 1955 non
807 1895 975 1955 adnuerunt
997 1894 1121 1956 deorum
1145 1896 1221 1957 dona
1244 1895 1296 1956 oh
1315 1905 1349 1955 tt

286 1989 384 2047 tinere
414 2003 510 2063 nequo
540 1982 649 2044 habere
678 1982 754 2044 lovis
782 1983 946 2044 inmortalis
969 1986 1164 2062 agnitionem,
1194 2002 1297 2046 errore

287 2072 441 2154 implicari.
486 2072 647 2152 Propterea
678 2089 749 2150 ergo
780 2071 837 2131 diis
866 2073 963 2152 exosi,
994 2073 1075 2152 quia,
1105 2073 1214 2150 quibus
1237 2073 1297 2134 lato

287 2181 348 2224 non
372 2163 428 2222 luit
450 2179 538 2222 nosse
556 2160 651 2222 licum
674 2177 729 2220 nec
752 2157 829 2220 dona
851 2159 887 2220 ab
911 2159 967 2219 diis
990 2162 1134 2239 accipere,
1157 2160 1203 2220 his
1226 2161 1298 2221 iata·

288 2251 357 2313 liter
388 2248 470 2310 dedit
500 2251 557 2310 istc
590 2266 692 2308 erroro
719 2248 873 2326 implicari.
918 2247 984 2326 lpse
1011 2265 1082 2307 roro
1110 2251 1178 2327 pins
1207 2255 1237 2309 ct
1265 2250 1297 2309 in

289 2338 417 2419 caelum,
449 2340 527 2398 sicut
554 2339 610 2418 pii,
642 2338 798 2397 concessit.
848 2335 950 2413 ltaque
977 2335 1057 2395 hunc
1087 2335 1207 2413 quidem
1236 2353 1297 2396 non
1315 2345 1350 2394 so

289 2425 518 2506 blasphemabis,
541 2423 731 2485 misereberis
754 2432 852 2485 autem
875 2423 1029 2483 hominum
1052 2423 1238 2503 dementiam,
1261 2441 1297 2484 cx

290 2534 327 2577 eo
348 2518 380 2575 in
403 2517 446 2576 eis
469 2512 553 2574 iacile
575 2530 777 2592 praecepsque
800 2506 998 2591 periculum.“

380 2602 453 2674 Quis
471 2604 511 2663 itu
530 2600 637 2662 stultus
657 2609 711 2682 est,
735 2610 768 2662 ut
790 2619 849 2660 non
872 2599 1024 2679 intellegat
1046 2607 1097 2661 aut
1119 2597 1156 2661 ab
1179 2600 1297 2661 homine

290 2691 396 2754 callido
424 2708 518 2769 eoque
542 2688 716 2750 Christianis
744 2691 946 2749 inimicissimo
969 2689 1042 2749 haec
1064 2687 1184 2750 oracula
1206 2689 1298 2749 luisse

290 2781 416 2842 conficta
453 2786 506 2839 aut
536 2777 659 2838 consilio
697 2777 785 2838 simili
815 2777 851 2837 ab
878 2779 994 2855 inpuris
1022 2776 1215 2838 daemonibus
1241 2777 1300 2836 ista
1317 2787 1351 2838 at

291 2871 384 2931 fuisse
414 2884 570 2946 responsa,
600 2874 635 2926 ut
665 2866 796 2947 scilicet,
824 2867 962 2943 quoniam
991 2865 1112 2926 laudant
1139 2865 1299 2948 Christum,

290 2966 449 3038 propterea
468 2955 628 3015 credantur
650 2956 795 3014 veraciter
818 2956 986 3033 vituperare
1004 2953 1187 3015 Christianos
1210 2963 1299 3033 atque

290 3049 341 3128 ita,
364 3048 389 3105 si
412 3045 539 3123 possint,
559 3041 761 3103 intercludant
783 3044 860 3101 viam
883 3041 985 3102 salutis
1008 3049 1160 3124 aeternae,
1187 3045 1217 3104 iu
1242 3061 1299 3121 qua

291 3135 325 3195 iit
357 3135 483 3213 quisque
511 3126 719 3191 Christianus?
765 3129 841 3190 Suae
874 3131 983 3208 quiippe
1017 3130 1143 3190 nocendi
1175 3133 1299 3191 astutiae

290 3221 461 3283 milleformi
488 3220 620 3280 sentiunt
647 3235 706 3279 non
735 3235 800 3278 esse
824 3219 1020 3298 contrarium,
1047 3221 1072 3278 si
1096 3218 1234 3278 credatur
1257 3221 1352 3279 cisto

291 3307 480 3370 laudantibus
504 3306 667 3386 Christum,
696 3305 767 3366 dum
791 3315 889 3366 tamen
912 3305 1052 3366 credatur
1074 3308 1163 3366 ctiam
1186 3309 1299 3385 vitupe-

364 3464 409 3528 tt)
429 3460 469 3515 ef.
488 3459 590 3515 Euseb.
609 3458 758 3514 demonstr.
779 3475 877 3528 evmug.
895 3458 915 3512 l.
933 3463 959 3513 3.
977 3474 1001 3513 ο.
1021 3463 1046 3513 t.

291 3587 505 3600 —nn—-un

362 3671 380 3720 4
401 3668 434 3720 ut
455 3666 535 3720 unda
556 3665 659 3718 inclusi
681 3649 730 3718 aec.
752 3662 847 3717 Graec.
868 3664 878 3731 ll
898 3666 914 3714 t
938 3659 1049 3714 abscisa
1072 3656 1154 3713 Ros
1178 3655 1306 3727 (Graece.-

289 3735 465 3808 enmptmu
485 3735 611 3790 abscisse
624 3733 708 3805 Aq¹o
725 3735 735 3804 ΙΙ
754 3737 788 3786 10
805 3733 953 3816 dignabepn
966 3747 1020 3785 mss
1030 3727 1128 3798 ptm.;
1147 3727 1262 3812 dignum
1276 3729 1305 3794 b;

292 3809 427 3864 donatam
439 3823 456 3862 o
469 3807 479 3877 fl
494 3811 526 3859 14
541 3805 606 3860 sede
619 3805 668 3860 Re
683 3805 692 3874 b
707 3808 741 3857 18
756 3819 773 3858 1
787 3802 837 3859 b¹c
850 3805 860 3872 ΙΙ
874 3808 907 3856 tt
921 3802 978 3856 isba
990 3799 1179 3871 Gnabeppm
1193 3801 1235 3852 1be
1245 3799 1306 3854 uA
