3284 4459
355 509 395 563 IV
774 519 956 561 PRAEFATIO.

445 664 490 721 De
510 664 632 721 civitate
646 662 704 721 Dei
721 660 792 719 libri
805 661 894 719 I—V
908 662 1057 723 codicibus
1071 664 1372 743 Lugdunensibus

357 744 457 835 (LA),
479 751 549 810 libri
567 751 670 809 Ι-ῙΧ
694 750 793 810 codice
817 749 1028 811 Gorbeiensi
1049 746 1108 834 (G),
1131 752 1202 813 libri
1215 753 1374 813 XI-XVI
1476 794 1478 841 λ

357 842 455 901 codice
487 840 687 899 Veronensi
719 831 790 921 (V),
826 842 948 899 tametsi
984 861 1021 901 ne
1057 843 1090 901 hi
1127 843 1245 918 quidem
1281 844 1373 902 variis

356 932 459 991 carent
469 929 592 1004 mendis,
604 930 779 1005 plerumque
791 919 893 987 temen
903 931 948 988 ita
958 933 1229 1007 repraesentantis,
1242 942 1277 990 ut
1290 933 1373 990 nullo
1477 940 1478 965 l

355 1022 417 1079 fere
444 1020 565 1096 negotio
594 1020 658 1077 erui
684 1019 792 1093 possit,
820 1018 893 1092 quid
915 1018 1102 1097 Augustinus
1124 1023 1189 1098 ipse
1212 1023 1372 1099 scripserit.

445 1108 546 1185 Longe
570 1108 659 1165 aliter
681 1111 853 1182 comparata
876 1126 923 1166 res
947 1109 1046 1167 estin
1070 1109 1207 1168 decimo
1225 1110 1303 1177 libro
1322 1100 1373 1190 (de

253 1248 256 1255 .
357 1218 415 1275 quo
438 1201 473 1256 ut
495 1216 574 1256 nunc
597 1214 720 1273 agamus
743 1215 802 1255 non
827 1197 872 1254 est
893 1189 990 1279 locus)
1014 1201 1044 1256 et
1066 1198 1098 1256 in
1122 1200 1291 1258 extremis
1314 1217 1373 1257 sex

355 1288 449 1347 librIs.
503 1287 539 1345 In
571 1286 628 1345 hac
660 1286 757 1362 operis
789 1288 875 1361 parte
908 1286 1055 1361 codicum,
1092 1307 1219 1363 quorum
1254 1286 1374 1363 quidem

355 1378 498 1436 lectiones
522 1376 688 1434 accuratius
712 1377 851 1433 enotatas
874 1378 957 1449 sunt,
979 1376 1079 1434 nullus
1102 1377 1262 1451 invenitur,
1286 1394 1374 1451 quem

356 1468 452 1526 securi
470 1465 576 1524 ducem
595 1465 680 1539 sequi
697 1462 852 1539 possimus.
889 1464 969 1522 Nam
988 1484 1169 1539 quamquam
1187 1468 1248 1524 tres
1262 1483 1373 1539 eorum,

356 1555 471 1615 codices
490 1547 586 1630 Rgp,
610 1554 789 1612 auctoritate
810 1552 935 1628 reliquis
958 1555 1122 1629 praestent,
1144 1558 1245 1613 tamen
1267 1554 1375 1613 horum

356 1664 474 1721 quoque
496 1644 589 1701 trium
611 1643 743 1716 testium,
765 1643 941 1717 pracsertim
964 1641 1016 1699 ubi
1038 1642 1117 1701 inter
1139 1662 1170 1702 se
1195 1642 1374 1718 discrepant,

356 1733 458 1793 crebro
482 1732 622 1809 ambigua
646 1732 691 1790 est
712 1721 840 1813 fidesffi

445 1822 487 1880 Et
509 1840 563 1898 ego
588 1820 716 1895 quidam,
738 1819 809 1877 dum
834 1819 993 1879 editionem
1015 1821 1143 1879 alteram
1163 1820 1373 1898 publicandam

356 1911 506 1983 curabam,
528 1912 561 1967 in
585 1909 682 1967 dubiis
705 1909 779 1967 locis
802 1911 1001 1967 extremorum
1023 1909 1168 1969 librorum
1187 1910 1317 1968 codicem
1336 1901 1374 1982 R,

356 1999 515 2059 dummodo
534 1997 722 2057 tolerabilem
741 1997 893 2056 exhiberet
910 1999 1078 2073 lectionem,
1098 1999 1273 2075 plerumque
1292 1996 1374 2056 antess

356 2089 510 2149 ferendum
534 2088 639 2146 ceteris
663 2089 773 2160 censui,
797 2085 876 2161 quod
894 2086 959 2144 Em.
974 2086 1154 2146 Hoffrnanno
1177 2108 1284 2163 parum
1305 2106 1374 2163 pro-

355 2178 497 2251 babatur,
528 2179 564 2236 ut
596 2179 629 2234 in
660 2176 847 2251 praefatione
879 2175 1001 2235 alterius
1033 2175 1193 2235 voluminis
1225 2197 1255 2253 p.
1278 2176 1373 2251 HIsq.
1476 2184 1478 2191 ⁴

356 2270 508 2327 exsecutus
532 2268 584 2325 est.

445 2354 623 2432 Opinionem
649 2355 708 2413 viri
736 2357 767 2412 et
792 2373 892 2412 rerum
924 2355 1098 2429 peritissimi
1126 2357 1156 2412 et
1183 2354 1257 2411 mihi
1286 2353 1373 2412 bene-

355 2446 553 2505 volentissimi
581 2444 669 2520 parvi
695 2443 823 2519 pendere
850 2444 922 2518 quia
944 2462 1004 2501 non
1027 2443 1124 2501 solum
1146 2442 1375 2518 imprudentiae,

356 2533 408 2594 sed
432 2534 522 2592 etiam
544 2533 711 2608 impietatis
733 2534 818 2606 esset,
841 2532 918 2589 hanc
937 2533 1141 2605 quaestionem
1159 2534 1274 2590 interea
1292 2531 1374 2589 iden-

355 2622 449 2681 tidem
472 2623 648 2696 retractavi,
675 2620 852 2696 praesertim
875 2640 942 2679 cum
964 2632 985 2697 1)
1010 2620 1110 2680 codice
1133 2620 1171 2678 ab
1194 2619 1373 2678 Hoffmanno
1476 2684 1478 2709 Ι

355 2712 387 2770 in
420 2712 518 2770 lucem
545 2710 625 2769 edito
654 2712 750 2769 status
779 2728 886 2768 causae
912 2708 994 2767 haud
1021 2708 1211 2769 mediocriter
1239 2712 1374 2767 mutatus

356 2820 419 2861 esse
442 2800 600 2859 videretur.
648 2798 706 2857 Sed
732 2800 802 2874 post
828 2800 950 2876 longam
972 2797 1202 2857 haesitationem
1224 2801 1374 2875 postremo

356 2889 395 2949 ad
421 2891 579 2967 pristinam
606 2889 668 2947 fere
691 2888 870 2947 sententiam
891 2888 1017 2961 recurri,
1044 2889 1074 2945 in
1103 2907 1162 2961 qua
1183 2906 1245 2962 me,
1270 2888 1374 2963 paucis

357 2998 428 3038 sane
445 2978 519 3037 locis
538 2978 677 3052 exeeptis,
694 2995 754 3035 non
772 2978 912 3035 inmmto
931 2978 1097 3053 perstitisse
1114 2996 1148 3034 ex
1163 2976 1375 3035 commentario

357 3069 475 3141 critico,
497 3068 557 3125 nisi
580 3066 684 3139 fallor,
708 3067 781 3125 satis
805 3064 971 3141 apparebit.
1477 3103 1478 3131 ,

445 3156 488 3215 Ut
520 3156 625 3231 opibus
657 3154 694 3213 ab
726 3155 906 3234 Hoffmanno
939 3154 1040 3213 allatis
1072 3156 1137 3229 ipse
1169 3173 1287 3229 quoque
1320 3154 1375 3211 ali-

358 3246 537 3322 quantulum
562 3244 707 3319 adderem,
731 3263 790 3303 non
814 3245 911 3303 solum
934 3243 1049 3302 codices
1068 3234 1160 3300 ΗΔΕ
1179 3244 1282 3301 multis
1300 3243 1374 3300 locis

358 3336 453 3393 denuo
478 3334 584 3409 evolvi,
608 3333 658 3391 sed
682 3335 772 3392 etiam
795 3352 874 3393 nova
897 3332 1092 3407 circumspexi
1115 3332 1234 3389 auxilia,

446 3423 490 3481 Ac
509 3424 605 3499 primo
625 3422 745 3497 quidem
763 3424 880 3497 aliquot
897 3421 990 3480 libros
1008 3439 1100 3478 manu
1119 3422 1245 3497 scriptos
1264 3421 1375 3479 saeculi

357 3511 535 3580 duodecimi,
565 3512 617 3586 qui
645 3530 680 3569 ex
703 3511 882 3586 quibusdam
904 3510 1052 3569 Bavariae
1074 3510 1263 3568 monasteriis
1284 3509 1374 3568 initio

357 3600 519 3680 superioris
547 3602 659 3659 saeculi
685 3602 717 3657 in
749 3599 959 3659 bibliothecam
989 3598 1141 3674 publicam
1168 3598 1376 3657 Monacensem

357 3691 498 3769 translati
525 3692 608 3764 sunt,
636 3690 732 3749 obiter
760 3689 921 3765 exploravi.
967 3688 1023 3746 His
1051 3691 1081 3747 et
1102 3688 1182 3745 inter
1205 3706 1235 3747 se
1259 3689 1375 3747 etcum

358 3780 458 3839 codice
474 3779 770 3855 Alderspacensi,
794 3780 877 3837 cuius
896 3776 1027 3836 subsidio
1045 3777 1078 3833 in
1097 3775 1227 3835 secunda
1245 3775 1375 3835 editione
