3284 4459
339 518 404 581 416
743 524 945 569 ιιιιιιυιιιιιι

339 684 403 729 cern
419 670 480 739 filii
496 666 561 738 liei,
584 666 690 747 etqui
711 665 867 723 audierint
890 665 995 723 uiuent.
1042 662 1231 723 sicutenim
1254 662 1351 747 Peter

339 757 431 816 nodet
452 756 544 831 otton
567 755 598 812 in
621 758 713 812 semet
735 754 811 826 ipso,
842 752 887 811 sie
910 752 995 811 dedit
1016 758 1045 811 et
1068 752 1146 811 liiiio
1169 753 1283 813 natue
1306 754 1350 811 ui-

340 851 401 904 tam
433 845 466 903 in
492 847 585 902 semet
611 843 683 916 ipro.
728 837 866 897 Nondum
893 836 930 897 de
959 838 1087 899 secunda
1118 841 1351 921 resurreetione,

330 931 370 991 -id
389 937 435 991 est
453 945 622 1008 corporum,
645 926 784 1005 loquitur,
809 943 884 1004 quiae
904 927 933 985 in
953 927 1011 985 stne
1036 928 1135 987 iutura
1158 934 1212 1007 est,
1236 928 1287 988 sed
1312 928 1350 988 de

305 1021 448 1099 oprima,
471 1034 547 1096 quae
571 1033 650 1076 nuno
673 1023 727 1076 est.
773 1013 855 1073 Hane
879 1016 987 1093 quippe
1012 1023 1044 1074 ut
1066 1014 1272 1095 distingueret,
1296 1018 1351 1077 ait:

348 1108 434 1169 Venit
451 1110 537 1180 doro,
560 1112 591 1167 et
611 1121 694 1164 nunc
716 1110 768 1164 est.
814 1102 879 1161 Non
903 1112 1001 1162 anatem
1025 1105 1080 1163 ista
1103 1120 1271 1184 corporum,
1296 1104 1351 1164 sed

342 1197 504 1256 animorum
527 1202 581 1253 est.
627 1190 742 1251 Habent
769 1192 848 1249 enim
872 1198 902 1250 et
925 1192 1038 1250 atrimae
1063 1200 1188 1251 mortem
1212 1209 1295 1252 suam
1319 1196 1350 1253 in

341 1286 491 1363 impietate
514 1291 602 1359 atque
624 1281 767 1359 pereatis,
791 1278 954 1338 seeundum
978 1296 1065 1356 quam
1090 1290 1215 1339 mortem
1240 1284 1351 1341 mortui

342 1380 426 1449 sunt,
449 1371 486 1431 de
509 1368 617 1448 quibus
639 1367 717 1427 idem
742 1365 884 1427 Dominus
907 1369 960 1427 ait:
988 1368 1061 1428 Sine
1083 1372 1196 1428 mortui
1217 1376 1352 1430 mortuos

292 1474 323 1523 ιο
340 1478 411 1522 suos
441 1461 604 1536 sepeliunt;
636 1464 669 1516 ut
700 1454 813 1515 soiiioet
843 1457 874 1515 in
904 1456 1000 1514 anima
1027 1458 1136 1515 mortui
1165 1457 1194 1515 in
1224 1474 1351 1535 corpore

342 1557 476 1608 mortuos
502 1544 671 1623 sepelirent.
716 1542 844 1621 Propter
871 1545 944 1603 istos
972 1560 1043 1621 ergo
1067 1546 1216 1622 impietate
1240 1554 1269 1605 et
1293 1548 1349 1605 ini·

342 1638 454 1715 quitate
481 1635 513 1693 in
535 1633 631 1692 anima
659 1641 806 1691 mortuos:
843 1630 940 1710 Venit,
968 1633 1078 1711 inquit,
1101 1634 1192 1707 doru,
1215 1641 1246 1694 et
1267 1652 1353 1694 nune
1468 1678 1469 1683 η

342 1732 398 1797 est,
435 1722 558 1798 quando
593 1722 707 1780 mutui
741 1722 868 1779 audient
894 1736 996 1780 uocem
1030 1722 1091 1793 filii
1122 1720 1196 1792 lien·
1232 1728 1261 1783 et
1298 1727 1354 1797 qui
1468 1730 1469 1765 ³

342 1812 512 1883 audierint,
540 1812 646 1869 uiuent.
697 1808 757 1880 Oui
784 1810 941 1869 audierint
962 1806 1036 1867 dixit
1058 1811 1132 1889 „qui
1156 1807 1353 1891 oboedierint,

292 1915 323 1963 to
343 1902 394 1978 qui
417 1896 597 1959 crediderint
624 1905 772 1973 eiusque
795 1896 827 1955 in
850 1896 938 1955 tinem
961 1893 1241 1974 perseveraverint“.
1289 1897 1352 1957 Neo

342 1989 413 2048 ieoit
435 1986 483 2046 hio
502 1984 591 2045 uitam
609 1983 806 2045 differentiam
829 1982 974 2043 bonorum
997 1991 1028 2044 et
1051 1983 1203 2044 maiorum.
1249 1984 1351 2045 Omni-

342 2075 399 2136 bus
421 2076 500 2135 enim
523 2072 634 2133 bonum
661 2079 708 2132 est
735 2070 838 2132 andire
861 2088 964 2131 rooem
986 2074 1051 2132 eius
1075 2080 1104 2132 et
1127 2074 1225 2132 vivere
1249 2073 1284 2133 ad
1310 2078 1352 2133 ri·

342 2172 401 2225 tam
433 2164 551 2242 pietatis
582 2178 619 2221 ex
656 2161 816 2238 impietatis
848 2168 942 2219 morte
976 2159 1164 2220 transeundo.
1217 2160 1258 2221 De
1293 2180 1352 2241 qua

343 2261 439 2313 morte
462 2252 502 2312 eit
525 2247 676 2329 apostolus
699 2246 823 2308 Paulus:
851 2248 935 2323 Erpo
958 2264 1058 2309 omnes
1081 2252 1195 2309 mortni
1215 2258 1298 2324 sunt,
1323 2258 1353 2311 et

290 2354 325 2404 ιο
339 2358 399 2419 pro
427 2340 564 2402 omnibus
592 2345 728 2399 mortuus
757 2343 814 2409 eet,
846 2343 880 2396 ut
907 2338 961 2411 qui
986 2338 1089 2397 uiuunt
1116 2340 1176 2397 ium
1204 2355 1264 2399 non
1291 2340 1356 2400 sibi

343 2433 458 2503 uiuunt,
484 2429 540 2489 sed
566 2429 608 2500 ei,
636 2427 691 2501 qut
713 2441 772 2501 pro
795 2426 868 2500 ipsis
890 2430 1026 2485 mortuno
1048 2431 1093 2485 eet
1115 2431 1146 2485 et
1167 2432 1352 2487 resurrexit.

344 2516 454 2578 Omnes
483 2518 582 2593 itaquo
611 2514 721 2573 mortui
749 2521 819 2572 sunt
846 2514 877 2571 in
903 2514 1048 2592 pereatis,
1079 2514 1196 2574 nemine
1226 2531 1354 2593 prorsus

345 2612 476 2682 excepto,
500 2605 560 2662 sive
583 2598 776 2678 originalibus
799 2601 860 2660 sive
884 2601 971 2659 etiem
994 2599 1143 2661 voluntate
1167 2601 1282 2682 additis,
1306 2604 1354 2665 vel

344 2689 506 2769 ignorando
535 2687 581 2749 vel
609 2687 729 2747 sciendo
757 2705 813 2748 neo
841 2686 974 2747 iaciendo
1001 2687 1081 2767 quod
1103 2691 1214 2750 iustum
1238 2698 1297 2770 est;
1321 2703 1354 2753 et

292 2793 325 2840 to
344 2797 399 2858 pro
422 2776 559 2839 omnibus
577 2777 702 2835 mortuis
721 2777 804 2835 vivus
827 2785 962 2837 mortuus
985 2784 1031 2836 est
1054 2795 1141 2859 unus,
1164 2778 1193 2838 id
1217 2788 1263 2839 est
1286 2779 1353 2840 nul·

344 2867 406 2927 lum
433 2865 545 2925 habens
573 2865 693 2923 omnino
720 2871 890 2943 peceatum3
913 2872 961 2944 ut,
990 2866 1043 2942 qui
1068 2882 1123 2943 per
1146 2869 1353 2929 remissionem

344 2962 534 3035 peooatornm
561 2952 676 3031 vivunt,
698 2953 756 3011 iam
780 2968 839 3012 non
863 2950 919 3011 sibi
942 2952 1052 3033 vivant,
1081 2950 1134 3014 sed
1157 2956 1198 3036 ei,
1222 2958 1273 3034 qui
1296 2975 1353 3036 pro

344 3040 482 3103 omnibus
500 3047 636 3100 mortuus
654 3047 701 3099 ost
722 3046 845 3118 propter
866 3048 987 3118 peceato
1010 3049 1111 3101 nostra
1133 3050 1164 3103 ot
1186 3047 1355 3106 resurrexit

344 3140 466 3215 propter
485 3127 723 3189 iustificationem
746 3135 887 3207 nostram,
909 3135 943 3189 ut
966 3129 1123 3190 eredentes
1146 3131 1176 3191 in
1200 3150 1277 3211 enm,
1301 3136 1355 3211 qui

291 3231 326 3280 30
345 3219 484 3284 iustificat
517 3216 656 3296 impium,
688 3233 724 3275 ex
755 3216 904 3293 impietate
937 3216 1101 3298 iustificati,
1134 3226 1282 3298 umquam
1316 3240 1354 3281 ex

346 3315 441 3368 morte
469 3305 620 3382 vivificati,
653 3303 688 3362 ad
716 3304 841 3382 primam
870 3306 1135 3387 resurrectionem,
1167 3326 1242 3386 quae
1272 3326 1354 3370 nunno

415 3496 443 3560 ι)
461 3493 500 3549 10.
519 3497 545 3559 o,
564 3496 597 3545 eo
617 3507 658 3559 sq.
696 3488 809 3555 1o)ut
829 3492 853 3558 e,
873 3494 914 3544 ιι.
952 3496 998 3558 ιι)
1017 3498 1042 3546 ι.
1061 3491 1121 3549 eor.
1141 3499 1167 3561 o,
1187 3499 1221 3547 ιι
1239 3511 1279 3563 sq.

414 3727 430 3775 9
448 3728 481 3777 ut
497 3724 588 3782 editur
604 3721 631 3775 R
651 3721 749 3791 Ouum
769 3722 892 3776 mortuos
912 3722 1029 3792 sepelire
1048 3727 1171 3779 mortuos
1191 3743 1254 3780 suos
1268 3728 1352 3782 AGn

344 3796 468 3865 abeppo
484 3794 494 3862 ΙΙ
513 3796 547 3845 20
564 3793 599 3845 ut
615 3792 644 3847 et
663 3790 711 3860 qui
730 3792 760 3844 E
