3284 4459
333 487 397 550 352
734 497 934 540 aaucusmu

332 637 376 696 eis
398 653 487 696 unam
510 651 622 714 veram,
650 641 763 694 ceteras
794 633 881 694 ialsas
903 633 1039 694 ostendat
1062 652 1143 715 esee,
1170 636 1343 698 revertitur.

332 723 406 784 Nam
424 731 538 783 remoto
557 722 606 782 ilio
625 724 774 802 tripertito
796 740 907 801 genere
930 724 1005 782 vitae
1029 722 1104 782 duae
1127 731 1228 803 partes
1250 723 1343 784 buius

333 814 450 873 numeri
479 809 676 872 detrahuntur
707 818 737 871 et
771 819 869 890 sectae
906 813 1064 888 nonaginta
1093 829 1144 871 sex
1177 819 1343 872 remanent.

333 900 455 960 Remota
483 917 552 959 vero
585 899 751 959 differentia
779 916 815 958 ex
843 896 960 977 Cynicis
992 897 1089 959 addita
1122 899 1158 959 ad
1186 899 1342 961 dimidium

298 985 509 1066 orediguntur
537 996 567 1048 et
594 987 786 1066 qrradraginta
814 996 881 1048 octo
910 987 992 1047 dunt.
1047 987 1223 1048 Auferamus
1251 991 1342 1049 etiam

333 1078 411 1155 quod
439 1094 475 1137 er
499 1075 679 1136 Academicis
707 1077 790 1135 novis
818 1073 982 1135 adhibitum
1004 1083 1064 1135 est:
1091 1093 1197 1136 rursus
1220 1076 1342 1138 dimidia

332 1184 401 1244 pars
424 1173 565 1244 remanet,
588 1165 617 1226 id
641 1172 686 1224 est
710 1165 813 1242 viginti
836 1170 985 1241 quattuor.
1031 1162 1073 1223 De
1096 1164 1198 1224 sociali
1221 1183 1343 1244 quoque

333 1256 390 1314 vita
420 1252 499 1332 quod
529 1262 694 1313 accesserat
722 1252 857 1312 similiter
886 1252 1054 1312 auferatur:
1086 1251 1242 1313 duodecim
1270 1262 1344 1315 sunt

333 1341 479 1420 reliquae,
503 1359 575 1419 quas
599 1343 654 1400 ista
678 1339 857 1420 differentia,
880 1349 914 1400 ut
937 1341 1040 1418 viginti
1063 1349 1202 1418 quattuor
1225 1341 1344 1422 tierent,

282 1441 315 1490 ιο
332 1429 539 1510 duplicaverat.
585 1427 626 1488 De
646 1428 690 1488 his
709 1446 780 1506 ergo
799 1427 955 1488 duodecim
979 1427 1050 1488 nihii
1074 1428 1133 1489 dici
1155 1436 1262 1509 potest,
1285 1447 1344 1490 our

334 1527 431 1578 sectae
450 1534 509 1577 non
529 1518 588 1577 sint
606 1515 765 1577 habendae.
802 1515 882 1576 Nihil
900 1518 1009 1594 quippe
1029 1517 1107 1577 aliud
1129 1519 1161 1577 in
1184 1520 1228 1578 eis
1251 1533 1342 1596 quae·

333 1609 411 1667 ritur
438 1623 525 1684 quam
554 1605 623 1665 duis
655 1604 800 1664 bonorum
829 1613 860 1664 et
889 1604 1042 1665 maiorum.
1088 1604 1218 1665 inventis
1241 1614 1343 1667 autem

333 1694 479 1755 bonorum
498 1692 605 1753 finibus
623 1693 758 1772 proiecto
781 1711 798 1752 e
821 1695 972 1754 contrario
995 1702 1065 1753 sunt
1089 1692 1241 1754 malorum.
1279 1693 1342 1754 Hae

334 1790 432 1842 autem
455 1790 489 1842 ut
512 1781 582 1841 fiant
600 1780 755 1841 duodecim
779 1789 886 1856 sectae,
909 1780 957 1840 iila
980 1788 1122 1859 quattuor
1144 1782 1343 1863 triplicantur,

282 1881 315 1929 lu
334 1869 483 1948 voltrptas,
508 1871 604 1950 quties,
628 1878 787 1948 utrumque
811 1876 842 1930 et
864 1871 958 1948 prima
982 1878 1118 1949 naturae,
1140 1888 1215 1948 quae
1239 1872 1343 1948 primi·

333 1961 417 2038 genia
436 1956 527 2018 Varro
547 1966 638 2018 vocat.
684 1956 762 2017 Haeo
782 1960 891 2036 quippe
915 1965 1056 2035 quattuor
1078 1957 1148 2018 dum
1171 1958 1343 2037 singiliatim

333 2049 436 2107 virtuti
458 2045 613 2125 aliquando
637 2045 817 2125 subduntur,
849 2055 882 2106 ut
904 2063 964 2105 nou
987 2055 1110 2124 propter
1132 2065 1165 2106 se
1188 2049 1264 2126 ipsa,
1288 2048 1342 2108 sed

333 2143 456 2216 propter
483 2135 613 2194 officium
640 2136 758 2194 virtutis
791 2133 955 2212 appetenda
984 2133 1155 2214 videantur,
1183 2134 1342 2213 aliquando

333 2224 557 2304 praeferuntur,
578 2224 618 2282 'ut
648 2241 707 2282 non
735 2231 859 2301 propter
886 2223 1018 2301 seipsa,
1046 2223 1098 2282 sed
1122 2232 1245 2302 propter
1267 2223 1343 2284 baec

280 2323 315 2372 20
333 2312 520 2392 adipiscenda
543 2311 589 2371 vel
606 2309 805 2371 conservanda
829 2312 996 2370 necessaria
1018 2312 1113 2371 virtus
1134 2320 1265 2391 putetur,
1288 2311 1343 2372 aii·

334 2400 450 2481 quando
478 2403 655 2478 iunguntur,
683 2407 715 2458 ut
742 2407 865 2477 propter
892 2416 924 2458 se
952 2401 1018 2477 ipsa
1046 2407 1076 2458 et
1103 2401 1196 2459 virtus
1224 2408 1254 2460 et
1283 2402 1343 2460 ista

334 2489 496 2568 appetenda
515 2486 683 2565 credantur,
706 2489 929 2564 quaternarium
947 2504 1104 2547 numerum
1128 2487 1251 2566 triplum
1274 2489 1343 2549 red·

334 2579 409 2638 dunt
435 2584 465 2636 et
492 2575 527 2635 ad
555 2574 710 2634 duodecim
740 2581 836 2634 sectas
863 2577 1048 2653 perveniunt.
1094 2574 1138 2634 Ex
1161 2576 1218 2636 iuis
1241 2584 1344 2639 autem

335 2672 474 2744 quattuor
508 2662 598 2722 rebus
625 2660 717 2721 Varro
750 2670 811 2722 tres
839 2662 929 2742 tollit,
962 2663 1142 2741 voluptatem
1170 2664 1284 2724 scilicet
1310 2674 1344 2726 et

280 2762 315 2810 25
335 2755 464 2832 quietem
493 2759 524 2811 et
546 2759 719 2829 utrumque3
747 2767 805 2810 non
829 2750 908 2828 quod
931 2768 981 2810 eas
1004 2751 1154 2831 inprobet,
1185 2752 1236 2812 sed
1260 2755 1344 2831 quod

334 2842 508 2920 primigenia
535 2837 584 2898 illa
614 2847 735 2897 naturae
769 2846 798 2898 et
829 2838 1008 2917 voluptatem
1038 2842 1069 2899 iu
1097 2857 1129 2899 se
1156 2839 1282 2901 habeant
1309 2851 1345 2903 et

335 2931 472 3008 quietem.
519 2926 596 2997 Quid
625 2943 696 3004 ergo
725 2944 800 3004 opus
829 2936 875 2986 est
901 2945 937 2986 ex
964 2927 1011 2987 bia
1035 2926 1148 2987 duabus
1172 2931 1228 2989 tria
1251 2947 1343 3007 quae·

334 3017 400 3078 dam
423 3016 530 3095 iacere,
553 3014 612 3074 duo
631 3014 751 3093 scilicet,
774 3033 842 3074 cum
866 3015 1035 3093 singiliatim
1057 3024 1237 3094 appetuntur
1259 3017 1344 3078 voiu-

334 3113 399 3184 ptas
418 3111 469 3164 aut
487 3105 580 3183 quiea,
603 3111 633 3162 et
649 3106 779 3181 tertium,
801 3121 870 3163 cum
891 3102 993 3164 ambae
1016 3102 1113 3184 simui,
1136 3104 1252 3182 quaudo
1276 3109 1343 3183 qui·

281 3204 316 3252 ³0
335 3193 401 3254 dem
431 3194 533 3270 prima
553 3200 673 3250 naturae
702 3200 731 3251 et
759 3193 838 3270 ipsas
866 3199 896 3250 et
923 3200 1042 3269 praeter
1069 3194 1148 3270 ipsas
1171 3192 1224 3253 alia
1250 3193 1344 3253 muita

336 3276 526 3342 contineant?
571 3278 612 3339 De
645 3278 741 3339 tribus
774 3296 845 3357 ergo
877 3281 966 3340 sectis
998 3282 1026 3340 ei
1057 3280 1152 3358 piacet
1184 3280 1345 3360 diiigenter

336 3387 402 3430 esse
425 3367 619 3447 tractandum,
642 3384 785 3446 quaenam
809 3369 848 3426 sit
870 3369 969 3445 potius
992 3368 1132 3447 eligenda.
1173 3369 1238 3429 Non
1261 3371 1344 3432 enim

336 3475 435 3518 veram
457 3455 524 3536 plus
548 3473 635 3534 quam
658 3473 747 3515 unam
770 3472 838 3514 vera
861 3456 936 3515 ratio
959 3473 1025 3516 esse
1049 3459 1202 3537 permittit,
1225 3459 1285 3517 sive
1311 3461 1343 3518 in

408 3697 439 3745 12
458 3690 521 3742 finis
535 3689 675 3758 RA'tpp3
694 3687 762 3741 fines
779 3686 887 3741 Gabeo
900 3689 910 3755 fl
924 3692 956 3740 21
973 3686 1128 3757 iunguntur
1141 3688 1344 3760 RAGnabep

337 3768 438 3835 (propr.
451 3779 478 3830 p.
495 3765 512 3814 9
516 3780 527 3826 ;
545 3760 579 3826 ef.
595 3762 775 3826 348,1334.);
793 3757 947 3826 iungentur
957 3773 991 3826 p3
1003 3757 1130 3827 iungitur
1143 3776 1159 3813 e
1172 3762 1182 3828 ss
1195 3765 1229 3813 28
1244 3759 1311 3812 dum
1324 3778 1343 3814 v
