3284 4459
766 514 790 555 Β.
804 512 973 556 eoeneum

767 711 883 780 cnm
906 712 962 779 IX.

370 845 457 918 Quod
483 846 629 904 universa
651 844 815 916 meacula,
844 858 923 916 quoe
944 860 1005 917 per
1027 849 1181 917 martyres
1204 844 1235 901 in
1263 842 1382 902 Christi

431 934 550 993 momine
569 933 663 1003 fiunt,
687 933 717 991 ei
735 932 812 1002 fidei
833 932 1032 990 testimoninm
1052 927 1167 1004 seram,
1191 946 1253 1004 qua
1276 933 1309 990 in

589 1019 741 1079 Christum
763 1024 916 1093 martyres
940 1020 1148 1078 crediderunt.

328 1154 346 1204 o
453 1141 517 1223 Cui,
539 1143 597 1203 nisi
619 1142 689 1202 hnic
711 1140 780 1201 lldei
802 1140 988 1201 adtestantur
1009 1143 1067 1201 ista
1089 1141 1240 1221 miracula,
1261 1143 1294 1202 in
1317 1160 1379 1220 qua

364 1231 552 1313 praedicatur
575 1229 711 1290 Christus
738 1231 939 1289 resurrexisse
969 1231 1000 1289 in
1029 1246 1117 1289 carne
1146 1237 1177 1290 et
1205 1232 1238 1290 in
1261 1229 1378 1290 caelum

364 1320 533 1382 ascendisse
562 1337 631 1379 cum
658 1312 769 1377 cerne?
801 1319 868 1395 qrrie
892 1325 922 1377 et
944 1318 1002 1397 ipsi
1025 1324 1171 1397 martyres
1193 1316 1284 1378 huius
1307 1318 1381 1379 iidei

365 1416 518 1489 martyres,
540 1407 569 1467 id
593 1416 639 1467 est
656 1405 746 1466 buius
768 1404 838 1465 fidei
861 1414 960 1485 testes,
984 1405 1119 1486 luerunt3
1142 1406 1212 1467 hnic
1241 1406 1311 1466 fidei
1334 1417 1379 1467 te·

365 1499 536 1558 stimonium
563 1494 754 1574 perhibentes
782 1493 925 1553 mundum
952 1496 1189 1555 inimicissimum
1217 1503 1248 1555 et
1270 1494 1379 1556 crude·

316 1599 349 1648 to
367 1586 514 1646 lissimum
542 1582 731 1662 pertulerunt
758 1600 885 1659 eumque
914 1600 973 1642 non
1002 1581 1209 1663 repugnando,
1237 1582 1291 1643 sed
1315 1602 1379 1643 mo-

366 1673 469 1734 riendo
499 1673 647 1751 vicerunt3
678 1688 733 1749 pro
760 1672 817 1731 ista
844 1668 902 1730 fide
932 1674 1043 1731 mortni
1071 1680 1157 1752 sunt,
1189 1674 1241 1750 qui
1263 1670 1380 1733 haece

366 1761 489 1822 Domino
519 1762 669 1839 inpetrare
700 1766 841 1838 possunt,
872 1768 995 1837 propter
1028 1760 1115 1819 cuius
1144 1778 1252 1819 nornen
1285 1763 1380 1821 occisi

366 1857 449 1929 sunt3
478 1866 535 1927 pro
564 1846 619 1907 bec
648 1846 706 1906 fide
736 1849 899 1925 praecessit
926 1864 1029 1908 eorum
1057 1849 1132 1907 mim
1155 1849 1312 1929 patientia,
1344 1858 1380 1909 ut

365 1939 398 1997 in
424 1936 471 1996 his
497 1935 648 1996 miraculis
674 1943 754 1995 tanta
784 1937 840 1994 ista
864 1938 995 2013 potentia
1018 1944 1205 2014 sequeretur.
1252 1935 1326 1997 Nam
1352 1941 1379 1997 si

316 2037 348 2086 15
366 2026 464 2085 cernis
482 2026 513 2083 in
532 2033 685 2084 aeternum
699 2025 880 2083 resurrectio
896 2022 940 2083 vel
960 2041 1020 2083 non
1039 2026 1193 2102 praevenit
1209 2026 1241 2085 in
1257 2022 1379 2085 Christo

366 2113 412 2173 vel
444 2130 503 2173 non
534 2121 658 2172 ventura
690 2119 751 2191 est,
779 2113 858 2171 sieut
883 2114 1109 2190 praenuntiatur
1137 2130 1154 2172 a
1184 2111 1302 2173 Christo
1330 2114 1379 2173 vel

366 2204 444 2262 sicut
466 2202 671 2279 praenuntiata
694 2206 740 2259 est
758 2217 773 2258 a
792 2198 956 2280 prophetis,
979 2218 996 2258 a
1018 2199 1127 2277 quibus
1149 2204 1379 2279 praenuntiatus

367 2299 413 2351 est
442 2289 590 2350 Christus:
621 2306 676 2349 cnr
703 2297 733 2347 et
760 2290 871 2347 mortui
898 2296 978 2348 tanta
1006 2297 1146 2369 possunt,
1178 2291 1229 2367 qni
1255 2308 1312 2368 pro
1343 2309 1383 2349 ea

367 2378 433 2459 fide,
457 2396 515 2456 qua
536 2377 609 2438 baec
632 2377 814 2436 resurreetio
837 2375 1034 2457 praedicatur,
1057 2378 1147 2436 occisi
1171 2374 1262 2437 sunt?
1309 2376 1379 2437 Sive

314 2478 349 2529 20
367 2469 447 2527 enim
465 2466 544 2526 Deus
563 2468 626 2545 ipse
645 2482 700 2543 per
717 2483 750 2523 se
768 2466 866 2542 ipsum
890 2466 965 2523 miro
988 2462 1084 2544 modo,
1108 2482 1166 2542 qno
1189 2483 1238 2525 res
1262 2474 1379 2545 tempo-

366 2554 444 2614 rales
471 2561 611 2633 operatur
638 2563 791 2632 aeternus,
818 2554 880 2612 sive
907 2569 962 2631 per
986 2570 1056 2612 suos
1079 2554 1231 2613 ministros
1254 2555 1312 2614 ista
1336 2556 1378 2615 la-

368 2645 440 2722 ciat;
462 2650 492 2703 et
514 2641 617 2703 eadem
639 2643 716 2722 ipsa,
745 2658 820 2719 quae
843 2658 898 2718 per
920 2642 1073 2701 ministros
1097 2641 1179 2721 lacit,
1202 2644 1263 2701 sive
1287 2660 1379 2720 quae-

367 2728 436 2789 dam
454 2730 540 2789 iaciat
558 2732 647 2790 etiam
665 2747 719 2808 per
737 2736 901 2808 martynim
920 2730 1050 2809 spirituS,
1073 2730 1152 2790 sient
1167 2748 1224 2808 per
1240 2728 1380 2791 bomines

368 2817 464 2878 adbuc
482 2820 513 2877 in
531 2835 657 2896 corpore
676 2819 863 2897 constitutos,
887 2818 947 2876 sive
971 2818 1069 2875 omnia
1091 2818 1148 2877 ista
1170 2835 1225 2896 per
1248 2818 1380 2901 angelos,

316 2919 349 2967 25
369 2904 477 2983 quibus
503 2904 703 2986 invisibiliter,
729 2903 968 2983 incorporaliter,
997 2904 1211 2965 innutabiliter
1241 2907 1381 2987 imperat,

367 3001 517 3072 operetur,
540 3000 583 3073 ut,
605 3009 680 3071 quae
699 3011 753 3072 per
770 3002 916 3072 martyres
939 2992 1004 3052 fleri
1026 2992 1177 3073 dicuntur,
1200 2996 1242 3054 eis
1265 2997 1380 3055 oranti-

367 3081 424 3142 bus
448 3091 561 3140 tantnm
584 3088 615 3140 et
632 3079 859 3160 inpetrantibns,
883 3098 942 3139 non
965 3082 1053 3140 etiam
1076 3081 1268 3159 operantibus
1292 3083 1379 3164 liant3¹

368 3172 429 3229 sive
448 3168 502 3228 alia
520 3170 596 3250 istis,
618 3168 673 3228 alia
691 3168 748 3228 illis
767 3168 871 3247 rrrodis,
895 3170 946 3247 qui
964 3168 1044 3227 nullo
1063 3168 1150 3228 modo
1174 3170 1382 3248 conprehendi

368 3275 385 3317 a
408 3256 580 3317 mortalibus
603 3266 745 3336 possunt:
768 3258 796 3315 ei
819 3267 919 3315 temen
942 3256 1126 3317 adtestantur
1149 3257 1222 3317 baec
1245 3257 1323 3338 ndei,
1349 3263 1382 3320 in

315 3358 350 3408 30
369 3365 426 3424 qua
449 3349 548 3407 carnis
570 3348 603 3407 in
624 3356 779 3408 aeternum
801 3352 983 3409 resurrectio
1004 3349 1201 3427 praedicatur.

442 3554 474 3600 13
492 3549 629 3616 processit
647 3549 675 3602 R
691 3551 702 3618 l
719 3554 753 3602 26
771 3548 977 3603 immutabiliter
995 3552 1024 3604 et
1041 3550 1255 3619 incorporaliter
1271 3567 1289 3605 v
