3284 4459
576 541 617 581 ιιι
631 529 773 582 cmuar'n
787 503 881 582 ιιιιιι.
895 541 983 582 xum.
997 541 1020 583 c.
1034 542 1066 584 ιι
1254 527 1330 593 “343

314 674 407 739 'orbis
433 682 545 735 terrae.
600 673 657 735 Sed
686 677 838 756 quoniam,
864 677 1037 755 priusquam
1064 685 1168 754 passus
1195 685 1275 736 esset
1296 674 1332 737 et

311 753 537 823 resurrexisset
568 780 586 823 a
617 765 760 844 mortuis,
798 764 930 824 nondum
961 761 1034 835 fides
1065 763 1203 825 omnihus
1235 763 1331 825 iuerat

322 849 443 910 delinita
465 845 511 932 (in
535 810 760 911 resurrectione,
778 853 886 931 quippe
910 850 1022 912 Christi
1044 850 1163 921 delinita
1185 861 1241 933 est,
1263 855 1331 912 nam

311 939 367 998 'sic
394 939 545 1018 apostolus
571 939 680 1000 Paulus
704 939 933 1000 Atheniensibus
961 939 1101 1017 loquitur
1115 938 1231 1001 dicens:
1264 922 1330 1007 Idm

311 1023 406 1088 'nunc
429 1029 548 1088 adnuat
535 1030 592 1088 tint
609 1029 778 1089 hominihus
801 1045 903 1089 omnes
925 1029 1037 1102 utique
1058 1045 1153 1103 apere
1171 1032 1330 1105 paeniten-
1349 1043 1366 1088 ι

310 1108 410 1189 ιιάιι,
438 1133 472 1176 eo
495 1119 578 1190 quod
597 1118 710 1176 statuit
732 1117 810 1198 diem
834 1118 976 1177 iudicare
989 1117 1135 1193 orbem
1122 1134 1154 1176 m
1177 1116 1332 1190 aequitate

310 1206 355 1263 ¹⁴a‘n
378 1207 443 1265 uiro
467 1221 525 1278 quo
554 1207 690 1278 definivit
712 1189 805 1277 fidem
832 1205 970 1265 omnihus
996 1207 1183 1265 resuscitans
1206 1202 1288 1264 illum
1311 1202 1331 1264 'u

312 1285 480 1393 'mortamh
503 1291 640 1353 melius
631 1309 662 1351 ιιι
685 1291 739 1351 hac
764 1294 937 1372 quaestione
960 1290 1100 1351 solvenda
1122 1290 1190 1351 inde
1213 1295 1330 1367 initium

321 1380 480 1460 sumimus3
508 1381 682 1460 praesertim
709 1381 778 1458 quia
804 1387 877 1440 tunc
905 1379 990 1440 datus
1022 1387 1068 1439 est
1090 1381 1178 1440 etiam
1202 1360 1341 1458 Spiritus¹

320 1475 452 1548 sanctus
476 1470 554 1529 sicut
572 1485 640 1529 eum
663 1467 726 1528 dari
749 1475 816 1547 post
841 1468 1091 1528 resurrectionem
1110 1466 1221 1528 Christi
1243 1464 1329 1551 opor}-
1350 1482 1383 1531 10

320 1555 402 1616 tehat
425 1558 455 1616 in
480 1574 513 1616 ea
537 1558 666 1635 civitate,
694 1574 730 1616 ex
763 1574 820 1634 qua
844 1555 946 1616 debuit
967 1557 1100 1634 incipere
1122 1554 1169 1616 lex
1193 1556 1330 1637 secunda,

320 1643 378 1704 hoc
402 1652 448 1704 est
471 1651 679 1704 testamentum
707 1662 824 1704 novum.
869 1643 967 1704 Prima
990 1645 1070 1704 enim
1093 1644 1148 1704 luit
1170 1652 1207 1704 'ex
1231 1644 1330 1729 monte

321 1731 394 1792 Sina
421 1750 474 1812 per
497 1731 631 1814 Moysen,
659 1731 736 1811 quod
767 1739 977 1792 testamentum
1005 1739 1127 1793 vocatur
1149 1741 1243 1792 vetus.
1288 1731 1329 1792 lle

316 1819 377 1881 hac
404 1828 518 1900 autem,
550 1838 624 1898 quae
652 1838 707 1899 per
735 1818 885 1880 Christum
912 1819 1006 1879 danda
1035 1828 1115 1899 erat,
1145 1819 1365 1904 praedictum,

322 1916 381 1968 est:
404 1909 455 1969 Ex
473 1909 546 1969 Sion
569 1912 620 1968 lex
638 1907 762 1986 prodiet
784 1915 814 1969 et
835 1909 958 1969 verbm
982 1909 1105 1969 Domini
1125 1927 1165 1969 ex
1183 1908 1329 1970 Hieruso-
1351 1923 1382 1971 ιι

319 2000 386 2057 lem.
432 1993 516 2056 Unde
549 2003 579 2056 et
611 1998 674 2074 ipse
706 2014 760 2076 per
792 2013 896 2056 omnes
927 2005 1031 2075 gentes
1063 1997 1136 2056 dixit
1165 1997 1330 2075 praedicari

315 2081 460 2163 'oportere
479 2087 510 2144 in
530 2086 648 2144 nomine
671 2101 725 2145 suo
749 2085 967 2163 paenitentiam,
991 2084 1042 2144 sed
1066 2093 1164 2144 tamen
1187 2086 1328 2188 incipien-

320 2173 403 2233 tibus
421 2172 457 2232 ah
476 2171 668 2232 Hierusalem.
714 2171 757 2232 lbi
781 2189 851 2250 ergo
875 2189 998 2232 exorsus
1021 2181 1068 2232 est
1089 2172 1178 2232 huius
1201 2170 1329 2233 nominis

319 2260 433 2344 cultus,
464 2269 498 2321 ut
530 2263 560 2344 in
588 2259 685 2321 lesum
714 2258 878 2340 Christum,
909 2261 962 2337 qui
984 2260 1152 2333 crucifixus
1179 2260 1292 2321 iuerat
1291 2259 1373 2335 e't

321 2356 541 2430 resurrexerat,
568 2348 750 2410 crederetur.
803 2346 847 2407 lhi
873 2347 945 2407 haec
973 2347 1046 2407 fides
1073 2357 1148 2408 tarn
1162 2333 1354 2430 insignibus
1347 2362 1381 2410 ιο

318 2439 414 2520 initiis
449 2436 615 2515 incanduit,
651 2445 685 2496 ut
717 2435 829 2514 aliquot
860 2437 1013 2496 hominum
1044 2435 1123 2496 milia
1155 2439 1186 2496 iu
1219 2432 1329 2497 Christi

320 2543 430 2586 nomen
452 2524 580 2585 mirabili
597 2523 750 2585 alacritate
775 2542 917 2584 conversa
940 2523 1065 2586 venditis
1088 2525 1150 2584 suis
1173 2522 1272 2605 rebus,
1296 2533 1329 2586 ut

320 2615 423 2696 egenis
456 2612 720 2693 distribuerentur,
752 2614 904 2691 proposito
937 2620 1038 2672 sancto
1067 2621 1096 2672 et
1124 2612 1327 2705 ardentissima

320 2703 443 2762 'caritate
462 2701 498 2760 ad
516 2709 720 2786 paupertatem
743 2700 937 2761 voluntariam
959 2686 1150 2779 pervenirent
1172 2699 1294 2779 atque
1283 2694 1326 2761 ιη’-

320 2799 368 2851 ιιι
387 2783 546 2850 frementes
571 2797 600 2849 et
623 2791 796 2861 sanquinem
819 2790 953 2849 sitientes
971 2787 1095 2849 ludaeos
1118 2807 1150 2848 se
1173 2807 1268 2870 usque
1290 2789 1326 2863 ad
1346 2795 1380 2852 ιι

320 2885 447 2940 mortem
478 2895 533 2957 pro
565 2878 687 2937 veritate
720 2886 835 2937 certare
865 2894 924 2936 non
958 2886 1068 2938 armata
1098 2879 1243 2960 potentia,
1275 2877 1326 2938 sed

319 2967 489 3046 potentiore
519 2967 659 3045 patientia
686 2973 905 3044 praepararent.
950 2963 1012 3025 Hoc
1041 2967 1067 3025 si
1094 2965 1184 3025 nullis
1208 2969 1326 3045 magicis

320 3054 435 3115 artibus
465 3054 576 3114 lactum
606 3062 663 3133 est,
691 3071 746 3112 etrr
773 3052 896 3112 credere
924 3052 1060 3114 dubitant
1088 3054 1189 3114 eadem
1218 3057 1326 3115 virtute

319 3143 417 3204 divina
449 3160 503 3221 per
534 3150 629 3202 totum
667 3141 809 3202 muudum
841 3139 870 3200 id
903 3141 968 3201 lieri
998 3144 1145 3222 potuisse,
1181 3159 1239 3220 qua
1269 3142 1326 3204 hoc

320 3231 431 3312 iactum
463 3227 531 3291 est?
576 3229 608 3290 Si
639 3237 738 3290 autem
770 3238 803 3289 ut
831 3227 1041 3309 Hierosolymis
1073 3233 1115 3290 sic
1147 3229 1183 3289 ad
1213 3229 1326 3290 cultum
1344 3245 1378 3293 ιο

320 3321 449 3380 nominis
481 3317 591 3379 Christi
623 3317 836 3379 accenderetur
868 3325 948 3378 tauta
977 3317 1129 3379 homiuum
1160 3309 1325 3397 multitudo,

320 3425 396 3486 quae
414 3406 523 3467 illurn
515 3424 546 3466 m
565 3424 654 3466 cruce
674 3406 719 3465 vel
741 3406 845 3466 fixerat
868 3423 1010 3484 prensum
1032 3400 1093 3466 vel
1101 3407 1207 3465 riserat
1225 3405 1325 3485 tirum,

372 3523 477 3594 1)1³s.
499 3527 579 3588 ιιι
626 3525 652 3593 a)
672 3524 732 3578 Aet
753 3527 794 3590 ιι
810 3528 894 3590 acm
942 3525 985 3591 16)
1003 3521 1077 3576 trau
1099 3528 1168 3591 ιι.
1199 3527 1262 3595 18)
1281 3524 1327 3580 Le.

317 3599 360 3662 24,
374 3599 417 3648 ιι.
463 3595 580 3664 August.
560 3593 655 3648 hdiv
676 3591 787 3658 Quaesi.
808 3585 856 3661 83,
875 3593 974 3647 Trinii.
993 3598 1011 3645 4
1012 3599 1118 3663 ‚.5sqq

319 3741 327 3790 ι
389 3726 798 3795 incoadunatione
820 3725 929 3790 oram
952 3725 1329 3796 inquopvllilmcelmt

317 3788 400 3858 Fida
418 3799 429 3866 ΙΙ
423 3743 561 3867 quliqnod
581 3796 683 3868 oley
931 3827 934 3836 ·
