3284 4459
535 511 576 551 nu
589 511 733 552 crvrraun
746 512 800 552 nm
813 512 840 552 n
853 510 929 553 xxm
942 511 966 552 e.
979 513 1013 554 ns
1026 513 1059 553 st
1231 497 1296 562 609

292 646 396 724 vineat,
420 661 457 704 ne
476 646 507 706 in
526 662 562 705 eo
582 645 660 724 quod
678 645 753 705 male
776 645 904 706 delectat
926 646 971 706 vel
994 648 1067 706 visio
1090 645 1137 707 vel
1159 648 1296 724 cogitatio

291 741 477 813 remoretur,
509 750 546 793 ne
579 731 738 812 inprobum
767 741 818 794 aut
847 734 988 795 indecens
1017 733 1141 795 verbum
1169 734 1298 795 libenter

291 820 442 900 audiatur,
469 838 508 882 ne
531 821 581 881 ilat
604 822 683 900 quod
705 839 766 881 non
788 821 859 883 licet
881 823 996 883 etiamsi
1017 821 1103 903 libet,
1125 840 1163 883 ne
1186 825 1217 883 in
1240 822 1298 884 boo

290 908 367 971 bello
395 907 529 971 laborum
557 909 817 989 periculorumque
846 910 1017 988 plenissimo
1046 909 1091 971 vel
1117 909 1155 971 de
1184 910 1297 972 viribus

211 1062 213 1071 ,
291 999 401 1057 nostris
426 1005 564 1077 speretur
586 997 717 1059 iacienda
740 1000 863 1059 victoria
885 997 930 1058 rel
953 998 1065 1059 viribus
1087 1001 1199 1059 nostris
1221 1000 1332 1061 lactat

292 1082 449 1159 tribuatur,
473 1084 525 1146 sed
548 1087 613 1147 eius
636 1088 756 1166 gratiae,
778 1085 816 1147 de
840 1104 898 1165 quo
921 1088 962 1146 ait
984 1086 1148 1166 apostolus:
1173 1088 1298 1148 Gratim

291 1180 392 1234 antem
418 1174 495 1247 Deo,
523 1177 577 1249 qni
602 1177 657 1235 dat
682 1176 768 1235 nobis
794 1178 953 1237 victoriam
977 1193 1035 1252 per
1061 1176 1217 1236 Dominum
1245 1194 1297 1237 no·

290 1268 386 1322 strum
410 1262 509 1323 Iesum
536 1263 706 1333 Christum
733 1264 785 1341 qui
807 1261 917 1324 etalio
941 1263 1019 1323 loco:
1048 1264 1087 1324 In
1108 1266 1169 1337 lits,
1192 1265 1297 1345 inquit,

291 1350 428 1411 omnibns
442 1355 684 1427 supervincimus
693 1370 758 1429 per
775 1371 842 1414 eam
858 1358 912 1428 qni
925 1355 1035 1415 dilexit
1046 1370 1102 1415 noe
1114 1353 1297 1413 -sciamus

293 1446 406 1519 tamen,
444 1437 626 1517 quantalibet
657 1440 766 1499 virtute
793 1439 958 1519 proeliandi
988 1441 1066 1500 vitiis
1095 1457 1297 1519 repugnemus
1317 1450 1350 1500 10

291 1525 338 1585 vel
359 1528 448 1587 etiam
471 1528 539 1587 vitia
558 1545 733 1607 superemus
753 1534 787 1587 et
809 1526 1011 1607 subiugemus,
1032 1527 1172 1607 quamdiu
1194 1545 1298 1588 sumus

291 1615 322 1673 in
351 1612 409 1675 boc
438 1633 580 1695 corpore,
609 1613 695 1676 nobis
723 1614 827 1676 deesse
855 1634 914 1675 non
941 1633 1030 1695 posse
1057 1615 1137 1676 unde
1166 1615 1298 1676 dicamus

292 1698 366 1763 lieo:
394 1704 517 1765 Dimitte
543 1704 628 1765 nobis
655 1705 757 1765 debita
786 1712 901 1765 nostra.
945 1702 979 1763 ln
1001 1704 1051 1764 illo
1075 1712 1174 1765 autem
1196 1722 1298 1784 regno,

292 1788 344 1849 ubi
362 1808 479 1870 semper
497 1809 566 1852 cum
584 1791 759 1871 corporibus
776 1791 982 1852 inmortalibus
1001 1794 1121 1873 erimus,
1139 1810 1195 1853 neo
1211 1810 1297 1871 proe-

292 1876 328 1938 lia
357 1877 442 1939 nobis
469 1887 559 1940 erunt
587 1877 646 1939 ulla
676 1898 731 1941 nee
753 1879 865 1961 debita3
893 1897 968 1959 quae
990 1898 1138 1959 nusquam
1160 1888 1191 1941 et
1212 1898 1297 1941 num·
1318 1892 1350 1940 15

292 1983 380 2043 quam
399 1974 509 2047 essent,
531 1969 557 2027 si
575 1976 680 2029 natura
698 1976 810 2050 nostra,
832 1970 911 2029 sicut
928 1977 1010 2029 recta
1033 1977 1132 2029 creata
1154 1977 1209 2050 est,
1230 1987 1297 2048 per·

293 2062 433 2115 maneret.
479 2053 520 2115 Ao
538 2072 592 2133 per
611 2054 667 2115 boc
686 2058 774 2116 etiam
792 2064 896 2117 noster
918 2058 975 2116 iste
998 2055 1162 2137 conflictus,
1184 2058 1216 2116 in
1239 2075 1298 2136 quo

292 2140 494 2220 periclitamur
527 2150 556 2203 et
585 2141 621 2203 de
654 2161 712 2221 quo
745 2162 798 2205 nos
828 2146 950 2206 victoria
977 2146 1134 2205 novissima
1162 2146 1298 2223 cupimus

292 2228 421 2309 liberari,
444 2229 480 2291 nd
499 2232 574 2291 ritae
594 2230 683 2292 buius
702 2232 776 2291 mala
794 2234 932 2314 pertinet,
956 2249 1044 2310 quam
1067 2241 1112 2292 tot
1134 2241 1297 2293 tantorum·

293 2334 350 2396 que
373 2319 543 2380 testimonio
566 2318 710 2381 malorum
732 2319 893 2399 probamus
915 2338 981 2381 esse
1004 2319 1178 2381 damnatam.
1316 2332 1351 2382 20

667 2505 786 2574 Carnu
803 2507 922 2574 XXIV.

292 2617 339 2678 lte
357 2618 450 2694 bonis,
472 2619 581 2692 quitus
599 2620 690 2679 etiarn
707 2619 789 2677 itanc
811 2621 903 2679 vitam
926 2622 1116 2680 damnationi
1135 2620 1299 2681 obnoxiam

653 2705 781 2767 Creator
803 2709 940 2783 implevit.

380 2828 441 2889 lam
470 2847 550 2890 nunc
579 2828 826 2890 considerandum
850 2836 904 2908 est,
926 2829 1003 2890 hanc
1028 2832 1123 2910 ipsam
1150 2832 1299 2891 miseriam

292 2918 411 2995 generis
434 2916 567 2998 humani,
589 2919 620 2976 in
643 2934 701 2996 qua
725 2916 859 2977 laudatur
881 2920 993 2979 iustitia
1015 2920 1183 3000 punientis,
1207 2918 1297 2997 quali·
1316 2932 1354 2981 25

294 3002 349 3064 bus
382 3012 412 3063 et
444 3020 531 3081 quam
563 3004 663 3065 multis
699 3004 865 3083 impleverit
901 3004 986 3067 bonis
1019 3006 1151 3073 eiusdem
1183 3006 1298 3067 bonitas

293 3100 399 3153 cuncta
428 3108 503 3170 quae
531 3095 641 3152 creavit
668 3092 906 3154 administrantis.
958 3094 1090 3156 Primum
1117 3093 1298 3155 benedictio·

293 3178 476 3259 nomiliam,
504 3197 592 3258 quam
614 3180 778 3259 protulerat
800 3189 867 3241 ante
894 3190 1049 3261 peceatum
1076 3182 1192 3243 dicens:
1227 3182 1297 3243 Ore

292 3272 368 3330 scite
396 3276 425 3329 et
447 3270 688 3344 multiplicamini
709 3280 740 3331 et
762 3272 880 3346 implete
902 3277 1030 3343 terram,
1061 3288 1117 3330 nec
1139 3279 1207 3349 post
1228 3288 1297 3357 pec·

291 3471 317 3525 G
363 3400 523 3527 s)11‘3800r.
549 3407 596 3469 m,
619 3408 661 3457 or.
698 3402 947 3472 e)1tom.s‚sr.
985 3402 1214 3472 13)Mte,1t.
1252 3406 1296 3472 ce)

319 3488 361 3527 en.
398 3510 467 3541 ,..

363 3636 380 3687 t
397 3634 536 3702 culparem
552 3632 694 3687 verborum
711 3631 910 3686 distinctionem
929 3648 1007 3701 „nos
1045 3631 1189 3702 Seinmns“
1207 3638 1296 3687 mata·

292 3702 336 3767 ni;
353 3701 472 3757 sciamus
491 3703 563 3757 enim
576 3703 677 3771 pendet
694 3718 727 3757 ea
740 3703 931 3756 coniunctione
946 3704 980 3757 nt
995 3706 1074 3768 (608,
1091 3707 1141 3772 13)
1159 3705 1170 3774 Ι
1190 3708 1224 3757 29
1243 3703 1294 3757 im-

290 3774 368 3843 plete
387 3771 573 3844 naerapp
592 3778 714 3843 (45,19;
731 3780 775 3841 46,
791 3779 834 3841 7);
852 3774 960 3843 replete
977 3778 1033 3830 beo

346 3881 404 3911 Aac.
419 3881 451 3910 nn
466 3880 512 3911 err.
526 3881 575 3911 nur.
599 3871 628 3913 11
1059 3869 1092 3917 39
