3284 4459
347 491 411 556 318
751 501 774 550 e.
787 502 954 550 auuusrnu
1011 543 1015 550 .

347 642 399 720 qui
422 640 540 700 diversa
566 649 597 699 et
610 692 612 696 Α
626 637 748 698 adversa
776 633 956 700 senserunt?
1000 636 1105 698 Nonne
1128 639 1205 718 apud
1228 639 1356 700 Athenas

348 737 378 790 et
396 727 537 807 Epicurei
556 725 717 806 clarebant,
740 725 913 786 adserentes
936 743 985 786 res
1008 725 1150 787 hermanus
1173 727 1209 787 ad
1233 728 1356 789 deorum
1457 738 1458 811 j

348 834 449 878 curam
479 833 538 876 non
565 816 731 894 pertinere,
758 821 789 875 et
812 813 918 894 Stoici,
945 816 997 892 qui
1024 818 1172 876 contraria
1195 818 1355 876 sentientes

348 923 398 965 eas
422 905 485 983 regi
509 912 597 981 atque
616 903 727 965 muniri
744 903 801 963 diis
824 901 1009 963 adiutoribus
1032 911 1063 963 et
1084 903 1234 965 tutoribus
1257 904 1356 983 dispu·
1457 902 1458 969 f

312 989 470 1055 stabant?
499 991 581 1052 Unde
606 993 698 1050 miror
722 1008 776 1050 cur
799 992 984 1069 Anaxagoras
1007 1009 1077 1051 reus
1101 992 1196 1053 lactus
1219 994 1266 1073 sit,
1288 994 1357 1071 quia

350 1081 442 1141 solem
469 1080 543 1140 dixit
565 1097 630 1139 esse
654 1077 780 1158 lapidem
803 1078 970 1159 ardentem,
998 1097 1108 1158 negans
1131 1082 1234 1160 utique
1257 1081 1356 1160 deum,
1457 1106 1458 1111 ¹

350 1187 418 1231 cum
441 1171 472 1230 iu
492 1168 593 1228 eadem
613 1169 730 1227 civitate
753 1165 846 1247 gloria
868 1166 1003 1228 lloruerit
1021 1166 1169 1247 Epicurus
1192 1170 1357 1249 vixeritque
1457 1188 1458 1251 p

350 1275 488 1339 secturus,
516 1275 575 1316 non
603 1255 698 1316 solum
727 1254 819 1315 solem
843 1254 888 1316 vel
910 1253 1003 1316 ullum
1026 1255 1157 1317 siderum
1180 1256 1268 1317 deum
1292 1275 1357 1324 esse

353 1364 412 1408 non
441 1345 579 1423 credens,
607 1343 659 1403 sed
687 1360 742 1404 nec
765 1343 863 1405 lovem
891 1361 947 1404 nec
976 1343 1069 1404 ullum
1092 1344 1214 1405 deorum
1237 1349 1356 1406 omnino
1457 1404 1458 1419 2

299 1449 331 1497 10
348 1435 380 1495 in
403 1434 514 1495 mundo
537 1430 669 1493 habitare
693 1431 884 1514 contendens,
907 1431 943 1491 ad
967 1450 1055 1510 quem
1077 1449 1183 1511 preces
1205 1432 1357 1496 hominum
1457 1440 1458 1487 1

351 1523 640 1602 supplicationesque
672 1522 854 1598 perveniant
908 1518 1012 1579 Nonne
1044 1519 1086 1580 ihi
1121 1521 1290 1600 Aristippus
1327 1525 1356 1584 iu

349 1611 497 1690 voluptate
517 1610 651 1688 corporis
670 1626 817 1668 summum
837 1607 948 1668 bonum
966 1626 1089 1689 ponens,
1112 1607 1153 1670 ibi
1167 1609 1357 1672 Antisthenes

330 1701 458 1759 'virtute
492 1699 581 1764 animi
612 1698 712 1776 potius
742 1695 892 1756 hominem
923 1694 989 1756 fleri
1020 1694 1139 1757 beatum
1172 1697 1358 1781 adseverans,
1457 1690 1458 1693 '

350 1786 409 1847 duo
432 1784 599 1865 philosophi
622 1782 736 1844 nobiles
760 1793 790 1844 et
812 1783 898 1843 ambo
922 1783 1074 1865 Socratici,
1096 1789 1129 1852 iu
1151 1794 1210 1847 tam
1233 1787 1357 1848 diversis
1457 1804 1458 1843 3

299 1888 331 1938 15
351 1883 439 1954 atque
467 1875 545 1934 inter
573 1891 604 1934 se
633 1874 789 1932 contrariis
816 1871 925 1933 finibus
952 1874 1028 1932 vitae
1052 1892 1195 1944 summam
1218 1874 1358 1957 locantes,
1457 1904 1458 1909 ¹

352 1981 478 2042 quorum
497 1964 584 2024 etiam
603 1959 651 2021 ille
671 1960 848 2039 fugiendam,
871 1963 927 2021 iste
950 1960 1212 2022 administrandam
1233 1965 1358 2043 sapienti

351 2048 467 2113 dicebat
490 2068 555 2111 esse
583 2066 647 2110 rem
674 2046 835 2129 publicam,
863 2047 899 2110 ad
922 2067 1006 2109 suam
1030 2053 1155 2129 quisque
1178 2060 1290 2113 sectam
1313 2071 1357 2113 se·
1457 2068 1458 2131 ξ

351 2140 487 2202 ctandam
515 2137 677 2218 discipulos
705 2133 923 2216 congregabat?
967 2136 1080 2216 Nempe
1107 2138 1202 2217 palam
1229 2142 1260 2200 in
1289 2158 1357 2205 cou-

254 2293 258 2300 ,
351 2230 452 2308 spicue
476 2236 506 2288 et
529 2228 681 2286 notissima
703 2228 835 2306 porticu,
857 2227 887 2285 in
910 2228 1082 2308 gymnasiis,
1110 2228 1140 2286 in
1163 2227 1305 2308 hortulis,
1327 2231 1358 2290 in

298 2330 333 2380 ‘to
352 2316 425 2378 locis
448 2314 575 2396 publicis
598 2333 632 2375 ac
655 2316 776 2394 privatis
800 2316 969 2374 catervatim
993 2333 1047 2392 pro
1070 2333 1123 2376 sua
1146 2317 1272 2394 quisque
1296 2319 1358 2396 opi·

352 2407 439 2466 nione
463 2400 628 2482 certabant,
655 2401 703 2464 alii
727 2401 898 2462 adserentes
922 2420 1028 2482 rrnrrm,
1056 2401 1104 2462 alii
1127 2403 1359 2466 innumerabiles

351 2492 490 2568 mundos3
519 2493 616 2570 ipsum
646 2498 744 2550 autem
778 2507 869 2550 unuln
902 2490 950 2550 alii
978 2499 1076 2551 ortum
1105 2509 1180 2573 esse,
1210 2491 1260 2552 alii
1287 2511 1360 2559 vero
1457 2560 1458 2565 η

351 2583 469 2643 initium
488 2597 547 2639 non
565 2577 689 2657 habere3
713 2577 760 2637 alii
779 2579 979 2658 interiturum,
1003 2577 1052 2638 alii
1070 2597 1187 2658 semper
1210 2581 1360 2664 luturum3
1397 2567 1411 2592 '

351 2669 400 2730 alii
424 2675 522 2728 mente
547 2666 660 2746 divine,
682 2664 731 2724 alii
754 2665 876 2726 fortuito
900 2674 929 2727 et
952 2664 1070 2727 casibus
1093 2669 1152 2748 agi;
1176 2667 1225 2728 alii
1247 2671 1359 2731 inmor-
1457 2692 1458 2743 p

299 2770 333 2820 25
352 2756 426 2818 tales
454 2773 519 2815 esse
548 2756 673 2834 animas,
702 2752 750 2813 alii
780 2752 930 2834 mortales3
957 2763 987 2814 et
1015 2757 1066 2834 qui
1093 2755 1277 2838 inmortales,
1304 2759 1360 2820 ,alii
1457 2768 1458 2837 ,

351 2843 461 2906 revolvi
483 2845 514 2902 in
537 2841 655 2922 bestias,
678 2840 726 2926 alii
749 2859 947 2923 nequaquam3
971 2844 1115 2922 quivero
1138 2843 1286 2926 mortales,
1309 2846 1360 2908 alii
1457 2844 1458 2857 ¹

352 2941 420 2994 mox
454 2933 576 3006 interire
604 2937 672 3008 post
700 2948 822 3010 corpus,
854 2928 903 2990 alii
936 2932 1033 2991 rivere
1065 2934 1154 2993 etiam
1182 2941 1285 3012 postea
1312 2934 1361 2996 vel
1457 2976 1458 2989 ,

351 3019 502 3103 paululum
527 3017 571 3078 vel
595 3017 720 3098 diutius,
748 3036 806 3077 non
831 3026 930 3078 tamen
952 3037 1083 3100 semper3
1106 3019 1155 3080 alii
1177 3022 1207 3081 in
1231 3039 1360 3101 corpore
1457 2992 1458 3067 l

353 3110 567 3170 constituentes
594 3107 684 3167 finem
712 3104 796 3183 boni,
824 3105 872 3168 alii
899 3109 929 3166 in
957 3109 1068 3188 auimo,
1095 3108 1144 3168 alii
1165 3110 1197 3174 in
1220 3118 1360 3191 utroque,

301 3210 334 3260 30
353 3198 403 3258 alii
430 3198 615 3258 extrinsecus
641 3196 736 3274 posita
763 3197 851 3254 etiam
878 3194 955 3255 bona
982 3196 1018 3256 ad
1041 3198 1172 3257 animum
1195 3205 1224 3258 et
1248 3215 1360 3278 corpus
1457 3198 1458 3265 ζ

353 3285 507 3365 addentes;
535 3283 583 3344 alii
607 3281 743 3344 sensibus
767 3285 900 3362 corporis
924 3301 1055 3365 semper,
1077 3284 1125 3346 alii
1149 3302 1207 3344 non
1230 3304 1361 3369 semper,
1457 3278 1458 3365 l

353 3374 402 3436 alii
433 3388 593 3452 numquam
623 3377 761 3450 putantes
793 3389 859 3432 esse
892 3370 1080 3434 credendum.
1134 3371 1193 3432 llas
1225 3382 1256 3434 et
1287 3375 1361 3437 alias
1457 3372 1458 3397 ¹

352 3479 445 3544 paene
468 3456 698 3522 innumerabiles
715 3458 915 3548 dissensiones
938 3458 1180 3540 philosophorum
1203 3465 1271 3540 quis
1294 3482 1360 3524 um·

354 3568 442 3630 quam
471 3547 611 3629 populus,
643 3548 710 3626 quis
737 3549 875 3628 senatus,
902 3565 977 3626 quae
1004 3558 1134 3628 potestas
1163 3548 1208 3610 vel
1231 3549 1362 3630 dignitas
1457 3562 1458 3597 ³

1457 3632 1458 3661 l

425 3776 460 3823 24
478 3769 594 3824 fortuito
613 3769 729 3841 Re¹pp3
747 3769 867 3824 fortuitu
884 3769 1097 3823 Amenanus
