3284 4459
361 547 426 612 212
759 560 780 603 s.
798 560 964 603 sucosam

362 697 443 776 titiis,
470 704 504 756 ut
531 712 638 757 novum
666 695 789 756 haberet
816 697 847 755 in
877 694 994 755 Christo
1022 693 1221 756 sacerdotium
1251 694 1372 776 sterilis,

362 803 437 863 quae
460 786 576 864 peperit
599 793 720 864 septem.

778 1007 895 1074 deror
918 1006 957 1072 V.

363 1141 409 1199 De
435 1140 495 1211 his,
523 1155 603 1214 quae
629 1139 673 1199 ad
694 1138 764 1198 Heli
789 1138 979 1198 sacerdotem
1007 1137 1092 1195 homo
1116 1135 1176 1195 Dei
1193 1136 1373 1210 prophetico

328 1231 480 1288 clocutus
503 1229 692 1304 suspiritu,
714 1228 894 1301 siqnificuus
916 1225 1137 1296 sacerdotium,
1162 1225 1244 1298 quod
1264 1240 1372 1283 secun-

488 1317 559 1375 dum
581 1315 686 1375 Aaron
711 1318 877 1374 institutum
897 1310 1014 1392 suerat,
1037 1309 1247 1386 auferendum.

452 1436 510 1498 Sed
529 1436 584 1498 hoc
604 1436 768 1498 evidentius
791 1435 827 1496 ad
850 1439 948 1515 ipsum
966 1433 1033 1494 Reli
1056 1433 1239 1494 sacerdotem
1264 1436 1374 1494 missus
1459 1461 1460 1474 κ

363 1526 494 1605 loquitur
517 1526 605 1585 horno
629 1524 694 1605 Dei,
717 1526 803 1584 cuius
827 1525 945 1602 quidem
969 1540 1077 1582 nornen
1100 1531 1229 1601 tacetur,
1253 1522 1305 1582 sed
1329 1526 1372 1582 in·

364 1614 513 1693 tellegitur
540 1615 637 1673 officio
666 1614 888 1690 ministerioque
917 1609 971 1672 suo
1000 1613 1064 1670 sine
1092 1609 1275 1671 dubitatione
1303 1629 1371 1690 pro-

314 1716 345 1762 ιο
364 1703 459 1782 pheta.
506 1701 555 1762 Sic
585 1704 663 1761 enim
693 1702 836 1780 scriptum
864 1707 922 1760 est:
955 1700 994 1760 Et
1021 1702 1103 1759 venit
1129 1701 1215 1760 homo
1245 1700 1305 1760 Dei
1330 1702 1374 1759 ad

364 1792 434 1852 Heli
461 1797 490 1851 et
518 1792 612 1851 dixit:
641 1790 726 1850 Haec
750 1790 826 1848 dicit
847 1789 1007 1848 Dominus:
1035 1788 1198 1847 Iieuelatus
1220 1791 1373 1848 revelatus

363 1895 428 1940 sum
452 1882 496 1939 ad
516 1881 633 1940 domum
660 1879 760 1954 patris
783 1879 840 1950 tui,
868 1893 936 1937 cum
959 1883 1057 1936 essent
1079 1879 1109 1935 in
1134 1884 1220 1936 terra
1243 1879 1375 1952 Aepppti

318 1959 321 1963 ’
364 1970 446 2029 serui
473 1971 504 2027 in
532 1970 617 2028 domo
645 1968 787 2035 Pharan·
818 1971 848 2025 et
881 1967 960 2038 alepi
986 1966 1104 2025 domum
1128 1967 1229 2040 patris
1257 1968 1303 2024 tui
1333 1983 1373 2024 eac

366 2058 501 2117 omnihus
522 2057 651 2131 sceptris
674 2054 775 2114 Israel
795 2055 870 2112 mihi
890 2053 1062 2112 sacerdotio
1083 2051 1186 2126 surpi,
1210 2059 1245 2111 ut
1267 2070 1372 2113 ascen-

314 2156 346 2204 15
366 2147 473 2205 derent
495 2146 538 2204 ad
559 2146 658 2203 altare
680 2158 777 2201 meum
800 2149 830 2201 ei
853 2143 1051 2201 incenderent
1074 2144 1228 2201 incensum
1251 2148 1281 2200 et
1299 2159 1371 2216 por·
1458 2195 1459 2220 ἒ

366 2239 468 2294 tarent
499 2232 623 2308 Ephod;
655 2237 684 2291 et
716 2231 788 2291 dedi
814 2231 917 2289 domui
944 2231 1045 2304 patris
1074 2231 1120 2288 tui
1147 2232 1261 2302 omnia,
1294 2247 1373 2304 puae
1458 2221 1459 2276 i

364 2328 436 2382 suut
467 2323 546 2395 ipnis
574 2323 708 2392 fitiorum
736 2318 848 2390 Israel,
881 2320 911 2376 iu
939 2333 1047 2377 escam.
1095 2318 1133 2375 Et
1161 2319 1296 2391 utquid
1324 2337 1372 2378 re·
1458 2337 1459 2400 g

364 2411 492 2486 spexisti
518 2412 548 2469 iu
579 2411 733 2468 incensum
761 2422 857 2465 meum
884 2413 914 2465 ct
943 2408 974 2465 iu
997 2408 1185 2478 sacrificinm
1208 2422 1305 2465 meum
1328 2409 1373 2466 in·
1458 2437 1459 2464 i

362 2499 493 2573 pudenti
517 2499 605 2557 oculo
633 2503 662 2556 et
686 2495 870 2570 clarificasti
889 2495 969 2566 filios
992 2500 1059 2554 tuos
1080 2511 1173 2570 super
1196 2511 1254 2567 me,
1285 2495 1373 2555 hene-

313 2588 470 2646 aedicere
493 2587 647 2660 primitias
675 2585 770 2643 omnis
795 2585 947 2654 sacrificii
973 2585 1003 2641 in
1028 2581 1130 2642 Israel
1157 2584 1188 2642 iu
1211 2590 1373 2658 conspectu

366 2675 449 2734 meo?
493 2673 623 2748 Propter
659 2673 716 2732 hoc
747 2672 825 2730 haec
863 2672 938 2730 dicit
969 2670 1114 2730 Dominus
1146 2672 1228 2730 Deus
1261 2671 1375 2731 Israel:

365 2762 455 2821 Dixi:
483 2761 595 2821 Domus
622 2766 676 2819 tua
703 2765 734 2820 et
760 2760 864 2819 domus
882 2760 983 2834 patris
1005 2761 1052 2818 tui
1073 2759 1246 2818 transibunt
1268 2776 1374 2820 coram

366 2867 412 2909 me
434 2866 528 2924 usque
552 2851 583 2907 in
602 2855 766 2908 aeteruum.
812 2847 852 2906 Et
874 2863 955 2906 nunc
978 2848 1054 2906 dicit
1071 2846 1231 2906 Dominus:
1255 2848 1374 2921 Neque·
1458 2915 1459 2928 χ

366 2955 469 3012 qnam,
501 2938 557 2997 sed
584 2937 793 3011 plorificantes
826 2952 872 2995 me
896 2935 1090 3009 plurificaho,
1123 2941 1153 2995 et
1179 2937 1232 3009 qui
1257 2940 1375 3012 spernit

314 3037 347 3086 25
366 3042 421 3098 me,
443 3031 612 3102 spernetur.
658 3023 739 3083 Ecce
758 3025 821 3083 dies
841 3026 972 3103 ueniunt,
995 3030 1025 3082 et
1043 3024 1251 3083 exterminabo
1274 3041 1374 3084 semen

366 3120 449 3173 tuum
473 3119 502 3173 et
522 3130 621 3172 semen
645 3113 748 3172 domus
767 3114 868 3188 putris
891 3114 948 3183 tui,
977 3118 1006 3171 et
1028 3128 1087 3171 non
1112 3113 1172 3171 erit
1194 3113 1250 3170 tihi
1271 3116 1375 3173 senior

367 3205 398 3261 in
422 3203 507 3262 domo
530 3218 597 3261 meu
619 3201 755 3260 omnibus
778 3201 892 3272 diebus,
916 3207 945 3258 et
967 3201 1065 3258 airum
1089 3200 1296 3259 exterminabo
1319 3202 1377 3260 tihi

367 3291 406 3349 ab
430 3292 525 3350 uitari
550 3305 626 3361 meo,
655 3295 689 3347 ut
719 3289 863 3361 deliciunt
889 3290 972 3348 ocuti
993 3289 1058 3346 eius
1081 3293 1110 3346 ei
1133 3289 1247 3361 desinat
1270 3290 1375 3348 anima

367 3381 449 3448 eius;
476 3385 505 3439 et
532 3378 626 3437 omnis
654 3379 708 3450 qui
727 3378 921 3451 superauerit
943 3376 1047 3435 domus
1070 3382 1155 3447 tuae,
1180 3376 1321 3435 decident
1344 3379 1376 3436 in

315 3478 348 3525 ³0
365 3467 469 3539 plodio
492 3467 635 3525 uirorum.
682 3464 721 3523 Et
747 3465 804 3524 hoc
827 3465 883 3523 titt
903 3465 1034 3538 siccum,
1058 3464 1140 3537 quod
1161 3465 1260 3523 ueniet
1280 3481 1375 3540 super

438 3626 469 3669 11
493 3618 634 3672 reueletur
656 3617 798 3672 reuelaius
818 3619 868 3690 Rp
885 3635 932 3673 sec.
956 3620 1063 3686 Gruec.;
1087 3619 1216 3674 reuelans
1233 3619 1377 3674 reuelaiua

367 3685 461 3752 Ah¹u3
475 3688 615 3742 reueletur
629 3689 791 3756 FGub¹ep
805 3687 816 3757 h
830 3695 861 3742 13
876 3689 983 3758 pharao
998 3691 1066 3761 Fep
1076 3694 1151 3758 (214,
1162 3696 1204 3757 7);
1219 3691 1325 3758 pharoo
1337 3692 1376 3757 (ἔς

365 3757 516 3824 pharaonis
535 3760 721 3827 RAFubpa
744 3762 753 3829 h
776 3765 810 3813 20
835 3760 936 3832 omnis]
964 3761 1085 3834 nominis
1108 3761 1345 3833 RAFGadepp
1367 3764 1376 3831 ΙΙ

367 3832 399 3880 29
419 3828 550 3914 decident
568 3830 728 3900 RFGahp
745 3847 794 3905 sec.
816 3830 924 3896 Gracc.;
944 3831 1056 3884 decidet
1073 3832 1162 3900 Aepo

343 4095 472 4154 A
