<?xml version="1.0" encoding="UTF-8"?>
<!DOCTYPE html PUBLIC "-//W3C//DTD XHTML 1.0 Transitional//EN"
    "http://www.w3.org/TR/xhtml1/DTD/xhtml1-transitional.dtd">
<html xmlns="http://www.w3.org/1999/xhtml" xml:lang="en" lang="en">
 <head>
  <title>
</title>
<meta http-equiv="Content-Type" content="text/html;charset=utf-8" />
  <meta name='ocr-system' content='tesseract 3.04.00' />
  <meta name='ocr-capabilities' content='ocr_page ocr_carea ocr_par ocr_line ocrx_word'/>
</head>
<body>
  <div class='ocr_page' id='page_1' title='image "./sanctiaureliiau11augugoog_0145.png"; bbox 0 0 3284 4459; ppageno 0'>
   <div class='ocr_carea' id='block_1_1' title="bbox 541 497 1293 562">
    <p class='ocr_par' dir='ltr' id='par_1_1' title="bbox 541 497 1293 562">
     <span class='ocr_line' id='line_1_1' title="bbox 541 497 1293 562; baseline 0.011 -9"><span class='ocrx_word' id='word_1_1' title='bbox 541 513 581 553; x_wconf 85' lang='lat' dir='ltr'><strong>na</strong></span> <span class='ocrx_word' id='word_1_2' title='bbox 595 512 737 554; x_wconf 77' lang='lat' dir='ltr'><strong>ammana</strong></span> <span class='ocrx_word' id='word_1_3' title='bbox 750 512 804 555; x_wconf 87' lang='lat' dir='ltr'><strong>om</strong></span> <span class='ocrx_word' id='word_1_4' title='bbox 816 513 844 552; x_wconf 83' lang='lat' dir='ltr'><strong>n.</strong></span> <span class='ocrx_word' id='word_1_5' title='bbox 856 513 918 554; x_wconf 75' lang='lat' dir='ltr'><strong>xro</strong></span> <span class='ocrx_word' id='word_1_6' title='bbox 931 512 954 553; x_wconf 88' lang='lat' dir='ltr'><strong>c.</strong></span> <span class='ocrx_word' id='word_1_7' title='bbox 967 514 987 553; x_wconf 78' lang='lat' dir='ltr'><strong>a.</strong></span> <span class='ocrx_word' id='word_1_8' title='bbox 999 513 1020 554; x_wconf 83' lang='lat' dir='ltr'><strong>a.</strong></span> <span class='ocrx_word' id='word_1_9' title='bbox 1230 497 1293 562; x_wconf 79' lang='lat'><strong>125</strong></span> 
     </span>
    </p>
   </div>
   <div class='ocr_carea' id='block_1_2' title="bbox 294 644 1348 1778">
    <p class='ocr_par' dir='ltr' id='par_1_2' title="bbox 294 644 1348 1778">
     <span class='ocr_line' id='line_1_2' title="bbox 295 644 1296 725; baseline -0.003 -18"><span class='ocrx_word' id='word_1_10' title='bbox 295 645 368 724; x_wconf 89' lang='lat' dir='ltr'><strong>quid</strong></span> <span class='ocrx_word' id='word_1_11' title='bbox 391 645 439 706; x_wconf 89' lang='lat' dir='ltr'><strong>hic</strong></span> <span class='ocrx_word' id='word_1_12' title='bbox 463 645 583 725; x_wconf 88' lang='lat' dir='ltr'><strong>dicitur,</strong></span> <span class='ocrx_word' id='word_1_13' title='bbox 606 644 720 706; x_wconf 90' lang='lat' dir='ltr'><strong>adhoc</strong></span> <span class='ocrx_word' id='word_1_14' title='bbox 743 645 865 723; x_wconf 87' lang='lat' dir='ltr'><strong>dicitur,</strong></span> <span class='ocrx_word' id='word_1_15' title='bbox 894 655 928 707; x_wconf 94' lang='lat' dir='ltr'><strong>ut</strong></span> <span class='ocrx_word' id='word_1_16' title='bbox 949 645 997 706; x_wconf 87' lang='lat' dir='ltr'><strong>illa</strong></span> <span class='ocrx_word' id='word_1_17' title='bbox 1020 664 1056 706; x_wconf 81' lang='lat' dir='ltr'><strong>er</strong></span> <span class='ocrx_word' id='word_1_18' title='bbox 1079 647 1296 724; x_wconf 87' lang='lat' dir='ltr'><strong>comparatione</strong></span> 
     </span>
     <span class='ocr_line' id='line_1_3' title="bbox 295 733 1295 813; baseline -0.001 -20"><span class='ocrx_word' id='word_1_19' title='bbox 295 736 445 794; x_wconf 87' lang='lat' dir='ltr'><strong>contraria</strong></span> <span class='ocrx_word' id='word_1_20' title='bbox 464 733 509 794; x_wconf 86' lang='lat' dir='ltr'><strong>val</strong></span> <span class='ocrx_word' id='word_1_21' title='bbox 527 734 660 812; x_wconf 86' lang='lat' dir='ltr'><strong>proficiat</strong></span> <span class='ocrx_word' id='word_1_22' title='bbox 677 733 724 793; x_wconf 87' lang='lat' dir='ltr'><strong>vel</strong></span> <span class='ocrx_word' id='word_1_23' title='bbox 742 737 876 794; x_wconf 82' lang='lat' dir='ltr'><strong>emineat.</strong></span> <span class='ocrx_word' id='word_1_24' title='bbox 911 733 975 794; x_wconf 90' lang='lat' dir='ltr'><strong>Non</strong></span> <span class='ocrx_word' id='word_1_25' title='bbox 999 751 1069 794; x_wconf 92' lang='lat' dir='ltr'><strong>sane</strong></span> <span class='ocrx_word' id='word_1_26' title='bbox 1092 735 1197 813; x_wconf 85' lang='lat' dir='ltr'><strong>omnia,</strong></span> <span class='ocrx_word' id='word_1_27' title='bbox 1221 751 1295 811; x_wconf 90' lang='lat' dir='ltr'><strong>quae</strong></span> 
     </span>
     <span class='ocr_line' id='line_1_4' title="bbox 295 820 1296 902; baseline -0.002 -20"><span class='ocrx_word' id='word_1_28' title='bbox 295 829 379 901; x_wconf 85' lang='lat' dir='ltr'><strong>gesta</strong></span> <span class='ocrx_word' id='word_1_29' title='bbox 406 828 577 902; x_wconf 89' lang='lat' dir='ltr'><strong>narrantur,</strong></span> <span class='ocrx_word' id='word_1_30' title='bbox 609 820 718 899; x_wconf 83' lang='lat' dir='ltr'><strong>abquid</strong></span> <span class='ocrx_word' id='word_1_31' title='bbox 745 824 832 881; x_wconf 91' lang='lat' dir='ltr'><strong>etiam</strong></span> <span class='ocrx_word' id='word_1_32' title='bbox 864 822 1028 900; x_wconf 86' lang='lat' dir='ltr'><strong>significare</strong></span> <span class='ocrx_word' id='word_1_33' title='bbox 1054 821 1182 900; x_wconf 93' lang='lat' dir='ltr'><strong>putanda</strong></span> <span class='ocrx_word' id='word_1_34' title='bbox 1214 830 1296 900; x_wconf 79' lang='lat' dir='ltr'><strong>sunt3</strong></span> 
     </span>
     <span class='ocr_line' id='line_1_5' title="bbox 296 908 1295 990; baseline -0.004 -19"><span class='ocrx_word' id='word_1_35' title='bbox 296 910 350 971; x_wconf 90' lang='lat' dir='ltr'><strong>sed</strong></span> <span class='ocrx_word' id='word_1_36' title='bbox 372 917 496 988; x_wconf 90' lang='lat' dir='ltr'><strong>propter</strong></span> <span class='ocrx_word' id='word_1_37' title='bbox 518 908 580 990; x_wconf 84' lang='lat' dir='ltr'><strong>illa,</strong></span> <span class='ocrx_word' id='word_1_38' title='bbox 606 927 680 987; x_wconf 89' lang='lat' dir='ltr'><strong>quae</strong></span> <span class='ocrx_word' id='word_1_39' title='bbox 704 909 813 988; x_wconf 87' lang='lat' dir='ltr'><strong>aliquid</strong></span> <span class='ocrx_word' id='word_1_40' title='bbox 835 909 1014 989; x_wconf 78' lang='lat' dir='ltr'><strong>significant,</strong></span> <span class='ocrx_word' id='word_1_41' title='bbox 1042 911 1128 969; x_wconf 91' lang='lat' dir='ltr'><strong>etiam</strong></span> <span class='ocrx_word' id='word_1_42' title='bbox 1151 926 1199 988; x_wconf 87' lang='lat' dir='ltr'><strong>ea,</strong></span> <span class='ocrx_word' id='word_1_43' title='bbox 1221 925 1295 986; x_wconf 76' lang='lat' dir='ltr'><strong>quoae</strong></span> 
     </span>
     <span class='ocr_line' id='line_1_6' title="bbox 297 996 1330 1075; baseline -0.003 -17"><span class='ocrx_word' id='word_1_44' title='bbox 297 997 372 1058; x_wconf 86' lang='lat' dir='ltr'><strong>nihil</strong></span> <span class='ocrx_word' id='word_1_45' title='bbox 402 997 585 1075; x_wconf 84' lang='lat' dir='ltr'><strong>significant,</strong></span> <span class='ocrx_word' id='word_1_46' title='bbox 615 997 803 1058; x_wconf 87' lang='lat' dir='ltr'><strong>adtexuotur.</strong></span> <span class='ocrx_word' id='word_1_47' title='bbox 858 996 926 1057; x_wconf 88' lang='lat' dir='ltr'><strong>Solo</strong></span> <span class='ocrx_word' id='word_1_48' title='bbox 958 1000 1036 1056; x_wconf 87' lang='lat' dir='ltr'><strong>enim</strong></span> <span class='ocrx_word' id='word_1_49' title='bbox 1067 1013 1184 1057; x_wconf 85' lang='lat' dir='ltr'><strong>vomere</strong></span> <span class='ocrx_word' id='word_1_50' title='bbox 1216 1003 1330 1056; x_wconf 79' lang='lat' dir='ltr'><strong>terrat</strong></span> 
     </span>
     <span class='ocr_line' id='line_1_7' title="bbox 294 1083 1296 1166; baseline -0.003 -21"><span class='ocrx_word' id='word_1_51' title='bbox 294 1085 511 1164; x_wconf 83' lang='lat' dir='ltr'><strong>proscinditur3</strong></span> <span class='ocrx_word' id='word_1_52' title='bbox 543 1083 594 1144; x_wconf 90' lang='lat' dir='ltr'><strong>sed</strong></span> <span class='ocrx_word' id='word_1_53' title='bbox 622 1092 655 1144; x_wconf 96' lang='lat' dir='ltr'><strong>ut</strong></span> <span class='ocrx_word' id='word_1_54' title='bbox 677 1084 733 1144; x_wconf 91' lang='lat' dir='ltr'><strong>boc</strong></span> <span class='ocrx_word' id='word_1_55' title='bbox 755 1085 820 1145; x_wconf 85' lang='lat' dir='ltr'><strong>fieri</strong></span> <span class='ocrx_word' id='word_1_56' title='bbox 842 1086 949 1166; x_wconf 79' lang='lat' dir='ltr'><strong>possit,</strong></span> <span class='ocrx_word' id='word_1_57' title='bbox 976 1087 1063 1144; x_wconf 89' lang='lat' dir='ltr'><strong>otiam</strong></span> <span class='ocrx_word' id='word_1_58' title='bbox 1086 1091 1184 1144; x_wconf 88' lang='lat' dir='ltr'><strong>cetera</strong></span> <span class='ocrx_word' id='word_1_59' title='bbox 1206 1085 1296 1143; x_wconf 79' lang='lat' dir='ltr'>aratri</span> 
     </span>
     <span class='ocr_line' id='line_1_8' title="bbox 295 1170 1296 1251; baseline -0.003 -18"><span class='ocrx_word' id='word_1_60' title='bbox 295 1171 429 1234; x_wconf 88' lang='lat' dir='ltr'><strong>membra</strong></span> <span class='ocrx_word' id='word_1_61' title='bbox 458 1180 527 1232; x_wconf 91' lang='lat' dir='ltr'><strong>sunt</strong></span> <span class='ocrx_word' id='word_1_62' title='bbox 553 1175 730 1251; x_wconf 81' lang='lat' dir='ltr'><strong>necessaria3</strong></span> <span class='ocrx_word' id='word_1_63' title='bbox 757 1180 788 1232; x_wconf 91' lang='lat' dir='ltr'><strong>et</strong></span> <span class='ocrx_word' id='word_1_64' title='bbox 817 1173 872 1233; x_wconf 92' lang='lat' dir='ltr'><strong>soli</strong></span> <span class='ocrx_word' id='word_1_65' title='bbox 898 1175 981 1233; x_wconf 88' lang='lat' dir='ltr'><strong>nervi</strong></span> <span class='ocrx_word' id='word_1_66' title='bbox 1007 1174 1039 1232; x_wconf 93' lang='lat' dir='ltr'><strong>in</strong></span> <span class='ocrx_word' id='word_1_67' title='bbox 1066 1170 1185 1232; x_wconf 83' lang='lat' dir='ltr'>citharis</span> <span class='ocrx_word' id='word_1_68' title='bbox 1208 1179 1296 1249; x_wconf 92' lang='lat' dir='ltr'><strong>atque</strong></span> 
     </span>
     <span class='ocr_line' id='line_1_9' title="bbox 296 1258 1297 1339; baseline -0.003 -18"><span class='ocrx_word' id='word_1_69' title='bbox 296 1262 386 1321; x_wconf 92' lang='lat' dir='ltr'><strong>buius</strong></span> <span class='ocrx_word' id='word_1_70' title='bbox 417 1258 496 1320; x_wconf 93' lang='lat' dir='ltr'><strong>modi</strong></span> <span class='ocrx_word' id='word_1_71' title='bbox 527 1261 603 1320; x_wconf 88' lang='lat' dir='ltr'><strong>vasis</strong></span> <span class='ocrx_word' id='word_1_72' title='bbox 635 1261 755 1320; x_wconf 85' lang='lat' dir='ltr'><strong>musicis</strong></span> <span class='ocrx_word' id='word_1_73' title='bbox 787 1268 925 1339; x_wconf 89' lang='lat' dir='ltr'><strong>aptantur</strong></span> <span class='ocrx_word' id='word_1_74' title='bbox 956 1258 992 1319; x_wconf 92' lang='lat' dir='ltr'><strong>ad</strong></span> <span class='ocrx_word' id='word_1_75' title='bbox 1019 1265 1149 1338; x_wconf 81' lang='lat' dir='ltr'><strong>cantum3</strong></span> <span class='ocrx_word' id='word_1_76' title='bbox 1182 1258 1233 1318; x_wconf 90' lang='lat' dir='ltr'><strong>sed</strong></span> <span class='ocrx_word' id='word_1_77' title='bbox 1262 1265 1297 1318; x_wconf 91' lang='lat' dir='ltr'><strong>ut</strong></span> 
     </span>
     <span class='ocr_line' id='line_1_10' title="bbox 296 1346 1297 1428; baseline -0.002 -20"><span class='ocrx_word' id='word_1_78' title='bbox 296 1350 392 1428; x_wconf 89' lang='lat' dir='ltr'><strong>aptari</strong></span> <span class='ocrx_word' id='word_1_79' title='bbox 410 1349 533 1427; x_wconf 85' lang='lat' dir='ltr'>possint,</span> <span class='ocrx_word' id='word_1_80' title='bbox 556 1350 656 1408; x_wconf 89' lang='lat' dir='ltr'><strong>insunt</strong></span> <span class='ocrx_word' id='word_1_81' title='bbox 674 1355 705 1408; x_wconf 91' lang='lat' dir='ltr'><strong>et</strong></span> <span class='ocrx_word' id='word_1_82' title='bbox 727 1357 824 1408; x_wconf 88' lang='lat' dir='ltr'><strong>cetera</strong></span> <span class='ocrx_word' id='word_1_83' title='bbox 847 1351 878 1408; x_wconf 93' lang='lat' dir='ltr'><strong>in</strong></span> <span class='ocrx_word' id='word_1_84' title='bbox 901 1346 1089 1426; x_wconf 83' lang='lat' dir='ltr'><strong>compagibus</strong></span> <span class='ocrx_word' id='word_1_85' title='bbox 1111 1363 1297 1426; x_wconf 82' lang='lat' dir='ltr'>organorum,</span> 
     </span>
     <span class='ocr_line' id='line_1_11' title="bbox 297 1433 1348 1514; baseline -0.002 -18"><span class='ocrx_word' id='word_1_86' title='bbox 297 1455 372 1514; x_wconf 89' lang='lat' dir='ltr'><strong>quae</strong></span> <span class='ocrx_word' id='word_1_87' title='bbox 399 1453 460 1495; x_wconf 92' lang='lat' dir='ltr'><strong>non</strong></span> <span class='ocrx_word' id='word_1_88' title='bbox 487 1437 695 1514; x_wconf 88' lang='lat' dir='ltr'><strong>percutiuntur</strong></span> <span class='ocrx_word' id='word_1_89' title='bbox 721 1453 738 1494; x_wconf 93' lang='lat' dir='ltr'><strong>a</strong></span> <span class='ocrx_word' id='word_1_90' title='bbox 765 1434 953 1514; x_wconf 81' lang='lat' dir='ltr'><strong>canentibus,</strong></span> <span class='ocrx_word' id='word_1_91' title='bbox 979 1433 1031 1495; x_wconf 88' lang='lat' dir='ltr'><strong>sed</strong></span> <span class='ocrx_word' id='word_1_92' title='bbox 1058 1451 1106 1513; x_wconf 87' lang='lat' dir='ltr'><strong>ea,</strong></span> <span class='ocrx_word' id='word_1_93' title='bbox 1132 1451 1206 1511; x_wconf 83' lang='lat' dir='ltr'><strong>quae</strong></span> <span class='ocrx_word' id='word_1_94' title='bbox 1229 1451 1296 1512; x_wconf 90' lang='lat' dir='ltr'><strong>per-</strong></span> <span class='ocrx_word' id='word_1_95' title='bbox 1316 1446 1348 1494; x_wconf 83' lang='lat' dir='ltr'><strong>lo</strong></span> 
     </span>
     <span class='ocr_line' id='line_1_12' title="bbox 298 1520 1296 1601; baseline -0.006 -16"><span class='ocrx_word' id='word_1_96' title='bbox 298 1542 384 1585; x_wconf 88' lang='lat' dir='ltr'><strong>cussa</strong></span> <span class='ocrx_word' id='word_1_97' title='bbox 403 1531 551 1600; x_wconf 85' lang='lat' dir='ltr'><strong>resonant,</strong></span> <span class='ocrx_word' id='word_1_98' title='bbox 569 1522 615 1582; x_wconf 91' lang='lat' dir='ltr'><strong>his</strong></span> <span class='ocrx_word' id='word_1_99' title='bbox 633 1532 837 1584; x_wconf 79' lang='lat' dir='ltr'><strong>conectuntur.</strong></span> <span class='ocrx_word' id='word_1_100' title='bbox 872 1523 915 1583; x_wconf 88' lang='lat' dir='ltr'><strong>lta</strong></span> <span class='ocrx_word' id='word_1_101' title='bbox 933 1525 965 1583; x_wconf 93' lang='lat' dir='ltr'><strong>in</strong></span> <span class='ocrx_word' id='word_1_102' title='bbox 982 1520 1153 1601; x_wconf 90' lang='lat' dir='ltr'><strong>propbetica</strong></span> <span class='ocrx_word' id='word_1_103' title='bbox 1175 1521 1296 1580; x_wconf 86' lang='lat' dir='ltr'><strong>historia</strong></span> 
     </span>
     <span class='ocr_line' id='line_1_13' title="bbox 299 1607 1296 1690; baseline -0.006 -17"><span class='ocrx_word' id='word_1_104' title='bbox 299 1613 439 1672; x_wconf 90' lang='lat' dir='ltr'><strong>dicuntur</strong></span> <span class='ocrx_word' id='word_1_105' title='bbox 463 1618 493 1670; x_wconf 93' lang='lat' dir='ltr'><strong>et</strong></span> <span class='ocrx_word' id='word_1_106' title='bbox 514 1611 621 1689; x_wconf 82' lang='lat' dir='ltr'><strong>abqua,</strong></span> <span class='ocrx_word' id='word_1_107' title='bbox 649 1628 723 1688; x_wconf 89' lang='lat' dir='ltr'><strong>quae</strong></span> <span class='ocrx_word' id='word_1_108' title='bbox 746 1611 818 1672; x_wconf 92' lang='lat' dir='ltr'><strong>nibil</strong></span> <span class='ocrx_word' id='word_1_109' title='bbox 841 1610 1020 1690; x_wconf 83' lang='lat' dir='ltr'><strong>significant,</strong></span> <span class='ocrx_word' id='word_1_110' title='bbox 1042 1609 1094 1669; x_wconf 85' lang='lat' dir='ltr'><strong>aed</strong></span> <span class='ocrx_word' id='word_1_111' title='bbox 1118 1607 1225 1687; x_wconf 90' lang='lat' dir='ltr'><strong>quibus</strong></span> <span class='ocrx_word' id='word_1_112' title='bbox 1247 1607 1296 1668; x_wconf 90' lang='lat' dir='ltr'><strong>ad·</strong></span> 
     </span>
     <span class='ocr_line' id='line_1_14' title="bbox 298 1697 1226 1778; baseline -0.005 -18"><span class='ocrx_word' id='word_1_113' title='bbox 298 1700 441 1760; x_wconf 80' lang='lat' dir='ltr'><strong>haereant</strong></span> <span class='ocrx_word' id='word_1_114' title='bbox 463 1716 537 1776; x_wconf 89' lang='lat' dir='ltr'><strong>quae</strong></span> <span class='ocrx_word' id='word_1_115' title='bbox 560 1699 724 1776; x_wconf 84' lang='lat' dir='ltr'><strong>significant</strong></span> <span class='ocrx_word' id='word_1_116' title='bbox 745 1707 776 1759; x_wconf 93' lang='lat' dir='ltr'><strong>et</strong></span> <span class='ocrx_word' id='word_1_117' title='bbox 798 1699 924 1778; x_wconf 91' lang='lat' dir='ltr'><strong>quodam</strong></span> <span class='ocrx_word' id='word_1_118' title='bbox 947 1698 1033 1758; x_wconf 94' lang='lat' dir='ltr'><strong>modo</strong></span> <span class='ocrx_word' id='word_1_119' title='bbox 1056 1697 1226 1775; x_wconf 80' lang='lat' dir='ltr'><strong>religentur.</strong></span> 
     </span>
    </p>
   </div>
   <div class='ocr_carea' id='block_1_3' title="bbox 462 1919 1349 2122">
    <p class='ocr_par' dir='ltr' id='par_1_3' title="bbox 462 1919 1349 2122">
     <span class='ocr_line' id='line_1_15' title="bbox 702 1919 894 1988; baseline 0 0"><span class='ocrx_word' id='word_1_120' title='bbox 702 1919 818 1988; x_wconf 79' lang='lat' dir='ltr'><strong>Oneon</strong></span> <span class='ocrx_word' id='word_1_121' title='bbox 835 1921 894 1988; x_wconf 84' lang='lat' dir='ltr'><strong>IIL</strong></span> 
     </span>
     <span class='ocr_line' id='line_1_16' title="bbox 462 2047 1349 2122; baseline 0.001 -15"><span class='ocrx_word' id='word_1_122' title='bbox 462 2047 507 2107; x_wconf 82' lang='lat' dir='ltr'><strong>De</strong></span> <span class='ocrx_word' id='word_1_123' title='bbox 527 2051 774 2121; x_wconf 64' lang='lat' dir='ltr'><strong>concretionibus</strong></span> <span class='ocrx_word' id='word_1_124' title='bbox 795 2051 888 2109; x_wconf 84' lang='lat' dir='ltr'><strong>trium</strong></span> <span class='ocrx_word' id='word_1_125' title='bbox 906 2052 1040 2122; x_wconf 70' lang='lat' dir='ltr'><strong>filiorum</strong></span> <span class='ocrx_word' id='word_1_126' title='bbox 1062 2051 1133 2111; x_wconf 85' lang='lat' dir='ltr'><strong>Noe.</strong></span> <span class='ocrx_word' id='word_1_127' title='bbox 1317 2061 1349 2108; x_wconf 77' lang='lat'><strong>15</strong></span> 
     </span>
    </p>
   </div>
   <div class='ocr_carea' id='block_1_4' title="bbox 387 2166 1297 2251">
    <p class='ocr_par' dir='ltr' id='par_1_4' title="bbox 387 2166 1297 2251">
     <span class='ocr_line' id='line_1_17' title="bbox 387 2166 1297 2251; baseline 0.002 -23"><span class='ocrx_word' id='word_1_128' title='bbox 387 2166 597 2230; x_wconf 89' lang='lat' dir='ltr'><strong>Generationes</strong></span> <span class='ocrx_word' id='word_1_129' title='bbox 625 2188 694 2249; x_wconf 84' lang='lat' dir='ltr'><strong>ergo</strong></span> <span class='ocrx_word' id='word_1_130' title='bbox 721 2169 848 2231; x_wconf 88' lang='lat' dir='ltr'><strong>filiorum</strong></span> <span class='ocrx_word' id='word_1_131' title='bbox 875 2170 937 2231; x_wconf 93' lang='lat' dir='ltr'><strong>Noe</strong></span> <span class='ocrx_word' id='word_1_132' title='bbox 964 2171 1103 2251; x_wconf 89' lang='lat' dir='ltr'><strong>deinceps</strong></span> <span class='ocrx_word' id='word_1_133' title='bbox 1130 2170 1297 2249; x_wconf 84' lang='lat' dir='ltr'><strong>intuendae,</strong></span> 
     </span>
    </p>
   </div>
   <div class='ocr_carea' id='block_1_5' title="bbox 214 2256 1349 3558">
    <p class='ocr_par' dir='ltr' id='par_1_5' title="bbox 214 2256 1349 3558">
     <span class='ocr_line' id='line_1_18' title="bbox 297 2256 1297 2339; baseline 0.002 -25"><span class='ocrx_word' id='word_1_134' title='bbox 297 2263 330 2315; x_wconf 91' lang='lat' dir='ltr'><strong>et</strong></span> <span class='ocrx_word' id='word_1_135' title='bbox 356 2256 435 2333; x_wconf 90' lang='lat' dir='ltr'><strong>quod</strong></span> <span class='ocrx_word' id='word_1_136' title='bbox 463 2256 498 2317; x_wconf 91' lang='lat' dir='ltr'><strong>de</strong></span> <span class='ocrx_word' id='word_1_137' title='bbox 525 2257 571 2317; x_wconf 91' lang='lat' dir='ltr'><strong>bis</strong></span> <span class='ocrx_word' id='word_1_138' title='bbox 598 2257 754 2318; x_wconf 89' lang='lat' dir='ltr'><strong>dicendum</strong></span> <span class='ocrx_word' id='word_1_139' title='bbox 781 2258 910 2339; x_wconf 84' lang='lat' dir='ltr'><strong>videtur,</strong></span> <span class='ocrx_word' id='word_1_140' title='bbox 938 2258 1131 2320; x_wconf 80' lang='lat' dir='ltr'><strong>adterendum</strong></span> <span class='ocrx_word' id='word_1_141' title='bbox 1161 2267 1206 2319; x_wconf 93' lang='lat' dir='ltr'><strong>est</strong></span> <span class='ocrx_word' id='word_1_142' title='bbox 1228 2258 1297 2317; x_wconf 89' lang='lat' dir='ltr'><strong>huic</strong></span> 
     </span>
     <span class='ocr_line' id='line_1_19' title="bbox 298 2345 1297 2426; baseline 0.002 -24"><span class='ocrx_word' id='word_1_143' title='bbox 298 2345 392 2421; x_wconf 85' lang='lat' dir='ltr'><strong>operi,</strong></span> <span class='ocrx_word' id='word_1_144' title='bbox 415 2361 474 2421; x_wconf 86' lang='lat' dir='ltr'><strong>quo</strong></span> <span class='ocrx_word' id='word_1_145' title='bbox 493 2347 617 2405; x_wconf 88' lang='lat' dir='ltr'><strong>civitatis</strong></span> <span class='ocrx_word' id='word_1_146' title='bbox 634 2347 798 2425; x_wconf 86' lang='lat' dir='ltr'><strong>utriusque,</strong></span> <span class='ocrx_word' id='word_1_147' title='bbox 821 2355 956 2406; x_wconf 93' lang='lat' dir='ltr'><strong>terrenae</strong></span> <span class='ocrx_word' id='word_1_148' title='bbox 975 2346 1088 2406; x_wconf 89' lang='lat' dir='ltr'><strong>scilicet</strong></span> <span class='ocrx_word' id='word_1_149' title='bbox 1106 2355 1135 2406; x_wconf 88' lang='lat' dir='ltr'><strong>et</strong></span> <span class='ocrx_word' id='word_1_150' title='bbox 1154 2345 1297 2426; x_wconf 85' lang='lat' dir='ltr'><strong>caelestis,</strong></span> 
     </span>
     <span class='ocr_line' id='line_1_20' title="bbox 297 2432 1296 2512; baseline 0.003 -23"><span class='ocrx_word' id='word_1_151' title='bbox 297 2449 352 2508; x_wconf 93' lang='lat' dir='ltr'><strong>per</strong></span> <span class='ocrx_word' id='word_1_152' title='bbox 366 2438 498 2509; x_wconf 90' lang='lat' dir='ltr'><strong>tempora</strong></span> <span class='ocrx_word' id='word_1_153' title='bbox 512 2450 673 2510; x_wconf 89' lang='lat' dir='ltr'><strong>procursus</strong></span> <span class='ocrx_word' id='word_1_154' title='bbox 687 2433 861 2493; x_wconf 91' lang='lat' dir='ltr'><strong>ostenditur.</strong></span> <span class='ocrx_word' id='word_1_155' title='bbox 898 2432 1023 2512; x_wconf 83' lang='lat' dir='ltr'><strong>Coeptae</strong></span> <span class='ocrx_word' id='word_1_156' title='bbox 1038 2443 1107 2494; x_wconf 91' lang='lat' dir='ltr'><strong>sunt</strong></span> <span class='ocrx_word' id='word_1_157' title='bbox 1121 2435 1199 2492; x_wconf 91' lang='lat' dir='ltr'><strong>enim</strong></span> <span class='ocrx_word' id='word_1_158' title='bbox 1218 2451 1296 2493; x_wconf 91' lang='lat' dir='ltr'><strong>com·</strong></span> 
     </span>
     <span class='ocr_line' id='line_1_21' title="bbox 297 2519 1349 2600; baseline 0.002 -23"><span class='ocrx_word' id='word_1_159' title='bbox 297 2522 456 2578; x_wconf 92' lang='lat' dir='ltr'><strong>memorari</strong></span> <span class='ocrx_word' id='word_1_160' title='bbox 485 2537 499 2579; x_wconf 93' lang='lat' dir='ltr'><strong>a</strong></span> <span class='ocrx_word' id='word_1_161' title='bbox 529 2522 648 2580; x_wconf 92' lang='lat' dir='ltr'><strong>minimo</strong></span> <span class='ocrx_word' id='word_1_162' title='bbox 671 2519 743 2599; x_wconf 87' lang='lat' dir='ltr'><strong>filio,</strong></span> <span class='ocrx_word' id='word_1_163' title='bbox 767 2523 817 2598; x_wconf 89' lang='lat' dir='ltr'><strong>qui</strong></span> <span class='ocrx_word' id='word_1_164' title='bbox 840 2529 959 2582; x_wconf 87' lang='lat' dir='ltr'><strong>vocatus</strong></span> <span class='ocrx_word' id='word_1_165' title='bbox 982 2529 1029 2581; x_wconf 92' lang='lat' dir='ltr'><strong>est</strong></span> <span class='ocrx_word' id='word_1_166' title='bbox 1049 2520 1184 2600; x_wconf 84' lang='lat' dir='ltr'><strong>lapheth,</strong></span> <span class='ocrx_word' id='word_1_167' title='bbox 1212 2523 1297 2580; x_wconf 89' lang='lat' dir='ltr'><strong>cuius</strong></span> <span class='ocrx_word' id='word_1_168' title='bbox 1316 2532 1349 2580; x_wconf 78' lang='lat'><strong>20</strong></span> 
     </span>
     <span class='ocr_line' id='line_1_22' title="bbox 296 2605 1297 2687; baseline 0.003 -23"><span class='ocrx_word' id='word_1_169' title='bbox 296 2605 350 2665; x_wconf 85' lang='lat' dir='ltr'><strong>lilii</strong></span> <span class='ocrx_word' id='word_1_170' title='bbox 372 2615 439 2666; x_wconf 89' lang='lat' dir='ltr'><strong>octo</strong></span> <span class='ocrx_word' id='word_1_171' title='bbox 462 2610 603 2668; x_wconf 90' lang='lat' dir='ltr'><strong>nominati</strong></span> <span class='ocrx_word' id='word_1_172' title='bbox 621 2616 698 2686; x_wconf 93' lang='lat' dir='ltr'><strong>sunt,</strong></span> <span class='ocrx_word' id='word_1_173' title='bbox 720 2617 843 2686; x_wconf 87' lang='lat' dir='ltr'><strong>nepotes</strong></span> <span class='ocrx_word' id='word_1_174' title='bbox 867 2617 965 2668; x_wconf 91' lang='lat' dir='ltr'><strong>autem</strong></span> <span class='ocrx_word' id='word_1_175' title='bbox 987 2617 1099 2687; x_wconf 83' lang='lat' dir='ltr'><strong>septem</strong></span> <span class='ocrx_word' id='word_1_176' title='bbox 1123 2608 1158 2667; x_wconf 90' lang='lat' dir='ltr'><strong>de</strong></span> <span class='ocrx_word' id='word_1_177' title='bbox 1182 2606 1297 2668; x_wconf 93' lang='lat' dir='ltr'><strong>duobus</strong></span> 
     </span>
     <span class='ocr_line' id='line_1_23' title="bbox 214 2692 1296 2776; baseline 0.006 -28"><span class='ocrx_word' id='word_1_178' title='bbox 214 2743 218 2748; x_wconf 90' lang='lat'><em>.</em></span> <span class='ocrx_word' id='word_1_179' title='bbox 297 2692 366 2752; x_wconf 76' lang='lat' dir='ltr'><strong>saliis</strong></span> <span class='ocrx_word' id='word_1_180' title='bbox 389 2696 468 2774; x_wconf 89' lang='lat' dir='ltr'><strong>eius,</strong></span> <span class='ocrx_word' id='word_1_181' title='bbox 495 2702 557 2755; x_wconf 91' lang='lat' dir='ltr'><strong>tres</strong></span> <span class='ocrx_word' id='word_1_182' title='bbox 579 2713 615 2756; x_wconf 83' lang='lat' dir='ltr'><strong>er</strong></span> <span class='ocrx_word' id='word_1_183' title='bbox 638 2713 713 2774; x_wconf 86' lang='lat' dir='ltr'><strong>uno,</strong></span> <span class='ocrx_word' id='word_1_184' title='bbox 748 2704 887 2774; x_wconf 89' lang='lat' dir='ltr'><strong>quattuor</strong></span> <span class='ocrx_word' id='word_1_185' title='bbox 910 2715 946 2756; x_wconf 87' lang='lat' dir='ltr'><strong>er</strong></span> <span class='ocrx_word' id='word_1_186' title='bbox 968 2695 1073 2776; x_wconf 82' lang='lat' dir='ltr'><strong>altero;</strong></span> <span class='ocrx_word' id='word_1_187' title='bbox 1100 2697 1176 2757; x_wconf 88' lang='lat' dir='ltr'><strong>fiunt</strong></span> <span class='ocrx_word' id='word_1_188' title='bbox 1197 2698 1296 2773; x_wconf 91' lang='lat' dir='ltr'><strong>itaque</strong></span> 
     </span>
     <span class='ocr_line' id='line_1_24' title="bbox 295 2782 1298 2864; baseline 0.004 -26"><span class='ocrx_word' id='word_1_189' title='bbox 295 2799 400 2842; x_wconf 91' lang='lat' dir='ltr'><strong>omnes</strong></span> <span class='ocrx_word' id='word_1_190' title='bbox 424 2783 599 2861; x_wconf 90' lang='lat' dir='ltr'><strong>quindecim.</strong></span> <span class='ocrx_word' id='word_1_191' title='bbox 643 2782 709 2843; x_wconf 85' lang='lat' dir='ltr'><strong>Filii</strong></span> <span class='ocrx_word' id='word_1_192' title='bbox 733 2791 831 2844; x_wconf 88' lang='lat' dir='ltr'><strong>autem</strong></span> <span class='ocrx_word' id='word_1_193' title='bbox 854 2782 957 2864; x_wconf 74' lang='lat' dir='ltr'><strong>(Ibam,</strong></span> <span class='ocrx_word' id='word_1_194' title='bbox 987 2783 1043 2843; x_wconf 90' lang='lat' dir='ltr'><strong>hoc</strong></span> <span class='ocrx_word' id='word_1_195' title='bbox 1067 2792 1112 2843; x_wconf 94' lang='lat' dir='ltr'><strong>est</strong></span> <span class='ocrx_word' id='word_1_196' title='bbox 1135 2783 1222 2844; x_wconf 88' lang='lat' dir='ltr'><strong>medii</strong></span> <span class='ocrx_word' id='word_1_197' title='bbox 1245 2783 1298 2843; x_wconf 88' lang='lat' dir='ltr'><strong>tilii</strong></span> 
     </span>
     <span class='ocr_line' id='line_1_25' title="bbox 297 2867 1295 2951; baseline 0.002 -24"><span class='ocrx_word' id='word_1_198' title='bbox 297 2867 376 2950; x_wconf 77' lang='lat' dir='ltr'><strong>Noe,</strong></span> <span class='ocrx_word' id='word_1_199' title='bbox 398 2878 537 2947; x_wconf 90' lang='lat' dir='ltr'><strong>quattuor</strong></span> <span class='ocrx_word' id='word_1_200' title='bbox 562 2880 592 2931; x_wconf 92' lang='lat' dir='ltr'><strong>et</strong></span> <span class='ocrx_word' id='word_1_201' title='bbox 608 2879 731 2950; x_wconf 89' lang='lat' dir='ltr'><strong>nepotes</strong></span> <span class='ocrx_word' id='word_1_202' title='bbox 754 2873 885 2949; x_wconf 86' lang='lat' dir='ltr'><strong>quinque</strong></span> <span class='ocrx_word' id='word_1_203' title='bbox 909 2890 944 2932; x_wconf 87' lang='lat' dir='ltr'><strong>ar</strong></span> <span class='ocrx_word' id='word_1_204' title='bbox 967 2889 1026 2932; x_wconf 91' lang='lat' dir='ltr'><strong>uno</strong></span> <span class='ocrx_word' id='word_1_205' title='bbox 1050 2873 1114 2931; x_wconf 94' lang='lat' dir='ltr'><strong>eius</strong></span> <span class='ocrx_word' id='word_1_206' title='bbox 1137 2870 1206 2951; x_wconf 84' lang='lat' dir='ltr'><strong>filio,</strong></span> <span class='ocrx_word' id='word_1_207' title='bbox 1227 2888 1295 2949; x_wconf 91' lang='lat' dir='ltr'><strong>pro-</strong></span> 
     </span>
     <span class='ocr_line' id='line_1_26' title="bbox 295 2956 1349 3038; baseline 0.004 -24"><span class='ocrx_word' id='word_1_208' title='bbox 295 2965 421 3035; x_wconf 86' lang='lat' dir='ltr'><strong>nepotes</strong></span> <span class='ocrx_word' id='word_1_209' title='bbox 444 2956 502 3017; x_wconf 95' lang='lat' dir='ltr'><strong>duo</strong></span> <span class='ocrx_word' id='word_1_210' title='bbox 528 2976 563 3018; x_wconf 85' lang='lat' dir='ltr'><strong>ex</strong></span> <span class='ocrx_word' id='word_1_211' title='bbox 586 2968 692 3037; x_wconf 88' lang='lat' dir='ltr'><strong>nepote</strong></span> <span class='ocrx_word' id='word_1_212' title='bbox 716 2976 789 3038; x_wconf 90' lang='lat' dir='ltr'><strong>uno;</strong></span> <span class='ocrx_word' id='word_1_213' title='bbox 816 2960 849 3018; x_wconf 88' lang='lat' dir='ltr'><strong>tit</strong></span> <span class='ocrx_word' id='word_1_214' title='bbox 878 2977 980 3019; x_wconf 89' lang='lat' dir='ltr'><strong>eorum</strong></span> <span class='ocrx_word' id='word_1_215' title='bbox 1007 2976 1121 3018; x_wconf 91' lang='lat' dir='ltr'><strong>summa</strong></span> <span class='ocrx_word' id='word_1_216' title='bbox 1151 2958 1349 3018; x_wconf 75' lang='lat' dir='ltr'><strong>undecimas</strong></span> 
     </span>
     <span class='ocr_line' id='line_1_27' title="bbox 294 3043 1297 3126; baseline 0.003 -23"><span class='ocrx_word' id='word_1_217' title='bbox 294 3043 411 3112; x_wconf 80' lang='lat' dir='ltr'><strong>Quibus</strong></span> <span class='ocrx_word' id='word_1_218' title='bbox 434 3048 613 3107; x_wconf 88' lang='lat' dir='ltr'><strong>enumeratis</strong></span> <span class='ocrx_word' id='word_1_219' title='bbox 640 3046 755 3107; x_wconf 88' lang='lat' dir='ltr'><strong>reditur</strong></span> <span class='ocrx_word' id='word_1_220' title='bbox 782 3054 931 3126; x_wconf 88' lang='lat' dir='ltr'><strong>tamquam</strong></span> <span class='ocrx_word' id='word_1_221' title='bbox 954 3045 989 3106; x_wconf 91' lang='lat' dir='ltr'><strong>ad</strong></span> <span class='ocrx_word' id='word_1_222' title='bbox 1013 3053 1101 3125; x_wconf 88' lang='lat' dir='ltr'><strong>caput</strong></span> <span class='ocrx_word' id='word_1_223' title='bbox 1124 3054 1154 3106; x_wconf 91' lang='lat' dir='ltr'><strong>et</strong></span> <span class='ocrx_word' id='word_1_224' title='bbox 1176 3046 1297 3106; x_wconf 90' lang='lat' dir='ltr'><strong>dicitur:</strong></span> 
     </span>
     <span class='ocr_line' id='line_1_28' title="bbox 296 3131 1298 3210; baseline 0.003 -19"><span class='ocrx_word' id='word_1_225' title='bbox 296 3131 379 3192; x_wconf 74' lang='lat' dir='ltr'><strong>Onne</strong></span> <span class='ocrx_word' id='word_1_226' title='bbox 397 3139 496 3192; x_wconf 85' lang='lat' dir='ltr'><strong>notem</strong></span> <span class='ocrx_word' id='word_1_227' title='bbox 512 3137 618 3207; x_wconf 78' lang='lat' dir='ltr'><strong>pannii</strong></span> <span class='ocrx_word' id='word_1_228' title='bbox 635 3135 785 3207; x_wconf 85' lang='lat' dir='ltr'><strong>Nebrotb;</strong></span> <span class='ocrx_word' id='word_1_229' title='bbox 806 3137 858 3196; x_wconf 86' lang='lat' dir='ltr'><strong>bic</strong></span> <span class='ocrx_word' id='word_1_230' title='bbox 875 3137 973 3210; x_wconf 87' lang='lat' dir='ltr'><strong>coepit</strong></span> <span class='ocrx_word' id='word_1_231' title='bbox 990 3152 1054 3195; x_wconf 86' lang='lat' dir='ltr'><strong>csse</strong></span> <span class='ocrx_word' id='word_1_232' title='bbox 1073 3138 1185 3209; x_wconf 76' lang='lat' dir='ltr'><strong>piparas</strong></span> <span class='ocrx_word' id='word_1_233' title='bbox 1206 3152 1298 3210; x_wconf 85' lang='lat' dir='ltr'><strong>snper</strong></span> 
     </span>
     <span class='ocr_line' id='line_1_29' title="bbox 292 3221 1296 3296; baseline 0.004 -18"><span class='ocrx_word' id='word_1_234' title='bbox 292 3227 420 3280; x_wconf 85' lang='lat' dir='ltr'><strong>terrum.</strong></span> <span class='ocrx_word' id='word_1_235' title='bbox 464 3221 523 3281; x_wconf 79' lang='lat' dir='ltr'><strong>llic</strong></span> <span class='ocrx_word' id='word_1_236' title='bbox 541 3228 610 3282; x_wconf 86' lang='lat' dir='ltr'><strong>erat</strong></span> <span class='ocrx_word' id='word_1_237' title='bbox 625 3225 736 3296; x_wconf 76' lang='lat' dir='ltr'><strong>piparas</strong></span> <span class='ocrx_word' id='word_1_238' title='bbox 753 3229 881 3283; x_wconf 80' lang='lat' dir='ltr'><strong>certator</strong></span> <span class='ocrx_word' id='word_1_239' title='bbox 898 3230 1006 3282; x_wconf 87' lang='lat' dir='ltr'><strong>contro</strong></span> <span class='ocrx_word' id='word_1_240' title='bbox 1020 3222 1179 3283; x_wconf 83' lang='lat' dir='ltr'><strong>Dominum</strong></span> <span class='ocrx_word' id='word_1_241' title='bbox 1193 3222 1296 3282; x_wconf 82' lang='lat' dir='ltr'><strong>Deum.</strong></span> 
     </span>
     <span class='ocr_line' id='line_1_30' title="bbox 293 3308 1297 3384; baseline 0 -17"><span class='ocrx_word' id='word_1_242' title='bbox 293 3308 428 3384; x_wconf 79' lang='lat' dir='ltr'><strong>Pmpter</strong></span> <span class='ocrx_word' id='word_1_243' title='bbox 444 3309 502 3370; x_wconf 82' lang='lat' dir='ltr'><strong>boc</strong></span> <span class='ocrx_word' id='word_1_244' title='bbox 520 3311 639 3371; x_wconf 85' lang='lat' dir='ltr'><strong>dicunt:</strong></span> <span class='ocrx_word' id='word_1_245' title='bbox 661 3309 748 3370; x_wconf 84' lang='lat' dir='ltr'><strong>Sient</strong></span> <span class='ocrx_word' id='word_1_246' title='bbox 766 3311 899 3370; x_wconf 85' lang='lat' dir='ltr'><strong>Nebrotb</strong></span> <span class='ocrx_word' id='word_1_247' title='bbox 916 3312 1027 3383; x_wconf 70' lang='lat' dir='ltr'><strong>qinons</strong></span> <span class='ocrx_word' id='word_1_248' title='bbox 1045 3316 1170 3371; x_wconf 85' lang='lat' dir='ltr'><strong>venator</strong></span> <span class='ocrx_word' id='word_1_249' title='bbox 1188 3318 1297 3370; x_wconf 83' lang='lat' dir='ltr'><strong>contra</strong></span> 
     </span>
     <span class='ocr_line' id='line_1_31' title="bbox 292 3396 1349 3472; baseline 0 -17"><span class='ocrx_word' id='word_1_250' title='bbox 292 3397 462 3455; x_wconf 82' lang='lat' dir='ltr'><strong>Dominum.</strong></span> <span class='ocrx_word' id='word_1_251' title='bbox 508 3397 548 3457; x_wconf 84' lang='lat' dir='ltr'><strong>Et</strong></span> <span class='ocrx_word' id='word_1_252' title='bbox 571 3396 689 3472; x_wconf 75' lang='lat' dir='ltr'><strong>sectum</strong></span> <span class='ocrx_word' id='word_1_253' title='bbox 716 3404 761 3457; x_wconf 85' lang='lat' dir='ltr'><strong>est</strong></span> <span class='ocrx_word' id='word_1_254' title='bbox 787 3400 906 3457; x_wconf 84' lang='lat' dir='ltr'><strong>initium</strong></span> <span class='ocrx_word' id='word_1_255' title='bbox 937 3399 1028 3471; x_wconf 68' lang='lat' dir='ltr'><strong>renni</strong></span> <span class='ocrx_word' id='word_1_256' title='bbox 1058 3400 1123 3457; x_wconf 87' lang='lat' dir='ltr'><strong>eins</strong></span> <span class='ocrx_word' id='word_1_257' title='bbox 1150 3397 1296 3472; x_wconf 79' lang='lat' dir='ltr'><strong>Babylon,</strong></span> <span class='ocrx_word' id='word_1_258' title='bbox 1315 3406 1349 3455; x_wconf 82' lang='lat'><strong>³0</strong></span> 
     </span>
     <span class='ocr_line' id='line_1_32' title="bbox 296 3483 1296 3558; baseline 0 -16"><span class='ocrx_word' id='word_1_259' title='bbox 296 3483 406 3558; x_wconf 78' lang='lat' dir='ltr'><strong>Oneon,</strong></span> <span class='ocrx_word' id='word_1_260' title='bbox 429 3484 557 3544; x_wconf 82' lang='lat' dir='ltr'><strong>Arcbnd</strong></span> <span class='ocrx_word' id='word_1_261' title='bbox 573 3491 602 3546; x_wconf 88' lang='lat' dir='ltr'><strong>et</strong></span> <span class='ocrx_word' id='word_1_262' title='bbox 623 3485 778 3546; x_wconf 82' lang='lat' dir='ltr'><strong>Cbnlnnne</strong></span> <span class='ocrx_word' id='word_1_263' title='bbox 799 3487 832 3544; x_wconf 87' lang='lat' dir='ltr'><strong>in</strong></span> <span class='ocrx_word' id='word_1_264' title='bbox 850 3490 937 3545; x_wconf 86' lang='lat' dir='ltr'><strong>terro</strong></span> <span class='ocrx_word' id='word_1_265' title='bbox 954 3485 1105 3545; x_wconf 86' lang='lat' dir='ltr'><strong>Sennanr.</strong></span> <span class='ocrx_word' id='word_1_266' title='bbox 1142 3484 1188 3544; x_wconf 82' lang='lat' dir='ltr'><strong>De</strong></span> <span class='ocrx_word' id='word_1_267' title='bbox 1209 3491 1296 3543; x_wconf 87' lang='lat' dir='ltr'><strong>terra</strong></span> 
     </span>
    </p>
   </div>
   <div class='ocr_carea' id='block_1_6' title="bbox 365 3634 1301 3704">
    <p class='ocr_par' dir='ltr' id='par_1_6' title="bbox 365 3634 1301 3704">
     <span class='ocr_line' id='line_1_33' title="bbox 365 3634 1301 3704; baseline 0.003 -17"><span class='ocrx_word' id='word_1_268' title='bbox 365 3639 381 3686; x_wconf 81' lang='grc'>9</span> <span class='ocrx_word' id='word_1_269' title='bbox 396 3650 486 3704; x_wconf 90' lang='lat' dir='ltr'><strong>conpa</strong></span> <span class='ocrx_word' id='word_1_270' title='bbox 508 3635 514 3647; x_wconf 87' lang='lat'><em>&#39;</em></span> <span class='ocrx_word' id='word_1_271' title='bbox 538 3634 778 3704; x_wconf 77' lang='lat' dir='ltr'><strong>&#39;buaR(120,10)</strong></span> <span class='ocrx_word' id='word_1_272' title='bbox 791 3637 801 3704; x_wconf 87' lang='grc' dir='ltr'><strong>ΙΙ</strong></span> <span class='ocrx_word' id='word_1_273' title='bbox 816 3641 850 3689; x_wconf 86' lang='grc'><strong>19</strong></span> <span class='ocrx_word' id='word_1_274' title='bbox 865 3635 940 3689; x_wconf 87' lang='lat' dir='ltr'><strong>enim</strong></span> <span class='ocrx_word' id='word_1_275' title='bbox 948 3653 1014 3702; x_wconf 53' lang='grc' dir='ltr'><strong>’κως</strong></span> <span class='ocrx_word' id='word_1_276' title='bbox 1029 3638 1124 3690; x_wconf 61' lang='lat' dir='ltr'><strong>annm</strong></span> <span class='ocrx_word' id='word_1_277' title='bbox 1137 3652 1154 3690; x_wconf 87' lang='lat' dir='ltr'><strong>o</strong></span> <span class='ocrx_word' id='word_1_278' title='bbox 1166 3638 1176 3704; x_wconf 71' lang='lat' dir='ltr'>fl</span> <span class='ocrx_word' id='word_1_279' title='bbox 1189 3640 1223 3688; x_wconf 80' lang='lat'><strong>21</strong></span> <span class='ocrx_word' id='word_1_280' title='bbox 1239 3638 1301 3690; x_wconf 85' lang='lat' dir='ltr'><strong>octo</strong></span> 
     </span>
    </p>
   </div>
   <div class='ocr_carea' id='block_1_7' title="bbox 186 3705 1302 3778">
    <p class='ocr_par' dir='ltr' id='par_1_7' title="bbox 186 3705 1302 3778">
     <span class='ocr_line' id='line_1_34' title="bbox 186 3705 1302 3778; baseline 0.002 -19"><span class='ocrx_word' id='word_1_281' title='bbox 186 3725 187 3732; x_wconf 50' lang='lat'>¹</span> <span class='ocrx_word' id='word_1_282' title='bbox 289 3721 341 3759; x_wconf 87' lang='lat' dir='ltr'><strong>sec.</strong></span> <span class='ocrx_word' id='word_1_283' title='bbox 360 3705 484 3774; x_wconf 84' lang='lat' dir='ltr'><em>LXX(</em></span> <span class='ocrx_word' id='word_1_284' title='bbox 544 3710 653 3775; x_wconf 80' lang='lat'><em>.10,2)</em></span> <span class='ocrx_word' id='word_1_285' title='bbox 676 3708 685 3776; x_wconf 76' lang='lat' dir='ltr'><strong>tt</strong></span> <span class='ocrx_word' id='word_1_286' title='bbox 708 3711 806 3775; x_wconf 78' lang='lat' dir='ltr'><strong>ataqq.</strong></span> <span class='ocrx_word' id='word_1_287' title='bbox 825 3707 908 3776; x_wconf 79' lang='lat' dir='ltr'><strong>gigas</strong></span> <span class='ocrx_word' id='word_1_288' title='bbox 930 3706 1036 3778; x_wconf 78' lang='lat' dir='ltr'><strong>oe²p⁸v</strong></span> <span class='ocrx_word' id='word_1_289' title='bbox 1058 3708 1068 3775; x_wconf 72' lang='lat' dir='ltr'><strong>t</strong></span> <span class='ocrx_word' id='word_1_290' title='bbox 1090 3710 1125 3759; x_wconf 78' lang='lat'><strong>30</strong></span> <span class='ocrx_word' id='word_1_291' title='bbox 1143 3707 1226 3759; x_wconf 87' lang='lat' dir='ltr'><strong>deum</strong></span> <span class='ocrx_word' id='word_1_292' title='bbox 1251 3707 1302 3776; x_wconf 75' lang='lat' dir='ltr'><strong>Vll</strong></span> 
     </span>
    </p>
   </div>
   <div class='ocr_carea' id='block_1_8' title="bbox 292 3774 1301 3896">
    <p class='ocr_par' dir='ltr' id='par_1_8' title="bbox 292 3774 1301 3896">
     <span class='ocr_line' id='line_1_35' title="bbox 292 3774 1301 3896; baseline 0.002 -68"><span class='ocrx_word' id='word_1_293' title='bbox 292 3781 326 3829; x_wconf 81' lang='lat'><strong>31</strong></span> <span class='ocrx_word' id='word_1_294' title='bbox 338 3776 520 3846; x_wconf 81' lang='lat' dir='ltr'><strong>oracthpo</strong></span> <span class='ocrx_word' id='word_1_295' title='bbox 529 3775 627 3847; x_wconf 53' lang='lat' dir='ltr'><strong>(diepa</strong></span> <span class='ocrx_word' id='word_1_296' title='bbox 637 3778 792 3846; x_wconf 82' lang='lat' dir='ltr'><strong>oregVobe</strong></span> <span class='ocrx_word' id='word_1_297' title='bbox 801 3776 810 3848; x_wconf 75' lang='lat' dir='ltr'><strong>ll</strong></span> <span class='ocrx_word' id='word_1_298' title='bbox 820 3776 958 3831; x_wconf 77' lang='lat' dir='ltr'><strong>chalanne</strong></span> <span class='ocrx_word' id='word_1_299' title='bbox 965 3795 981 3832; x_wconf 88' lang='lat' dir='ltr'><strong>o</strong></span> <span class='ocrx_word' id='word_1_300' title='bbox 988 3774 1146 3896; x_wconf 51' lang='grc' dir='ltr'><strong>(χαλαννήίς</strong></span> <span class='ocrx_word' id='word_1_301' title='bbox 1157 3774 1301 3830; x_wconf 85' lang='lat' dir='ltr'><strong>chalamne</strong></span> 
     </span>
    </p>
   </div>
   <div class='ocr_carea' id='block_1_9' title="bbox 186 3845 1267 3916">
    <p class='ocr_par' dir='ltr' id='par_1_9' title="bbox 186 3845 1267 3916">
     <span class='ocr_line' id='line_1_36' title="bbox 186 3845 1267 3916; baseline 0.001 -16"><span class='ocrx_word' id='word_1_302' title='bbox 186 3889 187 3910; x_wconf 33' lang='lat'>1</span> <span class='ocrx_word' id='word_1_303' title='bbox 300 3847 370 3913; x_wconf 65' lang='lat' dir='ltr'><strong>rm</strong></span> <span class='ocrx_word' id='word_1_304' title='bbox 389 3845 514 3902; x_wconf 89' lang='lat' dir='ltr'><strong>calemne</strong></span> <span class='ocrx_word' id='word_1_305' title='bbox 532 3847 610 3915; x_wconf 73' lang='grc' dir='ltr'><strong>Θαος</strong></span> <span class='ocrx_word' id='word_1_306' title='bbox 629 3846 751 3901; x_wconf 84' lang='lat' dir='ltr'><strong>talemne</strong></span> <span class='ocrx_word' id='word_1_307' title='bbox 766 3847 805 3913; x_wconf 86' lang='lat' dir='ltr'><strong>A;</strong></span> <span class='ocrx_word' id='word_1_308' title='bbox 825 3847 961 3900; x_wconf 86' lang='lat' dir='ltr'><strong>chalanne</strong></span> <span class='ocrx_word' id='word_1_309' title='bbox 978 3864 1050 3916; x_wconf 80' lang='lat' dir='ltr'><strong>ppr3</strong></span> <span class='ocrx_word' id='word_1_310' title='bbox 1070 3845 1122 3898; x_wconf 90' lang='lat' dir='ltr'><strong>cha</strong></span> <span class='ocrx_word' id='word_1_311' title='bbox 1134 3860 1224 3898; x_wconf 87' lang='lat' dir='ltr'><strong>ennen</strong></span> <span class='ocrx_word' id='word_1_312' title='bbox 1238 3847 1267 3901; x_wconf 86' lang='lat' dir='ltr'><em>R</em></span> 
     </span>
    </p>
   </div>
   <div class='ocr_carea' id='block_1_10' title="bbox 0 0 1646 4459">
    <p class='ocr_par' dir='ltr' id='par_1_10' title="bbox 0 0 1646 4459">
     <span class='ocr_line' id='line_1_37' title="bbox 0 0 1646 4459; baseline 0 0"><span class='ocrx_word' id='word_1_313' title='bbox 0 0 1646 4459; x_wconf 95' lang='lat' dir='ltr'><strong> </strong></span> 
     </span>
    </p>
   </div>
  </div>
 </body>
</html>
