3284 4459
522 504 563 545 uu
577 502 719 544 ominare
733 504 787 544 nur
800 504 826 545 u.
839 504 902 544 xiv.
916 503 939 544 c.
953 505 986 544 ro.
1000 505 1033 544 uo.
1253 487 1298 552 43

284 640 479 720 repugnando
511 638 730 718 modificentur,
756 656 815 699 non
845 646 892 700 est
918 638 1022 716 utique
1049 640 1159 698 sanitas
1186 655 1223 698 ex
1246 655 1296 698 na·

284 738 364 809 tura,
388 728 440 789 scd
464 726 589 806 languor
606 744 643 787 ex
661 726 755 805 culpa.
800 725 885 797 Quod
910 733 1009 787 autem
1031 727 1093 785 irae
1116 743 1206 805 opera
1229 724 1296 789 alia.-

284 834 414 895 rumque
438 816 627 877 affectionum
654 816 684 874 in
713 813 881 893 quibusque
905 815 993 875 dictis
1015 821 1104 892 atque
1128 815 1214 875 lactis
1236 832 1297 873 nou

284 908 330 966 sic
349 902 504 971 abscondit
522 901 709 983 verecundia,
731 911 765 964 ut
782 921 873 982 opera
890 902 1030 982 libidinis,
1053 920 1128 980 quac
1149 903 1225 963 fiunt
1247 920 1296 980 gc·

286 992 428 1055 nitalibus
456 990 610 1071 membris,
638 991 708 1069 quid
736 1008 842 1051 causae
870 999 929 1070 cst,
955 991 1014 1051 nisi
1042 992 1111 1068 quia
1133 992 1165 1051 in
1187 992 1331 1051 ceteriso

285 1080 420 1143 membra
443 1081 578 1159 corporis
596 1097 656 1140 non
678 1081 759 1158 ipsae
783 1080 962 1159 affectiones,
985 1078 1047 1157 sed,
1070 1096 1139 1140 cum
1161 1080 1205 1139 eis
1227 1096 1296 1139 con-

287 1171 425 1249 senserit,
448 1168 583 1229 voluntas
606 1176 719 1248 movet,
743 1185 817 1245 quae
831 1169 872 1227 -in
895 1186 952 1229 usu
976 1184 1079 1227 eorum
1103 1168 1222 1227 omuino
1245 1166 1296 1228 do-

286 1253 438 1319 minatur?
484 1256 558 1317 Nam
588 1258 723 1334 quisquis
745 1254 869 1317 verbum
893 1256 1001 1316 emittit
1023 1257 1117 1315 iratus
1139 1254 1186 1315 vel
1208 1257 1295 1315 etiam

286 1362 466 1423 quemquam
489 1346 629 1425 percutit,
650 1362 710 1405 non
733 1352 834 1423 posset
856 1343 912 1403 hoc
935 1344 1043 1423 lacere,
1066 1344 1124 1404 nisi
1145 1342 1244 1421 lingua
1267 1350 1298 1403 et

289 1452 392 1494 manus
415 1432 537 1494 iubente
562 1432 687 1510 quodam
710 1432 797 1493 modo
820 1432 970 1493 voluntate
994 1439 1197 1511 moverentur,
1221 1448 1296 1509 quae
1316 1443 1350 1491 lo

288 1520 429 1601 membra,
451 1522 539 1581 etiam
558 1538 626 1581 cum
645 1522 689 1581 ira
711 1520 790 1580 nulla
813 1529 867 1600 est,
890 1527 1047 1581 morentur
1070 1518 1172 1581 eadem
1196 1519 1296 1578 volun-

289 1618 356 1671 tate.
393 1610 431 1670 At
448 1626 520 1668 vero
538 1606 680 1686 genitales
704 1611 838 1687 corporis
860 1617 962 1687 partes
984 1610 1025 1668 ita
1047 1606 1137 1667 libido
1160 1626 1215 1667 suo
1238 1609 1297 1667 iuri

286 1698 415 1776 quodam
439 1696 526 1759 modo
550 1698 742 1776 mancipavit,
766 1705 799 1756 ut
821 1698 934 1757 moveri
955 1714 1017 1755 non
1040 1695 1163 1775 raleaut,
1186 1697 1211 1755 si
1233 1697 1297 1774 ipsa

285 1786 418 1847 deluerit
447 1794 478 1847 ct
514 1786 570 1844 nisi
605 1786 668 1864 ipsa
700 1782 746 1844 vol
778 1784 856 1844 ultro
888 1784 934 1845 vel
964 1786 1092 1845 excitata
1123 1786 1297 1845 surrexerit.

288 1873 350 1935 lloc
370 1872 513 1953 estquod
534 1872 634 1952 pudet,
657 1872 713 1933 hoc
732 1880 778 1934 est
797 1873 875 1951 quod
899 1874 1080 1934 intuentium
1103 1871 1206 1932 oculos
1230 1884 1350 1932 eru-15

287 1961 438 2023 bescendo
462 1961 584 2041 devitat,
611 1963 762 2039 magisque
787 1960 846 2020 lert
867 1960 956 2020 homo
979 1962 1177 2039 spectantium
1201 1960 1298 2021 miulti-

289 2050 434 2129 tudinem,
457 2049 574 2129 quando
592 2050 702 2109 iniuste
725 2050 864 2109 irascitur
886 2048 1008 2128 homini,
1030 2066 1118 2127 quam
1141 2048 1186 2109 rel
1210 2051 1298 2109 unius

284 2148 451 2218 aspectum,
475 2145 504 2197 et
526 2136 642 2216 quondo
664 2138 744 2199 iuste
767 2138 910 2197 miscetur
933 2139 1028 2197 uxori.

686 2342 804 2409 Carum
827 2343 897 2409 XX.

461 2474 507 2534 Ile
529 2474 692 2532 vanissima
714 2473 904 2547 turpitudine
930 2473 1120 2549 Cynicorum.
1316 2484 1351 2533 uo

379 2595 442 2657 lloc
465 2596 507 2656 illi
530 2598 627 2655 canini
649 2594 832 2674 philosophi,
854 2594 911 2655 hoc
934 2604 981 2655 est
1003 2594 1113 2675 Cynici,
1136 2612 1196 2655 uon
1219 2594 1297 2655 ride·

286 2692 368 2765 runt,
390 2685 578 2764 proferentes
597 2692 699 2743 contro
718 2682 876 2743 humanam
894 2684 1101 2744 verecundiam
1125 2682 1195 2762 quid
1219 2683 1297 2744 aliud

284 2791 376 2852 quam
400 2774 543 2852 caninam,
565 2768 623 2833 hoo
641 2781 687 2831 ost
709 2771 881 2831 inmundam
904 2772 1156 2851 inpudentemque
1180 2780 1297 2833 senteu-

287 2857 380 2923 tiam?
403 2869 437 2921 ut
460 2860 586 2939 scilicet,
614 2862 752 2939 quoniam
782 2862 893 2921 iustum
916 2860 1063 2938 estquod
1086 2861 1120 2920 fit
1141 2862 1173 2921 in
1196 2878 1298 2939 uxore,

286 2949 382 3028 palam
411 2967 471 3008 non
500 2947 610 3027 pudeat
636 2948 665 3009 id
698 2966 786 3026 agere
817 2966 872 3009 nec
894 2950 926 3009 iu
947 2949 1012 3007 vico
1036 2958 1087 3008 aut
1110 2947 1205 3027 platea
1227 2966 1296 3026 qua·
1316 2957 1349 3008 it

286 3037 360 3098 libet
378 3036 562 3115 coniugalem
582 3033 773 3096 concubitum
797 3036 936 3096 devitare.
981 3034 1058 3096 Vicit
1080 3044 1177 3097 tamen
1202 3036 1298 3115 pudor

286 3125 430 3187 naturalis
458 3127 627 3203 opinionem
655 3123 744 3184 huius
772 3127 892 3184 erroris.
942 3122 1016 3183 Nam
1045 3127 1102 3184 etsi
1131 3122 1298 3205 perhibent,

286 3213 344 3273 boc
369 3213 524 3295 aliquando
547 3210 775 3291 gloriabundum
797 3212 902 3271 secisse
925 3210 1099 3291 Diogenem,
1129 3215 1169 3273 ita
1192 3222 1296 3291 putan-

287 3310 348 3363 tem
381 3310 492 3361 sectam
525 3319 607 3361 suam
639 3298 813 3360 nobiliorem
847 3300 992 3377 loturam,
1025 3303 1049 3359 si
1081 3303 1111 3359 ln
1144 3300 1296 3361 bominum

286 3392 429 3451 memoria
452 3390 596 3467 insignior
619 3390 684 3449 eius
706 3388 878 3467 inpudentia
901 3389 1051 3468 figeretur,
1073 3396 1174 3467 postca
1197 3397 1297 3448 tamon
1315 3400 1350 3451 30

285 3496 303 3537 a
323 3478 440 3557 Cynicis
459 3478 525 3537 fiori
544 3485 691 3537 cessatum
710 3485 764 3556 cst,
787 3476 913 3555 plusque
932 3476 1022 3537 valuit
1045 3475 1149 3557 pudor,
1173 3484 1206 3536 ut
1229 3494 1295 3536 eru-

285 3566 445 3627 bescerent
474 3565 610 3625 homines
642 3564 825 3645 hominibus,
855 3582 942 3643 quam
970 3581 1069 3644 error,
1100 3572 1134 3623 ut
1162 3563 1297 3623 hominos

360 3734 374 3781 1
398 3726 582 3795 repugnando
605 3742 671 3790 mss3
693 3724 859 3779 refrenando
878 3742 894 3778 o
912 3727 922 3794 ΙΙ
940 3730 974 3778 30
991 3724 1155 3778 memorium
1175 3726 1215 3778 Vl
1230 3727 1240 3794 l
1257 3724 1299 3777 in-

287 3798 420 3869 signitior
439 3798 496 3852 V¹l
