3284 4459
573 535 612 574 nn
626 533 769 575 orvmamr
783 534 838 574 nur
850 535 876 572 n.
889 535 953 575 m.
968 533 992 575 o.
1005 535 1038 574 rc
1051 535 1084 576 15.
1262 519 1326 584 381

321 667 556 746 oboediendique
588 667 744 729 concordia
775 667 1015 730 cohabitantium.
1059 667 1207 747 Imperant
1240 670 1329 748 enim,

322 759 374 836 qui
396 757 568 836 consulunt3
592 758 669 817 sicut
687 758 731 816 vir
754 758 850 833 uxori,
872 764 1011 835 parentes
1033 756 1110 836 filus,
1132 757 1243 817 domini
1267 774 1328 817 ser·

321 848 374 906 vis,
420 844 587 906 Oboediunt
615 854 713 905 autem
741 844 850 923 quibus
878 844 1057 924 consulitur3
1083 847 1161 905 sicut
1188 845 1329 906 mulieres

321 935 445 1012 maritis,
468 933 519 994 filii
538 932 720 1012 parentibus,
743 936 820 993 servi
840 933 976 994 dominis.
1021 932 1080 994 Sed
1097 935 1129 994 in
1147 933 1235 995 domo
1258 936 1330 995 iusti

321 1024 446 1082 viventis
469 1040 505 1082 ex
528 1020 584 1081 lide
608 1029 638 1083 et
661 1021 756 1082 adhuc
786 1021 823 1082 ab
845 1022 893 1082 illa
917 1021 1037 1082 caelesti
1059 1024 1175 1083 civitate
1198 1024 1364 1101 peregri-o

321 1112 420 1170 nantis
447 1112 535 1170 etiam
564 1112 614 1188 qui
641 1112 787 1189 imperant
815 1112 949 1170 serviunt
975 1111 1033 1190 eis,
1062 1108 1170 1188 quibus
1193 1110 1330 1171 videntur

321 1202 476 1278 imperare.
530 1198 632 1277 Neque
666 1200 745 1259 enim
781 1198 951 1259 dominandi
983 1181 1153 1277 cupiditate'
1174 1201 1330 1279 imperant,

322 1287 374 1347 sed
398 1287 495 1348 officio
519 1286 706 1366 consulendi,
728 1303 784 1347 nec
806 1286 994 1367 principandi
1016 1285 1164 1367 superbia,
1187 1286 1239 1348 sed
1261 1304 1330 1366 pro-

321 1374 440 1436 videndi
461 1375 672 1437 misericordia.

723 1653 842 1719 Garun
861 1654 932 1719 XV.
1352 1670 1395 1717 ro

323 1803 370 1861 De
392 1801 532 1860 libertate
554 1802 693 1860 naturali
715 1806 744 1859 et
766 1802 804 1859 de
826 1803 980 1879 servitute,
1002 1803 1090 1861 cuius
1107 1803 1212 1876 primo
1235 1817 1331 1860 causo

321 1895 482 1966 peccatum
507 1897 564 1962 est,
587 1892 660 1962 quic
682 1889 768 1948 domo
796 1890 896 1948 molae
923 1891 1098 1967 voluntatis,
1125 1891 1245 1949 etiamsi
1271 1905 1331 1948 oon

368 1984 414 2038 est
435 1978 618 2052 mancipium
640 1979 768 2036 alterius
790 1978 927 2051 dominre,
948 1994 1054 2038 servam
1076 1982 1122 2038 eat
1139 1979 1288 2052 propriae

756 2066 897 2124 libidinis.

413 2203 476 2266 lloc
506 2203 647 2265 naturalis
677 2203 749 2264 ordo
779 2204 971 2285 praescribit,
1001 2206 1041 2265 ita
1071 2204 1149 2265 Deus
1181 2205 1331 2265 hominem
1352 2217 1384 2264 15

326 2294 465 2354 condidit.
510 2291 600 2352 Nam:
623 2294 809 2367 Dominam,
833 2295 942 2374 inquit,
960 2297 1092 2370 podium
1114 2296 1209 2353 morit
1232 2300 1262 2353 et
1283 2310 1331 2353 oo-

325 2385 454 2444 latidum
481 2385 561 2442 coeli
587 2390 617 2443 et
643 2385 775 2442 omnium
796 2385 978 2457 repentium,
1006 2398 1085 2455 quae
1107 2389 1219 2457 repunt
1239 2399 1332 2456 cuper

325 2479 450 2532 terram.
509 2469 691 2530 Rationalem
723 2469 833 2529 lactum
865 2469 901 2529 ad
933 2471 1090 2547 imaginem
1122 2485 1206 2529 suam
1237 2468 1332 2529 noluit

326 2561 383 2619 nisi
412 2557 666 2619 inrationabilibus
696 2556 853 2639 dominari3
876 2575 936 2618 non
958 2557 1108 2618 bominem
1130 2555 1255 2636 homini,
1278 2557 1331 2617 sed

326 2648 474 2706 bominem
497 2647 608 2725 pecori.
652 2645 723 2706 lnde
746 2648 834 2725 primi
857 2649 928 2706 iusti
950 2653 1085 2725 pastores
1106 2663 1248 2724 pecorum
1271 2664 1331 2706 ma·
1352 2660 1385 2705 20

325 2737 371 2814 gis
390 2753 476 2814 qnam
495 2752 581 2813 reges
599 2733 751 2794 bominum
775 2736 929 2795 constituti
952 2741 1031 2813 sunt,
1054 2742 1088 2794 ut
1109 2736 1198 2793 etiam
1221 2736 1265 2794 sic
1288 2737 1332 2794 in·

326 2826 458 2885 sinuaret
476 2822 564 2901 liene,
583 2823 653 2900 quid
671 2821 801 2902 postulet
819 2822 892 2883 ordo
911 2832 1124 2903 creaturarum,
1147 2821 1217 2900 quid
1236 2825 1334 2901 erigat

325 2913 465 2971 meritum
488 2921 685 2990 peccatorum.
731 2909 871 2972 Condicio
894 2913 1003 2990 quippe
1026 2913 1178 2971 servitutis
1200 2913 1266 2971 iure
1288 2915 1333 2971 in·

325 2999 475 3078 tellegitur
498 3001 623 3077 inposita
646 3002 805 3078 peccatori.
851 2999 979 3060 Proinde
1002 3017 1148 3077 nusquam
1172 3001 1332 3078 scriptura·

326 3106 393 3148 rum
417 3086 541 3166 legimns
565 3105 697 3167 servum,
727 3096 884 3166 antequam
906 3087 962 3148 boc
985 3087 1127 3147 vocabulo
1150 3087 1211 3147 Noe
1235 3090 1333 3148 iustus
1351 3099 1384 3147 25

326 3184 482 3255 peccatum
517 3175 570 3236 filii
612 3175 781 3236 vindicaret.
844 3175 957 3235 Nomen
993 3177 1094 3253 itaque
1130 3175 1209 3235 istud
1246 3174 1331 3254 culpa

327 3266 448 3344 meruit,
476 3281 537 3323 non
564 3272 677 3325 natura.
722 3263 811 3342 Origo
839 3271 937 3324 autem
966 3263 1101 3324 vocabuli
1124 3280 1279 3323 servorum
1301 3266 1332 3323 in

327 3350 428 3416 Latina
451 3351 550 3430 lingua
568 3352 637 3412 inde
661 3352 792 3413 creditur
815 3351 912 3431 ducta,
935 3351 1013 3430 quod
1037 3351 1077 3432 hi,
1101 3352 1152 3429 qui
1174 3352 1239 3410 iure
1263 3348 1332 3410 belli

327 3449 447 3518 possent
466 3440 569 3518 occidi,
593 3457 609 3498 a
627 3438 788 3500 victoribus
806 3457 874 3499 cum
897 3438 1092 3500 servabantur
1114 3439 1192 3498 servi
1214 3437 1332 3517 fiebant,

328 3545 345 3587 a
365 3527 509 3589 servando
533 3525 682 3606 appellati;
709 3527 787 3604 quod
817 3529 903 3586 etiam
927 3529 1026 3607 ipsum
1048 3529 1112 3587 sine
1134 3527 1249 3605 peccati
1270 3543 1331 3585 me·
1350 3539 1384 3588 30

327 3617 385 3677 rito
413 3634 474 3676 non
500 3623 555 3676 est.
600 3614 674 3674 Nam
703 3623 733 3674 et
759 3633 827 3674 cum
848 3617 961 3676 iustum
983 3616 1099 3695 geritur
1120 3613 1246 3694 bellum,
1276 3631 1331 3693 pro

396 3728 422 3794 d)
440 3725 527 3778 Aboc.
547 3729 572 3792 2,
586 3729 611 3777 4.
659 3726 702 3794 18)
722 3722 789 3778 Gen.
810 3730 835 3791 1,
850 3730 891 3779 26.
938 3729 983 3796 26)
1003 3725 1069 3781 Gen.
1090 3731 1115 3795 9,
1130 3733 1172 3780 it.

398 3888 431 3937 12
441 3883 507 3951 quia
516 3885 563 3954 ίῳ
574 3897 700 3953 quepqo
713 3883 723 3951 ΙΙ
737 3887 770 3937 26
780 3883 953 3951 istudAGo3
963 3884 1209 3956 ietutR31etnoey
1219 3889 1332 3953 (82,18)
