3284 4459
549 532 590 572 nn
604 531 748 573 omnimo
762 531 815 572 nm
829 532 856 573 n.
869 532 931 573 xr1.
945 532 968 573 o.
982 534 1015 573 ιι
1028 534 1061 574 rs
1250 518 1312 580 149

305 667 428 728 ducenti
456 669 601 745 quinque,
628 666 670 727 ibi
693 665 888 747 conplorent,
914 666 1043 745 alioquin
1066 669 1217 727 nescietur
1240 676 1313 745 quot

305 772 399 815 annos
432 756 538 815 vixerit
569 752 681 836 Thaca,
713 757 852 833 quioniam
884 773 943 816 non
975 755 1084 834 legitur
1115 762 1206 834 quoto
1235 772 1313 815 anno

305 846 381 904 vitae
401 861 472 904 suae
491 845 522 904 in
542 841 673 903 Charran
691 845 819 923 venerit3
843 852 873 904 et
891 842 1052 904 absurdum
1076 852 1121 904 est
1136 845 1313 904 existimare

304 935 335 992 in
359 934 416 992 ista
444 933 520 992 serie
548 933 786 1010 generationum,
814 931 863 993 ubi
887 931 1043 1011 diligenter
1066 940 1314 992 commemoratur

306 1029 380 1099 quot
404 1037 496 1080 annos
519 1021 645 1098 quisque
669 1022 788 1100 vixerit,
817 1019 906 1080 huius
928 1019 1021 1080 soiius
1043 1037 1200 1080 numerum
1223 1033 1348 1080 anno—u

304 1127 373 1168 rum
392 1110 468 1168 vitae
487 1125 547 1168 non
566 1107 803 1169 commendatum
821 1126 888 1169 esse
910 1110 1080 1169 memoriae.
1126 1107 1211 1178 Quod
1234 1110 1314 1168 enim

304 1195 506 1274 quiorundam,
534 1214 610 1270 utros
633 1197 734 1256 eadem
757 1199 905 1276 scriptura
927 1205 1151 1276 commemorat,
1178 1204 1314 1258 tacentur

305 1286 385 1364 enni,
408 1302 467 1344 non
491 1293 561 1346 sunt
583 1287 614 1344 in
637 1283 693 1344 hoc
717 1283 831 1364 ordine,
853 1287 883 1345 in
907 1303 965 1363 quo
989 1294 1157 1364 temporum
1180 1284 1313 1345 dinume·

305 1375 382 1432 ratio
402 1372 573 1433 decessione
592 1375 774 1452 gignentium
794 1381 825 1432 et
842 1375 1009 1451 genitorum
1032 1375 1222 1434 successione
1245 1390 1314 1433 cou-

305 1464 426 1521 texitur.
449 1460 530 1521 siste
558 1470 655 1521 antem
683 1460 770 1540 ordo,
798 1462 850 1539 qui
881 1459 1019 1540 dirigitur
1046 1459 1082 1520 ab
1105 1460 1196 1521 Adam
1219 1478 1314 1539 usque
1334 1475 1367 1522 10

306 1548 343 1608 ad
360 1547 424 1609 Noe
448 1558 479 1609 et
495 1548 565 1608 inde
583 1566 678 1628 usque
701 1548 738 1608 ad
756 1547 911 1630 Abraham,
933 1551 997 1609 sine
1020 1565 1146 1610 numero
1164 1566 1314 1610 annorum

306 1640 383 1698 ritae
407 1654 477 1697 suae
502 1640 649 1698 neminem
674 1640 814 1698 continet.

708 1879 826 1946 Oaros
844 1836 917 1947 XV.

306 2011 353 2070 De
382 2015 515 2084 tenpore
537 2006 739 2084 profectionis
762 2010 919 2083 Abrahae,
947 2026 1008 2083 quo
1034 2011 1199 2070 secundum
1223 2027 1314 2086 proe-

556 2105 673 2172 ceptum
696 2097 756 2157 Dei
776 2099 853 2158 exiit
874 2099 913 2158 de
939 2099 1067 2157 Charra.
1336 2109 1367 2158 15

398 2218 483 2290 Quod
506 2237 576 2280 vero
600 2227 827 2280 commemorata
850 2229 945 2280 morte
965 2218 1087 2298 Therae,
1109 2221 1202 2299 patris
1224 2219 1314 2282 Abra·

306 2308 389 2388 ham,
409 2307 514 2370 deinde
533 2306 655 2384 legitur:
674 2307 713 2366 Et
732 2309 812 2367 dixit
830 2309 976 2368 Dominus
995 2307 1038 2367 od
1050 2308 1179 2367 Abram:
1197 2306 1261 2367 Exi
1278 2309 1316 2370 de

308 2404 396 2459 terra
424 2404 477 2457 tna
505 2402 535 2456 et
561 2397 599 2456 de
626 2399 806 2470 cognatione
833 2405 887 2468 tuo
915 2403 945 2458 et
971 2397 1009 2458 de
1037 2399 1123 2458 domo
1147 2399 1247 2472 patris
1270 2399 1317 2456 tui

308 2493 340 2545 et
363 2493 475 2565 cetera,
503 2501 576 2564 non,
606 2486 673 2562 quia
696 2482 752 2544 hoe
776 2485 912 2563 seqnitur
934 2485 966 2545 in
988 2501 1125 2544 sermone
1147 2483 1230 2563 libri,
1257 2482 1315 2543 hoe

309 2574 398 2633 etiam
430 2573 461 2632 in
494 2589 594 2632 rernm
625 2581 774 2652 gestarum
807 2581 940 2650 tempore
976 2573 1060 2651 sequi
1089 2570 1315 2633 existimandum
1333 2586 1368 2632 eo

310 2669 364 2721 est.
410 2659 475 2720 Erit
502 2662 626 2741 qnippe,
658 2661 683 2720 si
710 2663 750 2720 ita
779 2669 837 2740 est,
864 2658 1028 2720 insolubilis
1055 2662 1199 2738 quaestio.
1243 2657 1316 2721 Post

308 2749 382 2808 haec
405 2751 483 2809 eninr
507 2746 595 2808 verba
618 2746 686 2828 Dei,
709 2767 783 2827 quae
807 2748 843 2808 ad
867 2747 1012 2808 Abraham
1036 2749 1111 2808 iacta
1135 2757 1220 2830 sunt,
1243 2751 1315 2810 scri·

308 2846 396 2916 ptura
420 2838 463 2897 sic
486 2835 630 2915 loquitur:
653 2836 694 2896 Et
715 2840 791 2896 exiit
813 2837 937 2912 Adrum,
960 2854 1046 2912 quem
1069 2837 1251 2898 admodum
1274 2840 1314 2898 lo·

309 2933 398 2986 cutus
430 2931 474 2984 est
501 2928 531 2984 et
557 2925 717 2997 Dominus,
749 2933 778 2985 et
805 2926 882 2985 obiit
913 2942 981 2986 cum
1009 2942 1043 2985 eo
1071 2924 1156 2986 Loth.
1202 2927 1316 2986 Abram

309 3021 411 3074 antem
438 3019 508 3072 erat
534 3015 665 3088 quinque
693 3020 723 3073 et
743 3016 937 3088 septuaginta
960 3030 1122 3085 annorum,
1150 3031 1218 3074 cum
1241 3016 1317 3074 exiit
1335 3024 1369 3073 25

308 3120 349 3162 ex
375 3100 506 3161 Charra.
552 3099 617 3170 Quo
645 3099 732 3160 modo
759 3109 859 3179 potest
886 3099 943 3161 hoc
966 3119 1032 3161 esse
1055 3119 1172 3181 verum,
1201 3103 1316 3181 sipost

308 3197 436 3250 mortem
468 3189 561 3267 patris
594 3189 640 3248 sui
672 3190 743 3249 exiit
776 3187 812 3248 de
846 3185 977 3249 Charra?
1020 3186 1093 3250 Cum
1125 3190 1205 3249 enim
1237 3197 1317 3250 esset

307 3277 405 3337 Thana
433 3277 618 3354 septuaginta
645 3294 804 3357 annorum,
836 3278 914 3338 sicut
944 3295 1034 3357 supra
1063 3278 1231 3338 intimatum
1262 3285 1317 3356 est,

376 3387 421 3454 26)
441 3385 508 3440 Gen.
529 3392 571 3455 12,
587 3393 668 3458 1qu
681 3394 706 3440 4.

377 3517 391 3565 1
406 3510 562 3565 nesciretur
573 3511 664 3566 Gabo
677 3513 687 3580 ΙΙ
701 3515 717 3564 8
729 3509 848 3564 charran
858 3512 977 3579 (canan)
989 3508 1169 3580 1⁷12&de
1177 3509 1251 3575 (147,
1259 3509 1315 3574 14);

305 3581 436 3637 marram
445 3593 526 3636 naeu
535 3584 543 3651 d
558 3587 573 3634 9
585 3581 755 3637 discessione
765 3583 814 3638 Ro
824 3584 832 3652 n
843 3588 877 3636 14
885 3581 1068 3651 profectionis
1076 3579 1168 3651 f9¹qo
1178 3580 1316 3646 (150,11);

302 3651 499 3722 promissionis
526 3665 642 3723 guero-p
663 3654 673 3721 ΙΙ
697 3657 729 3706 17
753 3653 882 3706 dominus
906 3652 1117 3723 RFGaegpo
1140 3666 1189 3704 sec.
1219 3647 1314 3703 Graec.

304 3724 353 3792 (cf.
366 3727 430 3790 24);
450 3723 519 3776 deus
537 3723 877 3792 VultedomAEumi
895 3724 975 3788 Vub3
994 3719 1316 3789 iliiItFGoegofldo-

303 3794 397 3848 minue
408 3794 589 3865 RFuegpm
604 3793 673 3848 deus
687 3793 755 3848 Vno
768 3796 778 3863 ΙΙ
792 3798 826 3848 26
839 3794 884 3862 ex]
898 3793 933 3847 do
943 3792 1070 3848 nonan
1081 3791 1315 3859 (27;150‚2;32)
