3284 4459
349 501 413 564 124
748 510 947 554 sanonsrnu

346 648 406 710 lus:
430 649 498 709 Etsi
513 651 683 723 crucifixus
701 653 746 709 est
767 665 808 709 ex
831 649 1014 720 infirmitate.
1058 641 1142 707 Unde
1164 645 1243 705 idem
1265 645 1351 706 dicit:

348 739 505 810 Infirmum
527 739 587 798 Dei
608 734 722 811 fortius
749 742 793 796 est
819 736 1000 807 hominibus,
1027 741 1057 794 et
1076 737 1199 794 stultum
1221 735 1281 795 Dei
1299 751 1350 794 aa·

343 828 477 901 pientius
504 832 549 885 est
577 825 753 885 hominibus.
799 822 884 893 Quod
915 839 985 883 vero
1017 839 1086 881 cum
1117 821 1230 882 dictum
1256 830 1351 882 esset:

347 914 387 974 Et
403 915 537 973 nudatus
554 918 607 985 est,
629 910 740 971 addidit
758 912 919 989 scriptura:
942 911 980 970 Ia
1005 911 1090 970 domo
1111 927 1178 990 aaa,
1200 908 1352 987 eleganter

313 1000 490 1080 sostendit,
520 999 598 1079 quod
622 1017 638 1059 a
661 1016 731 1059 suae
760 999 857 1058 caruis
879 1005 966 1076 gente
989 1005 1020 1057 et
1041 997 1211 1057 domesticis
1232 999 1351 1074 sangni-

347 1091 393 1148 nis
416 1090 476 1168 sui,
499 1090 602 1165 utique
624 1085 756 1166 ludaeis,
779 1086 877 1147 iuerat
898 1102 1018 1145 crucem
1041 1093 1225 1162 mortemque
1247 1102 1352 1164 passu·

347 1195 407 1237 rus
452 1175 534 1236 Hanc
557 1177 724 1254 passionem
747 1172 858 1234 Christi
884 1173 955 1233 ioris
982 1175 1014 1232 in
1037 1190 1110 1232 sono
1133 1181 1248 1233 tantum
1269 1175 1352 1232 vocis

347 1263 467 1343 reprobi
485 1263 671 1342 adnuntiant3
694 1263 852 1322 nonenim
875 1259 954 1337 quod
972 1260 1146 1321 adnuntiant
1167 1259 1353 1339 intellegunt

348 1350 438 1412 Probi
473 1360 572 1412 autem
608 1352 638 1410 iu
675 1351 816 1409 interiore
853 1347 971 1408 homine
1002 1346 1112 1408 habent
1148 1355 1208 1408 tem
1239 1348 1352 1427 grande

298 1451 331 1498 ιο
349 1441 521 1518 mysterium
553 1446 641 1515 atque
671 1436 818 1496 honorant
848 1438 929 1496 intus
960 1438 991 1496 in
1024 1435 1112 1496 corde
1142 1436 1292 1496 infirmum
1321 1445 1353 1497 et

349 1525 472 1587 stultum
503 1525 573 1605 Dei,
587 1571 589 1576 .
605 1527 673 1602 quia
705 1525 811 1584 iortius
843 1531 873 1584 et
904 1525 1067 1602 sapientius
1097 1531 1144 1584 est
1173 1523 1353 1585 hominibus.

348 1613 443 1674 Huius
472 1616 516 1673 rei
547 1613 640 1691 figura
669 1620 732 1692 est,
764 1610 843 1690 quod
872 1610 962 1672 Cham
993 1614 1095 1672 exiens
1121 1611 1178 1672 hoc
1206 1614 1354 1672 nuntiavit

348 1703 430 1780 soris3
454 1700 523 1761 Sem
545 1718 614 1760 vero
639 1708 669 1760 et
690 1698 821 1780 Iapheth,
844 1707 878 1759 ut
899 1698 956 1759 hoc
978 1699 1117 1780 velarent,
1140 1699 1168 1758 id
1192 1707 1239 1760 est
1261 1697 1353 1759 hono-

349 1797 459 1868 rarent,
481 1788 608 1866 ingressi
631 1794 709 1868 sunt,
731 1786 787 1847 hoe
810 1796 858 1847 est
879 1788 1005 1867 interius
1027 1785 1058 1847 id
1080 1795 1214 1864 egerunt

297 1887 330 1937 15
437 1875 516 1936 Haec
544 1877 708 1954 scripturae
736 1883 851 1934 secreta
874 1873 989 1936 divinae
1016 1874 1201 1954 indagamus,
1229 1882 1263 1934 ut
1284 1892 1353 1953 pos·

348 1981 460 2044 snmus,
478 1962 552 2022 alius
570 1962 627 2022 alio
645 1965 736 2040 magis
755 1963 889 2022 minusve
907 1970 1114 2042 congruenter,
1132 1969 1354 2022 verumtamen
1468 2036 1469 2041 ἵ

348 2051 474 2111 fideliter
505 2057 620 2110 certum
647 2056 783 2110 tenentes
810 2067 871 2110 non
897 2067 932 2109 ea
959 2052 1023 2109 siue
1055 2049 1151 2128 aliqua
1173 2050 1354 2128 praetigura-

348 2140 428 2198 tioue
460 2138 629 2198 futurorum
660 2145 743 2216 gesta
778 2145 867 2214 atque
899 2139 1067 2216 conscripta
1099 2155 1195 2215 neque
1227 2139 1284 2198 nisi
1316 2137 1354 2197 ad

349 2224 498 2286 Christum
530 2232 561 2284 et
592 2227 656 2284 cius
684 2223 854 2304 ecclesiam,
886 2242 961 2302 quae
984 2226 1087 2284 civitas
1110 2223 1163 2285 nei
1193 2233 1254 2305 est,
1286 2243 1354 2286 esse
1468 2262 1469 2267 κ

295 2325 329 2375 20
348 2313 516 2391 reserenda3
540 2314 625 2372 cuius
648 2311 685 2373 ab
703 2313 787 2371 initio
805 2314 924 2390 generis
942 2311 1063 2372 hnmani
1080 2330 1139 2371 uon
1158 2311 1252 2373 detuit
1269 2331 1355 2391 prae·

348 2400 464 2481 dicatio,
487 2417 575 2477 quam
593 2418 647 2478 per
666 2401 761 2459 omnia
784 2399 918 2459 videmus
940 2399 1065 2478 impleri.
1109 2399 1277 2460 Benedictis
1299 2403 1355 2478 igi-

348 2497 399 2548 tur
426 2485 541 2548 duobus
569 2485 636 2546 filiis
659 2486 721 2546 Noe
749 2494 837 2564 atque
865 2504 925 2546 uno
952 2489 984 2546 in
1013 2487 1110 2547 medio
1139 2505 1243 2548 eornm
1265 2488 1355 2549 male-

347 2575 426 2635 dicto
450 2575 591 2653 deinceps
609 2591 704 2651 usque
728 2573 763 2632 ad
782 2572 928 2632 Abraham
951 2573 987 2634 de
1010 2577 1157 2636 iustorum
1179 2575 1356 2658 aliquorum,

348 2664 399 2740 qui
417 2663 464 2740 pie
483 2661 579 2722 Deum
596 2661 736 2740 colerent,
759 2664 1037 2722 commemoratione
1060 2663 1208 2724 silentium
1232 2671 1278 2724 est
1299 2683 1357 2743 per
1468 2664 1469 2667 ’

294 2761 328 2810 25
347 2766 440 2809 annos
463 2749 588 2827 amplius
611 2766 698 2826 qnam
722 2747 808 2809 mille.
852 2747 914 2809 Nec
942 2767 993 2810 eos
1016 2749 1145 2811 deinisse
1168 2750 1357 2835 crediderim,

348 2835 400 2896 sed
424 2837 449 2896 si
477 2854 581 2896 omnes
603 2843 920 2916 commemorarentur,
947 2839 1035 2896 nimis
1057 2838 1176 2917 longum
1199 2839 1297 2920 tieret,
1324 2850 1357 2901 et

348 2931 428 2984 esset
446 2922 518 2984 haec
536 2922 677 2984 historica
695 2925 787 3001 magis
810 2922 960 3002 diligentia
982 2942 1070 3003 quam
1092 2925 1264 3004 prophetica
1286 2946 1356 3006 pro

347 3010 483 3071 videntia.
528 3009 579 3070 Illa
606 3013 705 3088 itaque
734 3012 892 3088 exequitur
920 3011 1085 3072 litterarum
1108 3030 1259 3074 sacrarum
1282 3019 1357 3076 scri-

348 3106 416 3177 ptor
447 3100 572 3158 istarum
598 3097 645 3157 vel
672 3099 771 3176 potius
803 3116 859 3177 per
890 3117 959 3159 cum
985 3099 1038 3158 Dei
1070 3099 1214 3180 Spiritus,
1245 3100 1357 3180 quibus

295 3199 330 3248 30
349 3203 409 3246 nou
441 3185 536 3245 solum
567 3193 725 3245 narrentur
752 3188 925 3265 praeterita,
956 3204 1059 3246 verum
1088 3190 1179 3248 etiam
1207 3207 1357 3267 praenun-

348 3275 459 3333 tientur
486 3274 600 3352 sutura,
632 3290 707 3351 quae
735 3282 834 3333 tamen
865 3276 1018 3352 pertinent
1049 3273 1083 3334 ad
1112 3277 1261 3337 civitatem
1288 3277 1358 3360 θείς

348 3361 416 3439 quia
445 3369 475 3421 et
506 3360 543 3421 de
575 3360 757 3442 hominibus,
785 3362 837 3439 qui
869 3378 928 3420 non
956 3370 1027 3422 suut
1055 3364 1134 3423 cives
1161 3365 1239 3448 eins,
1271 3366 1358 3444 qnid·

421 3513 447 3580 1)
465 3517 490 3565 2.
506 3510 566 3566 Cor.
586 3516 628 3577 13,
643 3517 668 3567 4.
723 3515 750 3583 3)
771 3521 794 3566 1.
810 3511 870 3567 Cor.
890 3519 916 3582 1,
930 3519 973 3570 25.

323 3737 325 3742 ·
421 3709 435 3758 1
459 3704 536 3759 idem
555 3705 614 3772 Gau
640 3704 732 3759 eidem
755 3707 900 3775 (antecedit
916 3708 955 3777 el)
974 3707 1014 3774 A3
1041 3707 1111 3763 item
1130 3710 1261 3779 VnFep
1278 3711 1288 3778 ΙΙ
1307 3713 1322 3761 6
1344 3727 1363 3764 a.

348 3774 458 3830 iudaeis
478 3777 523 3831 Vb
541 3777 550 3844 ΙΙ
570 3781 601 3829 11
622 3775 698 3844 quod
714 3793 731 3830 v
749 3779 758 3846 ΙΙ
776 3781 811 3829 24
830 3775 938 3830 silitum
956 3779 1034 3832 esto
