3284 4459
324 479 388 543 136
733 488 932 535 sauausrm

323 628 383 688 sive
406 643 511 686 sonum
536 626 596 686 sive
620 624 750 703 qualibet
772 627 813 705 ri,
836 623 966 704 qualibet
987 633 1081 705 parte,
1105 625 1237 704 qualibet
1258 645 1333 706 qua·

323 713 403 776 litate
434 721 581 776 naturam:
611 731 646 773 ex
676 711 725 776 illo
753 731 812 774 uno
843 713 1026 792 protoplasto
1049 715 1195 792 originem
1219 712 1334 777 ducere

322 801 421 864 nullus
440 801 571 862 fidelium
590 800 775 862 dubitaverit.
826 803 955 880 Apparet
973 810 1072 862 tamen
1090 802 1163 882 quid
1184 805 1214 862 in
1238 803 1333 882 pluri·

322 889 378 952 bus
401 899 505 950 natura
529 888 691 950 obtinuerit
713 898 743 949 et
766 888 837 967 quid
860 890 899 949 sit
920 891 984 967 ipsa
1007 893 1128 951 raritate
1154 889 1298 952 mirabile.

288 991 304 1040 5
413 977 513 1049 Qualis
536 988 634 1039 autem
657 979 732 1038 ratio
755 976 889 1038 redditur
913 976 949 1039 de
973 980 1150 1040 monstrosis
1173 978 1251 1058 apud
1276 997 1330 1041 nos

321 1067 474 1129 bominum
497 1064 654 1147 partubus,
683 1066 747 1127 talis
771 1066 807 1127 de
836 1067 1011 1126 monstrosis
1035 1064 1211 1145 quibusdam
1236 1069 1330 1146 genti-

322 1154 378 1216 bus
409 1154 492 1215 reddi
520 1162 627 1234 potest.
672 1152 750 1214 lieus
778 1155 858 1214 enim
886 1163 1005 1214 creator
1027 1163 1074 1215 est
1097 1156 1246 1235 omnium,
1278 1157 1331 1234 qui

322 1243 373 1304 ubi
404 1253 434 1304 et
463 1242 579 1322 quando
607 1244 702 1302 creari
732 1242 802 1321 quid
825 1249 961 1320 oporteat
983 1241 1028 1302 vel
1050 1245 1233 1324 oportuerit,
1264 1245 1331 1322 ipse

322 1333 411 1412 norit,
434 1333 531 1392 sciens
555 1331 754 1390 universitatis
776 1329 1027 1409 pulchritudinem
1049 1348 1175 1410 gerarum
1198 1333 1331 1410 partium

273 1433 304 1481 ιο
322 1419 367 1482 vel
395 1417 585 1480 similitudine
614 1417 659 1479 vel
686 1418 856 1479 diversitate
884 1427 1028 1480 contexat.
1075 1417 1133 1479 Sed
1157 1421 1209 1497 qui
1231 1427 1333 1481 totum

322 1510 468 1586 inspicere
493 1514 686 1587 conpotem,
709 1514 858 1584 tamquam
880 1506 1066 1586 deformitate
1089 1509 1182 1586 partis
1205 1507 1331 1568 odendi-

323 1605 386 1676 tur,
422 1597 560 1675 quoniam
596 1597 644 1656 cui
682 1604 825 1673 congruat
860 1604 891 1657 et
927 1613 986 1673 qim
1022 1595 1170 1656 referatur
1201 1597 1329 1674 ignorat.

322 1682 461 1746 Pluribus
480 1700 567 1763 quarn
591 1684 689 1762 quinis
712 1682 810 1761 digitis
832 1685 864 1744 in
886 1682 1022 1744 manibus
1045 1692 1076 1745 et
1098 1682 1225 1763 pedibus
1247 1685 1332 1747 nasci

322 1772 457 1834 homines
480 1773 629 1852 novimus3
653 1770 777 1834 ethaeo
800 1769 893 1832 levior
916 1781 961 1834 est
984 1789 1072 1851 quam
1095 1771 1154 1833 ulla
1177 1772 1333 1854 distantia;

272 1874 303 1923 15
323 1861 375 1922 sed
407 1870 505 1922 tamen
538 1859 626 1940 absit,
658 1867 692 1920 ut
724 1861 790 1937 quis
819 1861 862 1921 ita
890 1858 1029 1939 desipiat,
1061 1869 1095 1920 ut
1120 1861 1270 1922 existimet
1299 1863 1332 1922 in

323 1968 448 2012 numero
474 1948 671 2010 bumanorum
693 1947 854 2027 digitorum
876 1965 992 2008 errasse
1015 1947 1200 2028 Creatorem,
1229 1966 1333 2028 quam·

322 2041 366 2100 vis
394 2039 529 2098 nesciens
559 2055 613 2099 cur
643 2035 699 2097 boc
729 2037 842 2098 lecerit.
890 2035 934 2096 lta
964 2037 1020 2097 etsi
1051 2038 1144 2097 maior
1173 2035 1334 2098 diversitas

323 2128 449 2205 oriatur,
473 2126 528 2188 scit
550 2123 599 2188 ille
623 2123 692 2202 quid
716 2126 826 2204 egerit,
849 2126 935 2184 cuius
957 2141 1047 2204 opera
1069 2126 1147 2186 iuste
1171 2141 1260 2184 nemo
1284 2143 1333 2186 re·

323 2212 487 2293 prehendit.
531 2212 616 2292 Apud
635 2211 800 2292 Hipponem
819 2211 948 2272 Zaritum
967 2221 1013 2273 est
1030 2211 1119 2272 bomo
1138 2214 1223 2291 quasi
1247 2212 1332 2274 luna·

270 2315 303 2364 ιο
322 2311 367 2364 tas
390 2301 501 2362 babens
524 2299 637 2380 plantas
669 2309 699 2362 et
729 2303 760 2361 in
789 2303 833 2362 eis
862 2299 948 2361 binos
981 2299 1183 2363 tantummodo
1212 2301 1334 2382 digitos,

323 2389 433 2451 similes
456 2399 487 2450 et
513 2407 627 2452 manus.
673 2387 704 2448 Si
722 2389 817 2466 aliqua
837 2406 909 2467 gens
928 2387 994 2450 talis
1017 2396 1105 2469 esset,
1128 2387 1171 2448 illi
1194 2391 1333 2450 curiosae

322 2486 411 2557 atque
443 2476 568 2538 mirabili
604 2475 763 2538 adderetur
799 2476 948 2538 historiae.
999 2475 1077 2536 Num
1115 2477 1207 2555 igitur
1238 2478 1333 2538 istum

321 2576 444 2646 propter
472 2565 528 2626 hoc
556 2564 726 2644 negabimus
755 2583 791 2624 ex
818 2564 867 2624 illo
896 2582 970 2646 uno,
997 2566 1048 2643 qui
1070 2566 1185 2645 primus
1209 2574 1334 2626 creatus

323 2663 377 2734 est,
400 2671 465 2714 esse
483 2649 697 2732 propagatum?
728 2651 906 2731 Androgyni,
929 2670 1004 2732 quos
1023 2654 1111 2713 etiam
1129 2650 1331 2731 Hermaphro-

270 2755 303 2804 25
322 2741 399 2806 ditos
432 2750 621 2821 nuncupant,
653 2742 784 2819 quamvis
811 2739 848 2800 ad
876 2740 996 2801 modum
1018 2743 1079 2802 rari
1102 2742 1177 2820 sint,
1209 2740 1333 2802 dillicile

322 2838 369 2891 est
398 2837 495 2890 tamen
526 2838 559 2890 ut
588 2827 771 2907 temporibus
802 2828 916 2907 desint,
943 2830 974 2889 in
1002 2828 1110 2907 quibus
1134 2830 1177 2888 sic
1200 2837 1333 2908 uterque

323 2935 411 2980 sexus
430 2926 559 2997 apparet,
582 2926 624 2996 ut,
647 2934 683 2977 ex
702 2934 761 2995 quo
779 2918 880 2994 potius
903 2915 1029 2978 debeant
1051 2917 1187 2996 accipere
1211 2934 1332 2999 nomen,

322 3008 469 3068 incertum
492 3006 543 3086 sit3
572 3004 732 3066 amelioro
762 3012 874 3077 tamen,
902 3003 959 3076 boe
980 3013 1027 3065 est
1048 3022 1066 3064 a
1089 3004 1270 3085 masculino,
1299 3014 1336 3068 ut

323 3093 551 3174 appellarentur,
572 3091 712 3172 loquendi
730 3089 914 3154 consuetudo
933 3091 1102 3170 praevaluit
1148 3091 1222 3152 Nam
1240 3109 1332 3154 nemo

269 3196 463 3262 enumquam
496 3180 738 3261 Androgynaecas
768 3189 819 3242 aut
847 3179 1109 3259 Hermaphroditas
1138 3183 1332 3260 nuncupavit

322 3272 396 3332 Ante
429 3287 521 3330 annos
553 3268 676 3349 aliquot,
709 3276 809 3330 nostra
841 3277 923 3330 certe
956 3270 1110 3348 memoria,
1141 3270 1173 3328 in
1207 3266 1332 3330 Oriente

324 3356 429 3437 duplex
452 3357 541 3419 bomo
564 3367 650 3418 natus
673 3365 719 3418 est
737 3354 942 3435 superioribus
966 3355 1115 3436 membris,
1138 3354 1335 3418 inferioribus

323 3445 456 3525 simplex.
501 3444 575 3506 Nam
595 3443 660 3526 duo
688 3453 772 3506 erant
800 3447 912 3525 capita,
940 3443 999 3506 duo
1022 3453 1158 3523 pectora,
1189 3451 1333 3525 quattuor

395 3573 553 3628 inuium
564 3572 763 3644 VRFcegpr3
777 3575 930 3642 naturam
943 3576 1062 3630 micres
1074 3573 1335 3646 Gbolbetdmon·

324 3645 423 3699 stauos.
445 3642 515 3697 Gal>
532 3644 542 3712 11
560 3648 577 3725 ⁶.
594 3641 723 3712 portibus
742 3645 840 3700 RAer
857 3645 920 3769 pli
937 3643 997 3699 ulla
1016 3645 1174 3716 nucem
1194 3645 1274 3702 nulla
1293 3647 1335 3720 Gg

324 3713 376 3770 illa
388 3715 484 3769 VAoo
496 3714 506 3784 ll
520 3717 553 3768 19
568 3729 700 3784 ipponem
714 3715 855 3772 VRAFe
879 3732 921 3786 gp
933 3717 943 3785 ll
956 3715 1075 3770 corilum
1089 3716 1191 3786 vaip
1198 3720 1335 3788 (108,30,·

324 3785 457 3852 Roenscb,
466 3784 529 3839 Ital.
539 3787 653 3854 p.457);
667 3785 774 3840 aerium
783 3802 814 3853 ας
829 3784 964 3840 discitum
973 3788 1115 3858 AFGegg
1125 3787 1336 3858 Diarrhytumo
