3284 4459
345 495 388 558 62
747 507 770 550 s
784 509 951 551 Auousrnu
1030 517 1032 523 ¹

345 661 405 703 non
429 660 460 703 se
484 660 572 721 posse
595 630 748 723 cernebat,
772 643 853 703 dedit
876 661 941 703 eam
964 643 1111 702 fetandam
1134 644 1213 723 viro,
1235 642 1271 702 de
1293 661 1353 722 quo

344 749 450 810 parere
481 729 616 792 voluerat
646 749 702 791 nec
734 739 879 810 potuerat.
924 731 1031 810 Exegit
1062 733 1161 809 itaque
1193 733 1282 790 etiam
1310 734 1354 791 sic

345 818 478 879 debiturn
502 818 537 878 de
562 821 668 878 marito
691 827 779 879 utens
797 821 863 879 iure
886 837 941 880 suo
963 821 995 880 in
1013 828 1100 880 utero
1123 819 1228 878 alieno.
1260 818 1355 879 Natus

345 914 391 966 est
424 925 494 986 ergo
526 907 644 987 ismael,
677 909 754 968 sicut
782 916 946 968 nascuntur
975 907 1126 987 bomines,
1156 909 1355 986 permixtione

310 1007 434 1056 osexus
462 997 631 1074 utriusque,
659 997 766 1056 usitata
793 995 859 1074 lege
889 1005 1021 1056 naturae.
1066 995 1135 1055 ldeo
1158 995 1355 1056 dictumest:

345 1084 518 1144 Secundum
541 1101 682 1155 carnem
705 1101 764 1144 non
788 1082 867 1164 quod
890 1085 946 1144 ista
969 1083 1113 1143 beneficia
1135 1082 1188 1142 bei
1212 1101 1271 1143 non
1295 1086 1357 1144 sint

345 1180 477 1232 autnon
500 1170 550 1231 illa
573 1180 714 1249 operetur
736 1170 832 1244 liene,
855 1175 941 1232 cuius
965 1172 1064 1250 opifex
1087 1173 1230 1250 sapientia
1252 1173 1355 1233 adtin-

343 1264 399 1336 pr't,
421 1261 500 1320 sicut
521 1261 666 1337 scriptum
689 1266 742 1336 est,
766 1277 785 1319 o
805 1263 870 1332 fine
890 1276 987 1334 usque
1009 1262 1052 1321 ud
1068 1263 1166 1332 finem·
1180 1259 1307 1336 fortiter
1325 1267 1357 1320 et

347 1349 481 1423 disponit
502 1351 604 1408 omnia
625 1350 779 1418 servitem
801 1346 853 1406 sed
871 1345 926 1406 ubi
943 1345 1169 1424 significandum
1186 1347 1285 1408 fuerat
1299 1347 1358 1408 liei

294 1447 328 1496 10
347 1434 466 1512 donum,
490 1434 569 1512 quod
590 1432 756 1494 indebit1m1
778 1433 948 1507 hominibus
966 1437 1058 1511 gratis
1076 1438 1170 1512 gretia
1187 1434 1359 1515 largiretur,

348 1525 391 1584 sic
409 1525 541 1602 oportuit
559 1515 630 1583 dari
641 1522 745 1600 filium,
764 1540 853 1600 quem
872 1507 1043 1582 admodum
1056 1532 1179 1583 naturae
1192 1543 1252 1583 nou
1267 1523 1357 1584 debe·

345 1613 432 1675 batur
451 1613 634 1675 excursibus,
680 1614 773 1692 Negat
792 1617 870 1674 enim
893 1623 998 1675 natura
1021 1617 1079 1675 iam
1102 1613 1178 1675 filios
1200 1615 1251 1676 tali
1275 1634 1357 1676 com·

344 1705 480 1763 mixtioni
503 1705 592 1762 maris
615 1710 645 1762 et
668 1703 802 1782 feminae,
826 1702 924 1780 qualis
944 1703 1014 1762 esse-
1032 1711 1149 1782 poterat
1167 1703 1300 1764 Abrabae
1324 1715 1359 1766 et

346 1791 451 1850 Sarrae
474 1793 505 1850 in
528 1790 576 1850 illa
599 1793 657 1850 iam
680 1799 789 1870 aetate,
816 1793 905 1851 etiam
928 1790 1061 1851 mulieris
1084 1792 1243 1853 accedente
1268 1794 1356 1853 steri·

293 1893 326 1941 15
344 1879 442 1960 litate,
474 1897 549 1956 quae
579 1897 635 1939 nec
664 1887 735 1939 tunc
765 1893 870 1958 parere
901 1881 1013 1959 potuit,
1044 1879 1161 1957 qnando
1189 1897 1250 1940 non
1273 1889 1356 1942 aetas
1458 1898 1459 1907 ³

344 1966 527 2047 fecunditati,
546 1967 597 2028 scd
612 1969 701 2028 aetati
719 1967 884 2029 fecunditas
903 1968 1004 2028 defuit.
1041 1967 1127 2038 Quod
1141 1986 1213 2046 ergo
1231 1976 1357 2030 naturae

344 2057 387 2116 sic
418 2057 538 2115 affectae
569 2056 685 2116 fructus
706 2057 890 2134 posteritatis
917 2073 977 2116 non
1000 2053 1180 2137 debebatur,
1209 2057 1357 2136 significat

344 2143 423 2221 quod
453 2152 558 2204 natura
587 2146 704 2221 generis
734 2143 856 2203 humani
885 2151 1006 2222 peccato
1032 2146 1133 2204 vitiata
1163 2163 1197 2204 ac
1219 2163 1274 2224 per
1296 2145 1357 2207 boc

344 2234 409 2292 iure
428 2230 563 2292 damnata
581 2231 655 2291 nihil
673 2249 759 2291 verae
779 2230 927 2292 felicitatis
945 2235 976 2292 in
998 2240 1151 2310 posterum
1174 2232 1357 2296 merebatur.

291 2333 325 2382 to
344 2319 436 2380 Recte
469 2319 559 2397 igitur
591 2320 736 2398 significat
762 2319 856 2400 isaac,
888 2338 942 2398 per
972 2322 1235 2398 repromissionem
1256 2330 1356 2405 natus,

345 2407 420 2468 tilios
443 2409 563 2489 gratiae,
586 2409 664 2467 cives
688 2409 813 2468 civitatis
836 2407 960 2488 liberae,
983 2410 1080 2469 socios
1101 2411 1183 2487 pacis
1207 2418 1356 2492 aeternae,

345 2494 396 2556 ubi
429 2497 468 2556 sit
499 2513 559 2554 nou
593 2512 675 2556 amor
707 2498 845 2575 propriae
877 2514 910 2556 ac
942 2497 1071 2574 privatae
1104 2496 1231 2574 quodam
1264 2498 1356 2559 modo

345 2583 511 2663 voluntatis,
530 2582 581 2643 sed
596 2586 745 2644 communi
759 2584 922 2662 eodemque
941 2583 1106 2644 inmutabili
1124 2584 1202 2644 bono
1221 2586 1356 2663 gaudens

346 2667 433 2750 atq'ue
462 2689 498 2731 ex
527 2670 628 2731 multis
656 2689 748 2732 unum
777 2691 830 2732 cor
852 2673 976 2753 faciens,
1004 2671 1035 2731 id
1059 2679 1104 2732 est
1125 2674 1259 2751 perfecte
1283 2672 1356 2735 con-

291 2774 326 2824 to
346 2778 412 2820 cors
435 2758 622 2820 oboedientia
644 2762 783 2821 caritatis.

751 3001 867 3068 cmm
890 3001 947 3066 IV.

420 3133 466 3192 Ile
488 3139 631 3193 terrenae
653 3134 785 3192 civitatis
807 3134 855 3192 vel
875 3133 1102 3192 concertatione
1124 3135 1172 3192 vel
1188 3150 1276 3209 pace.

433 3253 564 3315 Terrena
581 3272 672 3334 porro
691 3256 803 3335 civitas,
827 3271 901 3332 quae
920 3255 1099 3331 sempiterna
1122 3272 1182 3313 non
1205 3258 1263 3316 erit
1285 3249 1353 3336 (ne-

345 3361 403 3422 que
435 3345 527 3422 enim,
561 3349 631 3403 cum*
662 3350 793 3402 extremo
826 3341 970 3420 supplicio
999 3340 1134 3402 damnata
1162 3343 1265 3423 luerit,
1295 3346 1353 3404 iam
1461 3414 1462 3423 χ

291 3443 326 3491 30
345 3432 447 3492 civitas
471 3423 559 3511 erit),
582 3430 630 3490 hic
653 3429 741 3492 hebet
764 3430 875 3490 bonum
898 3447 999 3510 strum,
1022 3431 1107 3489 cuius
1131 3432 1271 3491 societate
1294 3432 1352 3492 lae·

414 3545 440 3611 9)
460 3541 523 3610 Sap.
544 3547 608 3609 8,1.

414 3670 430 3717 6
449 3665 571 3736 comem]
589 3663 732 3726 hominem
750 3665 850 3732 AFp;
868 3681 918 3717 om.
939 3665 968 3718 b¹
985 3666 995 3734 ΙΙ
1013 3670 1029 3719 8
1049 3664 1086 3717 od
1104 3665 1286 3734 RAFabpc
1305 3669 1352 3735 (cf.

344 3736 616 3802 iib.12c.26med.);
631 3735 662 3788 in
675 3735 750 3790 ree
763 3736 772 3806 ll
787 3738 820 3788 10
835 3735 923 3805 gratis
937 3752 987 3790 om.
998 3737 1038 3791 ed.
1048 3739 1074 3790 2.
1089 3743 1184 3791 nostra
1195 3739 1354 3813 etHoffm.l

344 3811 377 3860 29
396 3807 426 3860 in
444 3809 566 3860 extremo
586 3806 647 3860 abo
