3284 4459
546 504 586 544 ou
601 503 743 563 31111313
756 503 809 543 nm
823 503 849 543 1.
863 504 938 545 xx11.
953 504 976 545 c.
990 506 1023 544 33.
1220 488 1285 551 625

279 642 344 701 suri
372 647 441 699 sont
464 637 564 699 Deum.
586 640 617 698 in
645 641 709 717 ipso
738 655 877 717 corpore3
905 638 956 698 sed
980 647 1080 698 utrum
1102 655 1157 716 per
1179 640 1285 722 ipsum,

280 730 359 788 siout
389 745 444 806 per
477 745 586 805 corpus
619 745 697 786 nrroc
729 726 863 786 ridemus
895 725 1001 805 solem,
1034 726 1146 805 lunam,
1178 725 1284 805 stellas,

279 834 361 876 mare
385 834 419 875 ac
441 823 551 876 terram
580 824 609 875 et
637 833 710 892 quae
735 822 805 874 sunt
832 816 862 873 in
886 831 936 893 33,
959 832 1018 874 non
1040 832 1128 894 parva
1152 815 1284 892 quaestio

281 912 335 964 est.
380 903 493 965 Durum
522 911 567 963 est
595 905 672 963 enim
701 898 813 982 dicere,
841 902 920 981 qnod
948 904 1043 962 sancti
1070 902 1138 962 talia
1161 918 1284 981 corpora

282 1002 352 1053 tuno
384 991 549 1071 habebunt,
584 1000 619 1052 ut
651 1009 708 1051 non
741 993 856 1070 possint
892 989 993 1050 oculos
1027 990 1164 1051 claudere
1196 1000 1319 1067 atqueo

281 1082 396 1159 aperire
417 1098 485 1140 cum
507 1079 618 1160 volent3
647 1079 749 1139 durius
772 1089 871 1140 autem
893 1075 995 1158 (est),
1018 1076 1096 1156 quod
1118 1076 1162 1150 ibi
1181 1078 1284 1159 Deum,

281 1170 417 1247 quisquis
440 1167 541 1228 oculos
565 1167 715 1246 clauserit,
739 1185 798 1226 non
821 1165 938 1226 videbit.
985 1165 1017 1226 Si
1040 1168 1117 1226 enim
1141 1166 1284 1245 propheta

281 1255 435 1317 Helisaeus
464 1273 590 1336 puerum
621 1273 707 1314 suum
738 1254 818 1314 Giezi
847 1254 954 1314 absens
983 1272 1107 1333 corpore
1140 1254 1210 1314 vidit
1237 1272 1283 1314 ac·

282 1346 440 1423 cipientem
468 1361 607 1425 munera,
636 1361 709 1421 quae
738 1342 818 1403 dedit
847 1345 874 1402 ei
901 1342 1029 1403 Naeman
1058 1342 1166 1422 Syrus,
1195 1360 1283 1421 quem

281 1432 424 1511 propbeta
444 1439 623 1491 memoratus
641 1450 658 1491 a
675 1429 774 1509 leprae
793 1430 978 1491 deformitate
1002 1430 1184 1512 liberaverat,
1207 1430 1285 1509 quod
1306 1443 1338 1491 10

282 1539 386 1581 servus
416 1538 542 1599 nequam
572 1519 690 1579 domino
720 1538 774 1579 suo
803 1537 862 1579 nou
889 1519 1006 1580 vidente
1036 1519 1162 1580 latenter
1188 1538 1220 1579 se
1244 1520 1285 1579 le·

282 1612 358 1670 cisse
382 1616 547 1688 putaverat:
576 1618 685 1686 quanto
708 1610 800 1685 magis
823 1608 854 1667 iu
877 1606 928 1667 illo
950 1625 1074 1687 corpore
1097 1608 1222 1686 spiritali
1245 1608 1285 1667 vi·

283 1696 395 1757 debunt
413 1699 507 1757 sancti
526 1698 632 1777 omnia,
654 1713 713 1757 non
733 1696 828 1756 solum
847 1698 873 1755 si
891 1696 992 1756 oculos
1016 1696 1161 1777 claudant,
1182 1715 1284 1757 verum

223 1826 231 1839 .
283 1788 370 1845 etiam
395 1785 472 1846 unde
497 1793 567 1845 sunt
589 1802 712 1863 corpore
736 1783 886 1844 absentes!
931 1783 1015 1844 Tunc
1038 1786 1116 1845 enim
1140 1787 1197 1844 erit
1219 1803 1284 1863 per·

282 1874 395 1933 lectum
417 1871 498 1952 illud,
521 1872 634 1950 dequo
658 1872 781 1950 loquens
805 1871 967 1950 apostolus:
990 1873 1039 1932 Ec
1058 1880 1158 1948 parte,
1181 1874 1286 1952 inquit,
1306 1883 1337 1931 16

281 1964 393 2021 scimus
425 1968 455 2022 et
485 1979 526 2021 ex
551 1968 644 2036 parte
676 1962 909 2037 prophetantem
939 1977 1008 2020 cum
1040 1967 1139 2021 autem
1170 1964 1287 2022 venerit

282 2052 365 2124 quod
396 2048 566 2125 perfectum
602 2058 659 2121 est,
695 2050 777 2123 quod
811 2066 852 2108 ex
879 2056 971 2126 purte
1002 2056 1047 2110 est
1078 2050 1285 2109 evacuabitur.

283 2136 394 2197 Deinde
419 2147 451 2195 ut
469 2155 527 2215 quo
548 2136 633 2197 modo
651 2144 753 2215 posset
775 2136 870 2215 aliqua
894 2136 1084 2211 similitudine
1107 2137 1286 2217 ostenderet,

283 2234 425 2303 quantum
458 2223 494 2283 ab
522 2224 570 2283 illa
598 2242 672 2302 quae
702 2225 800 2284 lutura
829 2232 875 2284 est
902 2224 992 2284 distet
1019 2223 1091 2284 baec
1119 2226 1193 2305 vita,
1226 2243 1284 2284 non

282 2312 540 2392 qualiumcumque
564 2312 725 2393 bominum,
747 2330 850 2372 verum
874 2314 961 2372 etiam
984 2314 1035 2391 qui
1058 2315 1214 2392 praecipua
1237 2313 1285 2372 bic
1304 2324 1337 2373 20

283 2392 439 2461 sanctitate
477 2408 546 2460 sunt
579 2400 716 2479 praediti:
756 2401 829 2461 Cum
855 2418 960 2475 essem,
992 2404 1101 2482 inquit,
1130 2406 1286 2482 parvulae,

283 2492 373 2565 quasi
391 2492 539 2565 parvulus
561 2489 722 2563 sapiebam,
745 2492 835 2563 quasi
852 2492 1000 2565 parvulus
1021 2492 1176 2565 loquebar,
1198 2494 1288 2565 quasi

279 2580 430 2656 parvulus
448 2579 635 2651 ceolredum
657 2594 725 2637 cum
745 2584 845 2637 autem
859 2576 963 2652 fuctus
980 2595 1046 2638 sum
1064 2582 1120 2654 vir,
1139 2583 1288 2638 evacuavi

283 2684 322 2728 eo
345 2683 423 2740 quoe
442 2667 568 2741 parvuli
589 2670 685 2725 erant.
737 2664 874 2725 Videmus
897 2684 979 2727 nunc
997 2685 1055 2743 per
1077 2669 1230 2743 speculum
1253 2670 1286 2728 in

283 2758 462 2829 acclamate,
485 2761 558 2813 tunc
576 2760 676 2813 autem
690 2752 803 2829 sociem
822 2755 866 2814 ad
883 2752 1005 2828 sociem.
1050 2755 1138 2816 Nunc
1160 2758 1223 2816 scio
1247 2774 1287 2817 ex
1304 2765 1337 2813 ao

280 2850 381 2919 parte,
404 2849 475 2903 tunc
499 2849 598 2903 autem
621 2858 800 2915 copnosoom
821 2846 902 2902 sicut
923 2850 954 2903 et
974 2847 1112 2918 supultus
1134 2861 1207 2904 sum.
1254 2843 1285 2904 Si

283 2948 356 3008 ergo
382 2932 413 2989 in
436 2929 490 2989 hac
513 2932 584 3010 vita,
612 2928 662 2989 ubi
690 2928 843 2990 hominum
870 2929 1046 2991 mirabilium
1068 2932 1223 3011 prophetia
1245 2934 1286 2993 ita

190 3020 193 3025 '
284 3017 478 3097 comparanda
502 3024 548 3077 est
569 3016 611 3076 illi
634 3020 723 3097 vitae,
746 3020 830 3097 quasi
852 3018 965 3098 parvuli
987 3018 1023 3078 ad
1046 3022 1191 3100 iuvenem,
1214 3021 1286 3080 vidit

282 3116 383 3167 tamen
406 3104 558 3165 Helisaeus
586 3106 776 3184 accipientem
805 3123 928 3167 miroera
957 3125 1075 3167 servum
1099 3127 1202 3181 suum,
1234 3107 1285 3168 ubi

283 3198 347 3273 ipse
366 3211 426 3253 non
445 3200 521 3253 erat:
544 3194 622 3252 itane
646 3212 712 3253 cum
737 3197 851 3254 venerit
872 3194 950 3273 quod
974 3196 1138 3273 perlectum
1162 3204 1207 3257 est
1230 3214 1285 3256 nec
1303 3208 1336 3255 30

283 3285 341 3342 iam
365 3300 473 3360 corpus
502 3279 694 3359 corruptibile
722 3281 890 3361 adgravabit
911 3285 1049 3363 animam,
1077 3283 1128 3343 sed
1151 3286 1284 3345 incorru-

283 3368 386 3448 ptibile
406 3368 478 3429 nibil
497 3369 646 3450 impediet,
668 3369 710 3429 illi
728 3373 823 3430 sancti
841 3370 876 3430 ad
895 3389 939 3453 ea,
962 3388 1036 3449 quae
1060 3370 1184 3432 videnda
1206 3380 1285 3447 sunt,

352 3496 377 3563 1)
395 3494 517 3549 11311331.
531 3494 558 3547 H
576 3501 618 3563 61,
634 3501 647 3547 1
663 3497 734 3564 (119,
749 3500 783 3549 10
793 3512 852 3564 sqq.
867 3494 985 3565 Knoell).
1025 3497 1067 3566 11)
1082 3500 1106 3551 a.
1121 3494 1190 3564 Reg.
1206 3500 1230 3562 ὁ,
1246 3502 1288 3549 16.

279 3567 324 3635 11)
345 3572 367 3620 1.
387 3564 446 3619 Gor.
467 3570 589 3633 13931.
641 3569 685 3634 16)
700 3565 741 3619 Ib.
763 3571 794 3619 11
806 3582 846 3634 sq.

351 3693 367 3741 6
391 3691 434 3742 est
452 3690 491 3754 R3
516 3688 813 3757 3331611313)
836 3694 852 3742 9
875 3705 977 3742 nemen
999 3688 1078 3743 Rue
1105 3711 1112 3755 ς
1140 3705 1228 3744 neem.
1247 3692 1288 3756 A;

278 3774 370 3815 neom.
390 3769 420 3825 *3
448 3774 540 3813 noem.
560 3759 643 3828 abpo
662 3760 672 3828 1)
693 3762 726 3811 10
748 3758 921 3813 liberauerat
938 3759 978 3826 11;
1001 3776 1068 3813 mun
1089 3763 1188 3814 313131
1205 3760 1288 3815 Aue

279 3830 437 3897 rell.ol18
456 3846 568 3897 quoquo
583 3831 627 3899 pil
641 3834 674 3883 11
693 3828 794 3883 faciem
813 3830 841 3885 R
857 3834 933 3899 (624,
947 3835 989 3899 5);
1008 3829 1081 3885 fecie
1100 3832 1182 3886 AGn
1200 3831 1257 3887 rell.
1273 3850 1289 3887 3

333 3936 390 3968 auo.
404 3938 436 3967 nn
450 3937 495 3968 orv.
510 3938 558 3967 1³11.
582 3928 612 3967 11.
956 3947 963 3966 ι
1042 3925 1075 3972 40
