3284 4459
723 571 728 578 ·
751 551 772 594 S.
786 551 952 595 intensam

690 821 875 889 LIBER
909 820 1014 888 XIX

766 1087 885 1154 Osann
907 1087 933 1154 L

351 1223 439 1296 Quod
461 1224 491 1281 ia
515 1220 702 1296 quaestione,
730 1232 820 1292 quam
849 1219 888 1278 de
906 1217 1021 1291 finitus
1043 1217 1189 1278 bonoram
1212 1223 1245 1278 et
1263 1219 1358 1279 maio·

311 1321 415 1372 nrum
431 1309 639 1387 philosophica
659 1308 821 1382 disputatio
845 1307 1007 1379 ventitavit,
1031 1307 1179 1366 ducentes
1201 1309 1359 1393 netopintje

457 1405 487 1458 et
508 1403 575 1458 oete
597 1402 697 1456 sectas
719 1409 783 1454 esse
801 1409 891 1470 posse
919 1392 1019 1454 Varro
1038 1395 1241 1470 perspexerit.
1301 1395 1325 1414 ''

435 1520 579 1591 Quoniam
608 1517 646 1578 de
674 1518 799 1578 civitatis
830 1518 1002 1596 utriusque,
1028 1523 1166 1578 terrenae
1188 1516 1305 1578 scilieet
1319 1525 1361 1593 „et

347 1608 498 1688 caelestis,
529 1606 636 1667 debitis
667 1604 777 1665 finibus
810 1604 951 1685 deinceps
986 1604 1059 1664 mihi
1088 1605 1173 1666 video
1204 1605 1357 1684 disputan·

348 1698 432 1759 dum:
462 1698 546 1775 prius
577 1692 747 1774 exponenda
778 1700 861 1767 sunt,
891 1701 1034 1772 quantum
1062 1695 1162 1771 operis
1185 1692 1274 1754 huius
1297 1702 1357 1767 ter·

296 1798 329 1846 10
348 1783 478 1846 minandi
506 1784 580 1843 ratio
608 1783 733 1862 patitur,
760 1790 933 1859 argumenta
956 1780 1139 1864 mortalium,
1168 1780 1276 1861 quibus
1301 1781 1360 1858 sipi

348 1875 405 1953 ipsi
428 1871 639 1932 beatitudinem
667 1870 764 1930 iacere
791 1871 824 1929 in
851 1868 940 1930 huius
968 1871 1044 1929 ritae
1067 1869 1239 1931 infelicitate
1262 1870 1359 1932 moliti

349 1969 432 2040 sunt,
462 1967 495 2020 ut
518 1958 554 2019 ab
577 1975 680 2019 eorum
703 1955 794 2017 rebus
817 1959 899 2018 vanis
922 1975 990 2038 spes
1013 1965 1115 2018 nostra
1138 1958 1209 2037 qnid
1232 1958 1360 2039 differat,

349 2067 436 2128 quam
459 2046 538 2108 Deus
566 2047 651 2106 nobis
674 2044 767 2119 dedit,
796 2052 898 2106 eires
921 2047 998 2125 ipsa,
1027 2045 1083 2106 hoe
1106 2055 1152 2106 est
1174 2064 1242 2106 vera
1265 2045 1359 2108 beati·

344 2137 430 2214 'tud0,
453 2153 540 2215 qnam
564 2132 659 2213 dabit,
682 2151 742 2194 non
765 2137 879 2194 tantum
902 2135 1077 2194 auctoritate
1101 2134 1207 2216 divina,
1230 2134 1283 2195 sed
1306 2135 1358 2196 aa·

297 2237 330 2286 15
349 2223 442 2286 hibita
470 2225 557 2284 etiam
587 2225 716 2303 ratione,
747 2220 863 2301 qualem
891 2230 1014 2301 propter
1041 2221 1176 2284 infideles
1199 2240 1360 2302 possumus

350 2312 504 2386 adhibere,
529 2310 685 2372 'clarescat
730 2308 771 2369 De
799 2309 907 2371 tinibus
935 2311 1014 2371 enim
1041 2308 1187 2371 bonorum
1216 2318 1247 2372 et
1269 2310 1360 2371 malo·

295 2404 297 2412 '
349 2420 416 2464 rum
436 2399 527 2461 multa
546 2407 577 2460 et
596 2397 797 2477 multipliciter
814 2400 894 2458 inter
912 2416 945 2459 se
963 2397 1131 2478 philosophi
1153 2397 1361 2480 disputarunt3

350 2508 437 2570 quam
468 2489 670 2567 quaestionem
698 2487 824 2546 maxima
850 2488 1015 2548 intentione
1044 2496 1197 2570 versantes
1223 2489 1361 2548 invenire

351 2579 448 2639 conati
478 2584 564 2656 sant,
591 2575 662 2654 quid
690 2575 799 2636 eiiciat
828 2574 978 2635 hominem
1007 2573 1135 2636 beatum.
1180 2573 1254 2636 Illud
1279 2578 1361 2649 enim

297 2678 332 2726 20
351 2674 398 2726 est
420 2666 487 2725 finis
505 2664 576 2724 honi
595 2665 698 2742 nostri,
721 2671 844 2742 propter
867 2662 945 2742 quod
970 2663 1132 2741 appetenda
1156 2671 1227 2724 sunt
1249 2672 1361 2740 cetera,

350 2756 448 2832 ipsum
471 2760 569 2812 antem
596 2759 719 2830 propter
736 2753 780 2810 'se
803 2753 914 2831 ipsum;
942 2758 973 2810 et
995 2749 1067 2812 illud
1090 2752 1157 2811 finis
1180 2751 1262 2833 mali,
1289 2770 1361 2831 pro·

350 2849 418 2921 pter
445 2839 523 2918 quod
551 2838 666 2898 vitanda
696 2846 765 2899 sunt
793 2847 906 2920 cetera,
934 2841 1032 2918 ipsum
1059 2848 1158 2900 autem
1179 2848 1303 2920 propter
1326 2858 1362 2902 se

350 2931 456 3008 ipsum.
502 2927 604 2988 Finem
634 2926 704 2986 honi
733 2944 805 3005 ergo
836 2945 914 2988 nnnc
942 2926 1082 3008 dicimus,
1111 2945 1170 2988 non
1199 2946 1257 3007 quo
1287 2945 1361 2989 enn-

352 3024 499 3096 sumatur·,
521 3022 556 3074 ut
578 3016 713 3095 nonsit,
734 3015 792 3074 sed
816 3033 875 3093 quo
897 3014 1082 3095 perficiatur,
1105 3024 1138 3076 nt
1160 3014 1286 3100 plenum
1304 3018 1361 3099 sit3

298 3117 332 3167 nt
352 3113 382 3166 et
405 3104 495 3186 tinem
517 3095 597 3184 mali,
621 3121 680 3163 non
705 3097 762 3182 qno
787 3120 852 3162 esse
876 3093 1004 3183 desinat,
1025 3100 1084 3176 ⁴sed
1106 3122 1165 3182 quo
1188 3095 1283 3183 nsque
1307 3111 1362 3168 nne

351 3187 630 3273 eendn'lperdacat'
672 3190 760 3258 Fines
790 3193 888 3268 itaque
911 3192 961 3252 isti
984 3200 1055 3252 sant
1076 3210 1225 3252 summum
1241 3191 1364 3254 bonnm

352 3289 384 3342 et
405 3297 553 3341 summum
577 3279 693 3339 malum.
739 3277 780 3339 De
802 3277 911 3357 quibus
933 3279 1117 3340 inveniendis
1140 3288 1228 3358 atque
1248 3282 1288 3352 in·
1303 3280 1364 3344 hae

353 3372 412 3430 vita
449 3384 564 3429 summo
601 3366 678 3426 bono
715 3365 920 3446 adipiscendo,
955 3366 1072 3428 vitando
1109 3376 1206 3429 autem
1244 3386 1363 3431 summo

352 3456 443 3534 malo,
471 3455 610 3535 muitum,
638 3452 809 3533 siceram,
836 3453 1056 3536 laboraverunt,
1087 3458 1138 3534 qui
1161 3456 1292 3517 studium
1315 3475 1363 3518 sa·

299 3559 334 3608 80
353 3547 481 3626 pientiae
500 3545 530 3604 in
550 3541 660 3603 saeculi
679 3541 766 3602 huius
785 3545 912 3603 vanitate
931 3544 1058 3623 professi
1077 3552 1159 3624 sunt3
1183 3562 1238 3605 nee
1263 3555 1363 3607 tamen

354 3651 421 3712 eos,
452 3632 585 3710 quamvis
614 3630 738 3690 diversis
766 3639 900 3690 errantes
927 3631 1037 3710 modis,
1069 3639 1192 3692 naturae
1222 3632 1307 3694 limes
1329 3636 1365 3694 in

355 3729 469 3781 tantum
498 3716 534 3777 ab
562 3718 669 3777 itinere
697 3718 828 3777 veritatis
858 3717 974 3778 deviare
997 3720 1146 3801 permisit,
1171 3729 1206 3781 ut
1229 3738 1288 3781 non
1311 3721 1364 3783 atii

354 3810 386 3868 in
409 3808 521 3884 animo,
548 3804 597 3864 alii
619 3807 650 3864 in
673 3821 811 3882 corpore,
840 3802 889 3864 aiii
911 3807 942 3865 in
966 3814 1093 3885 utroque
1117 3808 1192 3868 fines
1214 3807 1364 3870 bonarum

432 4097 558 4150 A
