3284 4459
569 508 766 550 nno1v1rnrn
779 510 835 549 nm
848 510 873 549 n.
887 510 936 549 xx„
951 510 974 550 c.
988 512 1020 551 io.
1232 496 1297 561 433

291 643 348 703 bus
371 646 424 705 ait:
447 645 483 704 Si
503 648 718 705 resurrexistis
741 662 809 704 cum
836 645 962 716 Christo,
986 662 1064 719 quoe
1086 663 1207 707 sursum
1229 654 1299 706 sunt

290 736 397 808 sepite.
452 731 547 803 Quem
582 750 702 792 sensum
731 731 830 792 verbis
859 732 923 792 eliis
955 732 1024 793 alibi
1053 736 1152 812 posuit
1183 734 1298 795 dicens:

297 822 347 895 Ut,
376 838 463 896 quem
486 824 529 881 od
550 823 669 881 modum
695 822 832 881 Christus
854 824 1029 882 resurrexit
1051 840 1071 882 a
1093 826 1219 883 mortuis
1237 840 1297 899 per

289 912 421 984 utorium
445 910 562 983 Putris,
588 912 634 969 sic
661 916 691 970 et
717 926 771 969 uos
794 913 826 970 io
849 912 982 971 novitate
1004 913 1083 970 vitae
1106 912 1297 972 ambulemus.

291 996 368 1057 Hinc
382 1006 428 1057 est
442 1006 472 1057 et
490 996 576 1058 illud:
599 996 700 1072 Suroe
718 999 772 1072 qui
793 1000 906 1058 dormis
929 1003 959 1058 et
980 1016 1098 1072 exuroe
1121 1016 1141 1059 a
1163 1003 1297 1073 mortuis,
1317 1010 1333 1058 o

292 1092 323 1146 et
340 1088 531 1146 inluminabit
548 1093 577 1146 te
599 1086 742 1146 Christus.
789 1084 874 1156 Quod
893 1093 991 1145 cirtem
1010 1085 1113 1147 dicunt
1132 1105 1191 1146 non
1210 1104 1298 1166 posse

292 1192 459 1253 resurgere,
483 1175 539 1233 nisi
563 1175 614 1251 qui
636 1173 753 1252 cadunt,
777 1182 807 1234 et
830 1173 897 1234 ideo
919 1183 1025 1251 putant
1048 1178 1298 1235 resurrectionem

292 1261 329 1321 ed
352 1280 491 1343 corpora,
513 1280 572 1321 non
597 1261 632 1321 ed
656 1264 767 1321 animes
789 1264 956 1341 pertinere,
979 1264 1048 1340 quie
1071 1280 1230 1342 corporum
1253 1271 1298 1323 est

292 1350 413 1411 cadere:
437 1368 491 1410 cur
509 1368 568 1410 non
587 1349 724 1411 etrdinnt:
747 1352 813 1411 Non
832 1353 985 1411 recedatis
1003 1351 1042 1411 uh
1062 1354 1119 1425 ilio,
1143 1369 1182 1411 oe
1205 1354 1298 1412 cudo·

292 1442 344 1512 tis,
373 1447 416 1499 et:
449 1440 510 1499 Suo
533 1440 660 1499 Domino
687 1445 748 1498 stot
775 1447 830 1498 eut
857 1441 958 1509 codit;
987 1447 1030 1499 et:
1067 1441 1126 1511 Qui
1151 1458 1184 1500 se
1209 1447 1299 1515 putot
1319 1452 1351 1499 10

291 1535 385 1601 sture,
408 1535 516 1589 cooeut
537 1545 576 1588 uc
597 1522 711 1587 cudat?
755 1526 831 1587 Puto
855 1528 933 1586 enim
958 1526 1035 1605 quod
1059 1529 1089 1587 in
1113 1529 1217 1607 anima,
1241 1545 1299 1587 non

292 1617 325 1675 in
348 1634 472 1694 corpore
495 1633 582 1675 cesus
609 1617 665 1675 iste
693 1614 840 1675 cavendus
864 1623 917 1674 cst.
964 1614 995 1674 Si
1019 1617 1109 1694 igitur
1132 1615 1300 1676 cedentium

293 1713 340 1764 cst
358 1705 548 1777 resurrectio,
572 1703 681 1764 cedunt
703 1713 802 1764 etitem
826 1711 856 1763 et
879 1705 1007 1764 animae:
1029 1704 1163 1782 proiecto
1187 1713 1217 1764 et
1239 1706 1299 1764 eni-

293 1809 357 1852 mes
379 1809 536 1869 resurgere
560 1792 757 1852 confitendum
782 1801 836 1852 est.
882 1791 967 1863 Quod
990 1800 1098 1873 eutem,
1121 1810 1189 1853 cum
1212 1792 1300 1853 dixis·

293 1888 353 1941 set:
377 1880 415 1940 Iu
433 1883 497 1940 istis
514 1882 650 1941 secunda
668 1897 749 1941 mors
767 1898 827 1941 uon
850 1881 941 1940 hehet
958 1887 1145 1956 potestatem,
1168 1881 1301 1941 adiunxit
1321 1892 1353 1940 15

294 1976 383 2046 atque
407 1969 460 2029 ait:
483 1968 546 2029 Sed
566 1975 658 2028 eruru
674 1971 849 2029 sacerdotes
868 1969 927 2028 Dei
948 1976 978 2029 et
1003 1969 1117 2029 Christi
1138 1976 1168 2030 et
1189 1987 1300 2045 reone·

294 2058 370 2117 hunt
396 2073 465 2117 cum
493 2073 527 2117 eo
554 2059 634 2117 mille
660 2058 763 2116 cunis:
790 2074 850 2117 non
874 2058 976 2134 utique
1000 2056 1036 2116 de
1061 2056 1131 2117 solis
1154 2060 1301 2136 episcopis

295 2153 326 2205 et
354 2144 536 2224 presbyteris
566 2144 677 2204 dictum
706 2151 766 2224 cst,
798 2146 850 2222 qui
876 2146 996 2223 proprie
1024 2146 1082 2204 iem
1105 2154 1247 2206 vocentur
1270 2148 1300 2205 in

294 2233 419 2293 ccclesia
438 2232 618 2312 secerdotes3
642 2231 693 2291 sed
713 2234 790 2293 sicut
812 2231 915 2292 omnes
934 2232 1063 2293 christos
1086 2231 1211 2293 dicimus
1233 2250 1301 2312 pro·

294 2331 362 2400 pter
390 2322 545 2399 mysticum
572 2320 714 2399 chrisme,
744 2322 787 2380 sic
815 2338 917 2381 omnes
946 2320 1130 2400 sacerdotes,
1163 2323 1301 2399 quoniam
1320 2334 1355 2382 20

296 2407 427 2468 membre
446 2417 515 2468 sunt
533 2411 621 2469 unius
640 2408 815 2488 secerdotis3
833 2407 869 2469 de
889 2408 996 2487 qtribus
1014 2408 1165 2487 apostolus
1178 2408 1302 2470 Petrus:

296 2499 402 2570 Picis,
432 2498 543 2577 inquit,
569 2504 693 2570 sancto,
723 2501 829 2572 recole
855 2499 1067 2558 sacerdotium.
1114 2496 1206 2577 Sene,
1233 2496 1302 2557 licet

295 2585 425 2645 breviter
444 2593 532 2662 atque
554 2593 752 2666 transeunter,
774 2587 933 2645 insinuavit
956 2602 1021 2645 esse
1039 2584 1134 2646 Deum
1151 2583 1301 2645 Christum

295 2672 436 2734 dicendo:
468 2674 649 2734 Sacerdotes
681 2675 740 2735 Dei
765 2681 796 2734 et
830 2674 955 2747 Christi,
988 2672 1044 2733 hoc
1074 2682 1119 2734 est
1146 2672 1242 2734 Patris
1272 2683 1302 2734 et

296 2761 377 2841 Fun,
404 2763 537 2840 quamvis
563 2770 686 2840 propter
715 2762 840 2821 sormam
864 2763 941 2820 servi
964 2764 1042 2822 sicut
1064 2761 1190 2822 hominis
1214 2762 1300 2844 iilius,
1319 2775 1353 2823 25

296 2852 338 2910 ito
368 2852 455 2910 etiam
482 2849 620 2909 sacerdos
643 2849 778 2910 Christus
805 2850 929 2909 ciicctus
957 2852 995 2909 sit
1022 2851 1052 2910 in
1081 2858 1234 2911 aeternum
1258 2870 1301 2911 se·

297 2938 429 2998 cundum
452 2937 585 2997 ordinem
608 2937 831 2998 Melchisedech.
879 2936 918 2996 Dc
943 2955 1000 3015 qua
1024 2956 1056 2998 re
1080 2940 1109 2998 iu
1133 2938 1189 2999 hoc
1212 2957 1302 3017 opere

297 3044 358 3087 non
381 3024 473 3085 semel
495 3024 630 3085 diximus.

366 3137 392 3201 o)
411 3133 468 3188 001.
484 3139 508 3198 e,
525 3139 547 3186 1.
584 3138 611 3201 4)
631 3132 789 3198 Bomoi.
828 3133 854 3193 ot
873 3130 942 3199 Eph.
959 3136 983 3196 s,
1000 3136 1041 3183 14.
1081 3133 1123 3198 10)
1143 3128 1227 3183 uccli.
1245 3136 1269 3197 1,
1283 3136 1306 3184 r.

294 3207 340 3275 10)
362 3204 440 3258 Rom.
466 3210 512 3272 14,
531 3210 555 3257 1.
634 3205 676 3270 11)
702 3208 724 3255 1.
749 3201 809 3255 eor,
835 3206 942 3265 1o‚12.
1018 3204 1102 3270 eut
1135 3200 1208 3254 Petr.
1233 3206 1307 3267 uo.

293 3279 340 3346 2⁷)
358 3276 401 3329 Ps.
423 3280 482 3341 109,
497 3280 521 3329 4.

367 3476 398 3523 11
414 3471 515 3524 caused
528 3469 709 3538 RAG¹n093
727 3468 824 3521 videat
840 3464 968 3535 G'ohpo
981 3466 990 3535 ΙΙ
1006 3470 1038 3517 19
1053 3464 1172 3519 christos
1187 3464 1307 3518 dicimus

293 3541 485 3611 RGrabeop
504 3544 578 3607 (211,
591 3544 644 3606 29;
661 3542 727 3604 218,
742 3543 803 3605 15);
824 3536 922 3591 chrishi
941 3535 1060 3590 dicimur
1074 3537 1114 3603 A3
1134 3532 1307 3589 Christianos

292 3612 414 3666 dicimus
432 3630 449 3667 o
466 3614 476 3681 ΙΙ
494 3617 526 3664 ut
546 3610 733 3665 melchisedec
751 3610 779 3665 R
797 3610 912 3677 itemque
929 3608 1040 3677 saepius

349 3860 405 3891 nuo.
419 3860 450 3891 nn
464 3860 511 3891 osv.
525 3860 568 3890 nm
597 3850 628 3889 IL
1060 3842 1094 3891 28
