3284 4459
356 499 423 563 516
759 511 960 556 s.aueusrnr1

357 656 407 708 tur
437 640 531 726 igni.“
573 645 634 706 Nos
661 664 732 706 vero
760 649 848 707 etiam
876 648 907 706 in
935 647 989 706 hac
1017 645 1137 724 quidem
1169 645 1284 707 mortali
1307 648 1362 706 vita

357 753 423 795 esse
447 735 587 813 quasdam
615 753 725 813 poenas
747 736 933 814 purgatorias
956 734 1147 808 confitemur,
1175 753 1234 794 non
1258 733 1364 812 quihus

357 823 536 901 ailliguntur,
560 841 687 901 quorum
706 825 765 883 vita
784 823 830 883 vel
848 841 907 883 non
926 822 994 883 inde
1014 824 1047 908 iit
1070 822 1175 883 melior
1197 821 1244 882 vel
1266 824 1364 901 potius

357 910 425 970 inde
444 911 477 970 tit
494 914 593 990 peior3
616 911 745 971 sediliis
768 919 839 971 sunt
860 912 1059 991 purgatoriae,
1081 912 1132 989 qui
1155 914 1199 972 eis
1223 910 1364 970 coherciti

322 1009 339 1058 5
358 1001 558 1077 corriguntur.
595 998 717 1059 Ceterae
736 1017 840 1059 omnes
858 1017 980 1079 poenae,
1004 1001 1066 1059 sive
1084 1000 1280 1079 temporariae
1304 1001 1363 1058 sive

358 1089 563 1167 sempiternae,
586 1088 665 1147 sicut
683 1090 887 1165 uuusquisque
911 1086 1009 1147 divina
1030 1087 1216 1166 providentia
1238 1094 1362 1147 tractan-

357 1174 414 1235 dus
437 1184 496 1255 est,
522 1175 694 1235 inseruntur
720 1174 767 1235 rel
795 1193 850 1254 pro
874 1177 1004 1253 peccatis
1028 1176 1088 1235 sire
1111 1176 1282 1254 praeteritis
1305 1176 1363 1235 sire

358 1263 388 1322 in
412 1262 520 1341 quibus
543 1262 639 1323 adhuc
661 1263 732 1323 vivit
754 1262 803 1322 ille
828 1264 879 1339 qui
902 1262 1056 1342 plectitur,
1078 1262 1124 1323 vel
1147 1281 1203 1343 pro
1227 1280 1364 1323 exercen-

358 1350 404 1410 dis
427 1350 669 1429 declarandisque
699 1350 859 1411 virtutibus
881 1368 936 1429 per
958 1350 1093 1410 homines
1117 1359 1147 1411 et
1170 1349 1289 1429 angelos
1313 1369 1364 1410 seu

307 1448 339 1498 10
357 1438 451 1498 bonos
474 1457 526 1499 seu
550 1438 650 1499 malos.
694 1436 768 1498 Nam
792 1440 848 1498 etsi
871 1439 995 1517 quisque
1019 1438 1088 1499 mali
1110 1438 1221 1517 aliquid
1244 1438 1365 1499 alterius

358 1526 535 1604 inprobitate
559 1526 604 1585 vel
627 1544 729 1586 errore
752 1528 894 1607 patiatur,
924 1534 1029 1605 peccat
1052 1524 1171 1605 quidem
1194 1526 1292 1606 homo,
1315 1530 1364 1605 qui

358 1614 404 1674 vel
433 1616 597 1693 ignorantia
630 1613 676 1674 vel
702 1616 846 1674 iniustitia
875 1616 1012 1692 cuiquam
1043 1614 1111 1674 mali
1142 1614 1251 1693 aliquid
1283 1616 1366 1693 lacit,

359 1701 411 1762 sed
434 1720 494 1763 uon
516 1710 620 1780 peccat
642 1701 734 1781 ilaus,
757 1704 808 1780 qui
831 1704 924 1781 iusto,
947 1705 1079 1780 quamvis
1102 1703 1234 1782 occulto,
1256 1703 1366 1763 iudicio

359 1789 424 1849 lieri
446 1791 524 1849 sinit.
571 1788 629 1849 Sed
658 1793 851 1867 temporarias
877 1807 988 1869 poenas
1018 1790 1066 1850 alii
1089 1792 1120 1851 in
1144 1791 1198 1851 hac
1221 1792 1281 1851 vita
1303 1801 1366 1851 tan-

307 1888 340 1937 15
359 1884 433 1957 tum,
454 1876 503 1937 alii
520 1885 588 1955 post
606 1887 742 1957 mortem,
764 1877 813 1937 alii
832 1885 862 1938 et
879 1896 959 1938 nunc
982 1886 1013 1938 et
1036 1888 1117 1958 tunc,
1140 1897 1244 1939 verum
1267 1888 1367 1939 tamen

358 1972 426 2024 ante
453 1965 596 2026 iudicium
624 1965 694 2025 illud
725 1967 945 2025 severissimum
974 1968 1227 2045 novissimumque
1250 1970 1367 2047 petiun-

358 2061 416 2113 tur.
461 2052 526 2114 Non
556 2062 654 2113 autem
683 2071 785 2113 omues
814 2056 937 2113 veniunt
963 2056 994 2114 in
1022 2056 1218 2133 sempiternas
1245 2074 1368 2137 poenaS,

358 2158 433 2220 quae
460 2149 530 2220 post
555 2141 626 2202 illud
657 2141 800 2201 iudicium
823 2151 893 2201 sunt
915 2141 1047 2221 futurae,
1075 2145 1125 2221 qui
1149 2150 1217 2222 post
1239 2151 1369 2203 mortem

358 2231 507 2289 sustinent
529 2229 712 2308 temporales.
758 2228 831 2289 Nam
855 2228 1046 2310 quibusdam,
1070 2230 1147 2308 quod
1171 2233 1202 2291 in
1226 2233 1283 2291 isto
1307 2249 1368 2291 nou

305 2328 340 2377 to
358 2319 529 2397 remittitur,
560 2319 671 2377 remitti
702 2319 732 2377 in
761 2317 862 2377 lutum
891 2316 1021 2391 saeculo,
1054 2317 1083 2377 id
1112 2326 1171 2399 est,
1203 2337 1239 2379 ne
1272 2319 1368 2379 icturi

359 2403 468 2464 saeculi
491 2412 611 2465 aeterno
635 2405 779 2484 supplicio
802 2408 972 2485 puniantur,
995 2406 1053 2465 iam
1077 2406 1327 2485 supradiximus.

748 2610 864 2677 Carus
883 2610 967 2675 XIV.

358 2739 405 2799 oe
427 2742 535 2815 poenis
560 2741 775 2815 tenporutibus
802 2741 888 2799 istius
911 2742 1003 2811 vitae,
1031 2741 1141 2818 quidus
1162 2741 1300 2801 subiecta
1323 2751 1371 2802 est

706 2829 840 2887 hamana
863 2829 1010 2887 condicto.

305 2960 341 3010 ‘25
448 2948 602 3009 Rarissimi
621 2957 690 3009 sunt
708 2958 806 3009 autem
826 2951 876 3027 qui
895 2948 989 3009 nullas
1008 2952 1038 3009 in
1058 2948 1112 3009 hac
1135 2951 1203 3030 vita,
1226 2952 1279 3012 sed
1303 2961 1371 3012 tan-

357 3046 422 3097 tum
444 3046 512 3116 post
540 3055 605 3096 eam
632 3054 741 3115 poenas
768 3037 863 3097 luunt.
908 3036 1011 3096 Fuisse
1034 3046 1132 3097 tamen
1156 3038 1285 3120 aliquos,
1317 3045 1372 3119 qui

357 3143 453 3203 usque
485 3124 521 3185 ad
551 3125 731 3203 decrepitam
760 3132 944 3185 senectutem
971 3142 1009 3184 ne
1037 3124 1215 3187 levissimam
1246 3127 1372 3206 quidem

358 3212 530 3273 febriculam
554 3215 702 3273 senserint
724 3214 913 3291 quietamque
945 3212 1084 3272 duruerint
1116 3215 1219 3294 vitam,
1250 3223 1280 3276 et
1311 3218 1373 3295 ipsi
1464 3210 1465 3215 ’

359 3302 493 3360 novimus
512 3308 543 3361 et
559 3301 737 3379 audivimus3
760 3317 937 3377 quamquam
957 3300 1014 3359 vita
1032 3302 1094 3379 ipsa
1117 3303 1286 3363 mortalium
1306 3312 1373 3365 tota
1464 3338 1465 3351 κ

425 3407 658 3474 mmmm

427 3546 440 3591 1
461 3502 634 3593 mortalitate
653 3528 708 3593 E‘⁰
728 3541 738 3608 ll
758 3538 938 3613 Sexerendis
958 3504 999 3594 ΒῙΙ
1018 3544 1095 3608 (612,
1113 3544 1145 3609 7,·
1166 3558 1257 3612 propr.
1273 3558 1302 3611 p.
1318 3548 1359 3597 16
1365 3564 1373 3609 ;

354 3608 401 3663 sed
414 3610 449 3675 cf.
460 3610 505 3663 tib.
521 3616 537 3663 1
550 3614 599 3664 c.1
614 3611 694 3676 med.)
707 3612 719 3679 fl
733 3614 766 3662 10
781 3610 967 3678 quisquemon
981 3614 1057 3677 (513,
1068 3616 1120 3678 19;
1138 3616 1275 3681 430,18);
1293 3613 1377 3682 quis-

355 3711 440 3764 quam
462 3714 478 3749 o
500 3698 509 3765 ll
532 3702 566 3749 20
588 3694 697 3749 remitti
720 3687 896 3765 marcuit
924 3696 1045 3752 remittit
1067 3716 1114 3769 e9;
1135 3698 1303 3755 -remictatur
1322 3719 1346 3770 p
1370 3703 1381 3771 ll

355 3772 388 3818 at
412 3766 607 3820 breuissimum
630 3766 745 3834 quidem
767 3781 801 3820 ac
822 3766 995 3822 lenissimam
1017 3768 1087 3823 febr.
1107 3788 1125 3825 a
1144 3772 1154 3839 ΙΙ
1174 3775 1208 3823 28
1231 3770 1287 3836 ipsi
1308 3775 1338 3825 et
1359 3790 1378 3827 o
