3284 4459
355 515 421 581 532
763 529 962 572 suuousmru

356 665 533 742 sumptionis
560 672 605 724 est
633 662 732 724 dicere
765 666 903 742 cuiquam
935 682 1039 725 eorum
1069 671 1224 725 aeternum
1254 666 1368 745 snppli-

355 754 434 811 cium
458 768 516 811 non
541 751 689 833 futurum,
717 770 791 830 quos
815 750 894 812 [leus
915 754 1012 812 ituros
1035 754 1065 811 in
1089 752 1267 831 supplicium
1292 754 1368 816 dixit

355 847 522 919 aeternum,
550 848 581 900 et
609 858 664 919 per
691 838 781 900 huius
804 842 1054 920 praesumptionis
1076 843 1301 919 persuasionem
1325 844 1367 903 la·
1469 838 1470 877 3

355 945 433 1008 cere,
455 935 491 987 ut
512 926 548 988 de
571 929 634 1007 ipsa
652 946 770 1006 quoqne
793 929 853 988 vita
874 927 921 988 rel
944 928 1120 1008 desperetur
1143 928 1189 989 vel
1212 928 1369 994 dubitetur

320 1023 483 1075 taeterna.
1469 1060 1470 1099 3

443 1102 535 1163 Nemo
554 1105 654 1182 itaque
677 1106 720 1163 sic
744 1103 895 1182 intellegat
917 1103 1063 1184 psalmum
1081 1113 1251 1167 canentem:
1275 1109 1367 1168 Num·
1469 1140 1470 1151 ἱ

355 1194 432 1266 quid
447 1193 640 1253 obliuiscetur
657 1194 799 1253 misereri
814 1193 906 1267 Deus,
929 1199 985 1253 aut
1002 1195 1168 1255 continebit
1185 1198 1217 1254 in
1237 1198 1286 1256 ira
1309 1215 1368 1257 suu

355 1282 564 1340 eniserutiones
580 1282 679 1340 suas?
701 1289 735 1340 ut
753 1282 892 1359 opinetur
910 1279 947 1340 de
965 1280 1134 1341 hominibus
1153 1279 1239 1342 bonis
1257 1302 1368 1364 veram,
1417 1292 1420 1299 ⁴

355 1366 392 1427 de
416 1367 500 1428 malis
523 1366 638 1447 salsam,
660 1375 711 1427 aut
734 1367 770 1427 de
793 1366 879 1427 honis
902 1367 1072 1430 hominihus
1095 1378 1126 1429 et
1147 1369 1231 1430 malis
1255 1372 1368 1450 angelis

306 1467 338 1515 ιο
356 1474 469 1537 veram,
497 1455 533 1515 de
562 1455 645 1515 malis
673 1464 771 1515 antem
798 1454 968 1516 hominibus
996 1456 1097 1517 ialsam
1124 1456 1177 1517 Dei
1205 1477 1270 1520 esse
1300 1479 1368 1521 sen-

356 1546 488 1604 tentiam.
532 1542 595 1603 Hoc
625 1545 718 1623 enirn,
747 1542 826 1623 quod
854 1546 896 1605 ait
921 1544 1064 1625 psalmus,
1092 1545 1128 1605 ad
1156 1564 1222 1605 vasa
1252 1550 1368 1610 miseri·

356 1630 474 1691 cordiae
503 1633 634 1710 pertinet
663 1638 693 1691 et
722 1631 757 1691 ad
788 1630 863 1691 lilios
892 1635 1115 1713 promissionis,
1145 1652 1272 1712 quorum
1304 1646 1371 1698 erat

356 1737 435 1780 unus
467 1721 556 1780 etiam
582 1720 647 1798 ipse
674 1720 832 1799 propheta,
866 1722 917 1798 qui
945 1738 1014 1781 eum
1045 1721 1180 1783 dixisset:
1213 1724 1372 1800 Numquid

357 1808 550 1869 obliuiscetur
581 1810 724 1868 misereri
752 1809 835 1869 Deus
867 1816 922 1869 uut
957 1811 1122 1870 continebit
1153 1814 1185 1871 in
1224 1815 1274 1872 ἱνα
1310 1832 1370 1874 suu

304 1907 339 1956 15
357 1898 565 1958 miserationes
582 1897 677 1956 suas?
699 1898 840 1956 continuo
860 1894 999 1958 subiecit:
1021 1898 1062 1957 Et
1084 1899 1165 1959 dici:
1188 1900 1277 1961 Nunc
1300 1918 1370 1963 eoe-

353 1987 401 2060 pi,
430 1986 508 2045 duee
530 1991 576 2046 est
597 1985 755 2045 inmutatio
783 1988 931 2045 dexterae
953 1984 1085 2046 Encelse'.
1131 1984 1275 2066 Exposuit
1299 2008 1370 2069 pro·
1469 2018 1470 2027 ¹

358 2074 435 2133 lecto
458 2072 528 2151 quid
552 2071 672 2132 dixerit:
700 2072 856 2148 Numquid
881 2075 1047 2134 continebit
1072 2076 1105 2135 in
1127 2078 1178 2135 ἱνα
1200 2094 1258 2136 suu
1280 2080 1369 2139 mese·

357 2164 494 2222 rationes
510 2162 605 2221 sues?
640 2156 687 2219 lra
710 2161 790 2221 enim
808 2160 862 2220 Dei
884 2170 931 2221 est
953 2163 1042 2221 etiam
1064 2164 1121 2222 ista
1143 2165 1203 2223 vita
1225 2166 1371 2248 mortalis,

357 2248 410 2309 ubi
438 2248 526 2308 homo
562 2250 686 2309 vanitati
722 2249 828 2310 similis
866 2251 960 2311 iactus
997 2260 1054 2332 est:
1093 2251 1156 2312 dies
1189 2254 1253 2312 eius
1287 2252 1373 2315 velut

306 2348 340 2397 20
358 2336 463 2398 umbra
491 2342 691 2416 praetereunt.
735 2335 769 2396 ln
800 2354 857 2414 qua
887 2346 986 2397 tamen
1018 2340 1062 2397 ira
1093 2356 1153 2397 non
1184 2338 1373 2403 obliviscitur

359 2426 494 2486 misereri
516 2423 604 2504 lleus,
626 2422 761 2484 iaciendo
784 2424 877 2484 solem
901 2443 987 2484 suum
1011 2428 1084 2485 oriri
1107 2444 1198 2506 super
1220 2428 1315 2490 bonos
1339 2440 1372 2491 et

358 2514 450 2574 malos
482 2519 512 2572 et
542 2510 671 2591 pluendo
703 2530 794 2591 super
821 2514 916 2572 iustos
945 2520 975 2601 et
1002 2514 1144 2596 iniustos,
1174 2533 1208 2575 ac
1236 2519 1280 2577 sic
1307 2536 1371 2579 non

359 2603 492 2662 continet
513 2600 544 2659 in
571 2602 615 2659 ira
643 2617 696 2660 sua
724 2602 929 2660 miserationes
953 2619 1035 2683 suas3
1060 2604 1244 2683 maximeque
1268 2607 1299 2665 in
1323 2624 1372 2688 eo,

360 2688 438 2767 quod
466 2689 613 2766 expressit
640 2686 687 2747 hie
714 2687 845 2766 psalmus
873 2687 1011 2751 dicendo:
1043 2689 1132 2752 Nunc
1161 2694 1259 2769 coepi,
1291 2695 1374 2756 duee

306 2786 340 2834 25
359 2783 404 2838 est
427 2778 583 2835 inmutatio
606 2778 754 2837 dexterae
776 2776 913 2857 Eeeelm',
941 2779 1081 2856 quoniam
1103 2780 1134 2839 in
1157 2778 1212 2840 hac
1234 2783 1298 2861 ipsa
1321 2801 1372 2843 ae·

359 2864 583 2924 rumnosissima
611 2864 683 2944 vita,
711 2881 785 2941 quae
813 2865 857 2923 ira
885 2862 939 2924 Dei
965 2873 1024 2946 est,
1050 2884 1119 2926 vasa
1148 2870 1371 2931 misericordiae

360 2959 454 3013 mutat
485 2950 515 3010 in
547 2946 668 3031 melius,
700 2953 833 3029 quamvis
861 2950 957 3012 adhue
986 2952 1017 3012 in
1048 2952 1137 3014 lruius
1167 2960 1372 3036 corruptionis

361 3041 478 3100 miseria
498 3046 613 3098 maneat
631 3039 674 3098 ira
693 3041 766 3120 eius,
789 3041 858 3118 quia
877 3057 933 3099 nee
956 3041 986 3099 in
1008 3042 1073 3119 ipsa
1095 3044 1138 3102 ira
1162 3061 1214 3104 sua
1237 3048 1375 3108 continet

362 3130 566 3188 miserationes
585 3144 662 3186 suas.
698 3126 773 3186 Cum
792 3145 863 3205 ergo
882 3128 939 3188 isto
963 3125 1049 3188 modo
1073 3130 1256 3210 compleatur
1278 3131 1373 3196 divini

309 3227 343 3275 30
361 3215 441 3276 illius
463 3216 571 3275 cantici
593 3216 713 3287 veritas,
741 3232 801 3275 nou
830 3222 876 3275 est
898 3233 963 3276 eam
987 3234 1108 3277 necesse
1133 3213 1230 3279 etiam¹
1243 3220 1303 3282 illic
1326 3224 1373 3283 in·

361 3302 473 3384 tellegi,
500 3302 551 3363 ubi
574 3316 636 3361 'non
665 3304 849 3380 pertinentes
877 3303 912 3363 ad
941 3304 1089 3366 civitatem
1112 3304 1166 3367 liei
1188 3310 1374 3389 sempiterno

362 3391 506 3471 supplicio
528 3390 699 3470 punientur.
745 3386 803 3449 Sed
832 3389 940 3468 quihus
963 3390 1060 3470 placet
1082 3394 1168 3453 istam
1192 3400 1373 3459 sententiam

429 3509 639 3577 s)1>a.ro‚1o.
682 3510 725 3577 16)
743 3507 784 3561 ib.
802 3514 844 3561 11.
887 3512 931 3579 ao)
949 3508 993 3563 Pe.
1014 3515 1074 3576 143,
1090 3517 1113 3564 e.
1156 3514 1200 3580 m)
1220 3510 1269 3564 Mt.
1289 3516 1376 3577 nes.

431 3654 516 3703 tona
533 3649 755 3718 om.blleet16
772 3648 1035 3717 misericordiane:
1053 3650 1378 3721 ulteroiocoetinmp¹l

360 3723 393 3773 tt
412 3734 464 3772 suu
480 3736 530 3774 orn.
546 3717 608 3774 A‘b
625 3721 635 3788 ll
654 3722 686 3772 19
705 3718 766 3772 dies
780 3721 935 3791 RAnepp3
955 3722 984 3774 et
1002 3721 1092 3777 diosc
1109 3722 1119 3791 l
1137 3727 1171 3775 20
1190 3721 1376 3777 obliuiscetur

359 3806 400 3858 pp
417 3792 426 3857 ,l
444 3794 479 3842 28
498 3795 524 3844 et
536 3806 566 3858 p.
583 3791 676 3854 533,4
694 3803 746 3841 suu
763 3804 813 3843 orn.
829 3790 872 3855 A‚·
890 3791 925 3857 ef.
941 3794 994 3845 523

307 4084 477 4151 A
