3284 4459
351 525 416 589 228
648 562 651 567 <
759 537 780 577 s.
795 536 960 578 auousrnu

351 675 436 735 valet.
481 671 545 732 Non
569 674 648 732 enim
667 670 776 732 Christi
799 673 901 751 ipsius,
926 671 1004 748 quod
1029 679 1075 731 est
1097 679 1185 750 eaput
1208 670 1360 752 eeclesiae,

351 769 473 842 possent
501 762 627 821 inveniri
657 759 716 820 ulla
745 769 879 839 peecata,
907 777 982 837 quiae
1011 777 1086 838 opus
1114 768 1194 819 esset
1223 759 1360 820 humanis

352 848 589 929 correptionibus
609 857 723 908 servata
741 847 943 908 misericordia
964 847 1103 908 divinitus
1122 846 1288 928 coherceri3
1307 848 1360 908 seri

352 940 466 999 ineius
485 955 609 1016 corpore
629 934 831 1009 aemembris,
855 935 933 1014 qnod
956 935 1084 1014 populus
1107 938 1172 996 eius
1195 943 1249 997 est.
1291 935 1360 996 ideo

318 1030 383 1087 oin
415 1025 491 1086 libro
529 1043 701 1104 regnorum:
738 1026 890 1099 imquitas
928 1028 993 1084 eius
1026 1023 1149 1104 dieitur3
1185 1025 1216 1084 in
1249 1024 1361 1103 psalmo

352 1123 465 1175 autem:
495 1115 642 1175 Filiorum
665 1117 748 1184 eius;
774 1122 807 1173 ut
830 1111 1034 1191 intellegamus
1058 1111 1094 1172 de
1118 1114 1182 1190 ipso
1206 1112 1264 1172 diei
1288 1130 1361 1191 quo-

353 1203 419 1263 dam
441 1202 542 1282 modo,
570 1201 649 1280 quod
672 1201 708 1261 de
732 1203 797 1261 eius
820 1213 945 1279 corpore
969 1200 1086 1260 dieitur.
1132 1200 1258 1279 Propter
1282 1201 1362 1279 quod

353 1294 441 1352 etiam
464 1293 527 1370 ipse
551 1289 588 1349 de
611 1289 705 1369 eaelo,
733 1306 801 1349 oum
825 1305 933 1367 eorpus
957 1291 1034 1367 eius,
1064 1288 1142 1366 quod
1167 1297 1237 1348 sunt
1259 1289 1361 1349 fideles

354 1382 430 1452 eius,
451 1378 558 1438 Saulus
577 1384 820 1456 persequeretur:
844 1378 945 1450 Saule,
967 1377 1072 1456 inquil,
1096 1378 1196 1450 Saule,
1219 1381 1297 1453 quid
1315 1396 1363 1438 me

303 1481 336 1529 io
352 1469 564 1545 persequeris?
614 1465 724 1526 Deinde
758 1467 789 1525 in
825 1463 1076 1542 consequentibns
1108 1465 1225 1544 psalmi:
1258 1467 1363 1541 Neque
1461 1529 1462 1554 ξ

354 1558 480 1628 nocebo,
507 1555 618 1633 inquit,
646 1557 678 1612 in
700 1554 831 1614 ueritate
851 1570 930 1626 rneu,
959 1570 1056 1628 neque
1074 1553 1248 1630 profanabo
1271 1562 1362 1615 lestu-

354 1651 485 1704 mentum
515 1659 628 1713 meum,
661 1649 690 1702 et
716 1659 795 1716 quae
818 1644 992 1716 procedunt
1017 1642 1057 1702 de
1083 1643 1171 1702 lobiis
1199 1645 1272 1704 meis
1301 1660 1363 1704 non

355 1732 532 1807 reprobabo.
579 1731 677 1790 Semel
698 1732 802 1789 iuraui
823 1733 854 1789 in
877 1737 983 1790 saneto
1006 1747 1087 1803 rneo,
1110 1733 1138 1790 si
1159 1731 1261 1790 Dauid
1282 1748 1362 1792 men·

355 1823 435 1889 liur;
462 1817 492 1878 id
521 1826 579 1898 est,
609 1835 794 1896 nequaquam
818 1816 907 1876 David
931 1819 1065 1876 mentiar.
1112 1816 1194 1879 Solet
1216 1821 1294 1879 enim
1319 1822 1364 1879 siu

305 1920 337 1968 15
356 1907 436 1984 loqui
459 1908 614 1984 scriptura.
660 1905 737 1975 Quid
765 1914 863 1965 autem
894 1922 953 1964 non
977 1908 1149 1984 mentiatur,
1177 1905 1309 1984 adiungit
1332 1915 1365 1968 et

356 1995 439 2055 dicit:
463 1995 569 2055 Sernen
592 1997 656 2055 eius
679 1997 710 2053 in
734 2001 891 2054 aeternum
913 2002 1030 2064 manet;
1056 2000 1088 2054 et
1108 1997 1194 2055 sedes
1216 1998 1281 2056 eius
1303 1999 1364 2056 sie··
1462 1985 1463 2012 ³

355 2091 390 2144 ut
417 2087 464 2144 sol
491 2087 523 2142 in
552 2090 713 2158 conspeetu
742 2099 819 2154 meo,
849 2088 878 2142 et
899 2085 980 2142 sieut
1001 2085 1076 2142 lerna
1093 2081 1234 2158 perfecta
1258 2087 1289 2144 in
1312 2101 1363 2144 ae·

356 2178 484 2250 ternum,
506 2177 537 2232 et
558 2174 642 2231 testis
664 2173 695 2230 in
718 2173 803 2231 eaelo
823 2172 931 2242 fidelis.

770 2391 888 2461 (ieeur
906 2394 947 2460 X,

304 2538 337 2586 20
361 2527 457 2597 Qum
486 2525 608 2583 diuersa
635 2529 707 2583 ectu
733 2525 794 2583 sint
820 2524 852 2582 in
880 2540 974 2597 repno
1004 2529 1147 2584 terrenae
1173 2524 1365 2586 Hierusalem

357 2615 396 2673 ab
423 2613 483 2685 liis,
506 2629 585 2686 puae
604 2612 789 2686 promiserat
810 2611 904 2684 Deus,
934 2618 968 2670 ut
990 2613 1216 2686 intelleperetur
1235 2617 1363 2688 prornis-

427 2702 520 2760 sionis
542 2702 656 2759 ueritas
678 2700 722 2758 ad
742 2701 870 2759 oilerius
893 2702 975 2772 repis
997 2706 1028 2759 et
1049 2702 1139 2774 requi
1158 2703 1288 2774 aloriarn

775 2790 940 2862 pertinere.

446 2909 517 2969 Post
535 2908 607 2968 haee
630 2917 727 2968 tantae
747 2911 951 2986 promissionis
975 2909 1150 2970 validissima
1173 2911 1366 2993 firmamenta,

305 3013 339 3060 25
360 3017 396 3059 ne
419 3005 596 3076 putarentur
619 2999 649 3056 in
674 2995 828 3057 Salomone
852 2996 1010 3077 completa,
1040 3005 1189 3077 tamquam
1212 2999 1241 3059 id
1265 3018 1364 3079 spera-

359 3095 520 3146 returnar
544 3087 741 3144 inveniretur:
777 3085 818 3145 Tu
842 3103 927 3158 nero,
955 3088 1065 3165 inquit,
1091 3091 1252 3164 reppulisti
1272 3096 1302 3150 et
1324 3093 1369 3150 ad

359 3177 485 3235 nihilum
512 3175 678 3246 deduxisti,
709 3173 844 3234 Domine.
890 3171 953 3233 llos
981 3176 1089 3252 quippe
1117 3174 1227 3236 laetum
1256 3185 1301 3236 est
1329 3177 1366 3236 de

359 3280 451 3341 regno
482 3260 646 3321 Salomonis
678 3263 708 3320 in
737 3263 866 3339 posteris
896 3263 960 3321 eius
990 3279 1084 3340 usque
1116 3261 1150 3321 ad
1181 3267 1367 3334 eversionem

358 3352 453 3429 ipsius
485 3357 620 3409 terrenae
653 3347 855 3428 Hierusalem,
891 3367 966 3428 quae
999 3350 1082 3427 regni
1115 3351 1248 3411 eiusdem
1279 3353 1367 3414 sedes

308 3452 341 3500 30
361 3438 429 3518 luit,
452 3445 483 3498 et
504 3438 629 3497 maxime
652 3438 746 3515 ipsius
769 3436 870 3515 templi
894 3436 1003 3516 labem,
1026 3437 1104 3515 quod
1129 3440 1224 3499 luerat
1247 3458 1263 3500 a
1287 3439 1368 3500 Salo·

432 3592 477 3658 10)
494 3589 555 3642 Acie
576 3593 600 3653 9,
619 3593 646 3640 4.
683 3590 727 3656 14)
745 3587 790 3641 Ps.
809 3592 853 3652 88,
871 3594 907 3641 34
926 3606 986 3656 sqq.
1025 3594 1069 3658 18)
1087 3589 1120 3642 V.
1140 3597 1173 3644 37
1193 3609 1232 3660 sq.

435 3711 573 3719 -..---ι-

435 3791 467 3841 16
485 3787 581 3839 munet
599 3784 776 3855 RAFQ
795 3783 921 3837 manebit
939 3747 1023 3851 abpu
1041 3781 1285 3855 (μένει-μενεῑῖ)
