3284 4459
325 442 390 506 486
735 456 756 496 s.
770 456 935 498 Auousauvr

414 589 519 650 Nullus
541 591 631 668 igitur
654 590 699 651 vel
722 600 809 670 negat
832 591 878 651 vel
901 590 1015 652 dubitat
1037 610 1091 670 per
1115 592 1266 652 Christum
1290 592 1333 653 le·

326 697 392 740 sum
414 678 485 758 tale,
509 678 593 755 quale
617 681 681 739 istis
705 682 798 739 saeris
820 679 928 741 litteris
951 682 1186 759 praenuntiatur,
1209 683 1333 741 novissi·

326 786 407 829 mum
430 767 563 827 loturum
587 785 652 827 esse
675 766 830 847 iudicium,
862 770 918 828 nisi
941 770 992 846 qui
1015 767 1127 828 eisdem
1151 768 1260 828 litteris
1283 788 1333 828 ne-

326 858 387 917 soio
412 873 469 934 qua
495 854 660 915 incredibili
689 858 873 917 animositate
906 874 958 916 seu
981 857 1122 916 caecitate
1146 874 1206 915 non
1230 857 1334 937 credit,

291 955 401 1023 equae
433 946 491 1003 iam
518 944 670 1004 veritatem
702 962 786 1004 suam
813 942 880 1003 orbi
907 944 1145 1004 demonstravere
1176 952 1334 1005 terrarum.

326 1033 359 1093 ln
383 1032 431 1092 illo
454 1035 553 1110 itaque
576 1032 686 1091 iudicio
709 1032 754 1093 vel
777 1034 856 1092 circa
878 1032 950 1092 illud
974 1032 1115 1092 iudicium
1140 1032 1194 1093 has
1217 1051 1267 1092 res
1290 1033 1333 1092 di·

326 1120 451 1181 dicimus
479 1138 544 1181 esse
574 1129 729 1192 venturas,
760 1120 865 1183 Helian
895 1119 1072 1200 Thesbiten,
1100 1121 1188 1180 iidem
1212 1119 1333 1181 ludaeo-

326 1226 406 1288 rum,
432 1208 647 1270 Antichristum
674 1217 916 1288 persecuturum,
943 1207 1093 1269 Christum
1124 1208 1335 1289 iudicaturum,

326 1306 512 1358 mortuorum
534 1298 796 1370 resurrectionem,
827 1296 974 1356 bonorum
997 1296 1200 1375 malorumque
1224 1297 1333 1357 direm-

275 1397 307 1444 10
325 1387 465 1465 ptionem,
488 1385 590 1444 mundi
610 1384 867 1463 conflagrationem
887 1384 1079 1463 eiusdemque
1103 1388 1324 1445 renovationem

326 1474 407 1545 Quae
440 1476 536 1532 omnia
569 1472 688 1551 quidem
719 1481 843 1534 ventura
875 1491 941 1533 esse
973 1472 1155 1534 credendum
1187 1483 1247 1553 est;
1281 1474 1334 1533 sed

326 1560 552 1640 quibusmodis
581 1570 611 1621 et
638 1579 696 1639 quo
720 1561 823 1621 ordine
846 1563 977 1642 veniant,
1005 1563 1096 1640 magis
1119 1570 1192 1621 tunc
1216 1561 1335 1623 docebit

325 1668 427 1710 rerum
459 1651 655 1728 experientia,
687 1667 774 1727 quam
805 1668 884 1709 nunc
917 1650 951 1710 ad
983 1650 1149 1728 perlectum
1180 1650 1334 1711 hominum

325 1737 524 1815 intellegentia
557 1736 632 1797 valet
664 1739 814 1816 consequi.
860 1736 1004 1797 Existimo
1037 1746 1134 1798 tamen
1163 1756 1199 1797 eo
1229 1756 1288 1817 quo
1317 1758 1335 1799 a

274 1837 306 1884 15
326 1844 373 1886 me
397 1834 624 1885 commemorata
647 1833 716 1885 sunt
738 1825 842 1886 ordine
866 1844 932 1885 esse
956 1834 1087 1885 ventura.

414 1911 478 1973 Duo
496 1912 582 1973 nobis
601 1912 636 1972 ad
655 1913 711 1973 boc
730 1932 805 1993 opos
824 1916 1009 1992 pertinentes
1032 1914 1139 1992 reliqui
1162 1922 1232 1975 sunt
1255 1914 1334 1994 libri,

325 2011 359 2063 ut
381 2002 535 2062 adiuvante
559 2000 682 2061 nomino
710 2004 855 2079 promissa
883 2001 1095 2081 compleamus,
1126 2020 1252 2079 quorum
1277 2007 1335 2064 erit

325 2109 403 2153 unus
427 2091 462 2151 de
486 2088 629 2149 melorum
657 2090 814 2169 supplicio,
842 2090 916 2149 alius
944 2091 981 2149 de
1009 2090 1148 2150 felicitate
1171 2093 1334 2171 iustorum;

324 2181 356 2239 in
379 2178 487 2258 quibus
511 2180 644 2258 maxime,
667 2180 744 2238 siout
762 2177 841 2237 Deus
864 2178 1025 2258 donaverit,
1049 2188 1221 2256 argumenta
1245 2178 1334 2239 relel-

272 2277 306 2327 20
324 2267 423 2328 lentur
446 2267 586 2346 bumana,
615 2284 689 2344 quae
713 2274 815 2326 eontra
837 2266 986 2344 praedicta
1011 2284 1045 2326 ac
1068 2268 1212 2345 promissa
1235 2266 1335 2327 divina

325 2358 474 2436 sapienter
497 2353 554 2415 sibi
572 2357 673 2415 miseri
691 2353 797 2413 rodere
821 2355 960 2414 videntur
983 2362 1013 2413 ot
1036 2353 1163 2415 salubris
1186 2354 1254 2415 ndei
1278 2374 1333 2415 nu·

324 2447 463 2505 trimenta
490 2443 570 2503 velot
602 2442 674 2503 lalsa
705 2452 735 2501 et
766 2442 889 2503 ridenda
922 2450 1124 2502 contemnunt.
1171 2442 1228 2513 Qui
1261 2462 1333 2502 vero

325 2532 488 2592 secundum
506 2529 600 2591 Deum
619 2533 745 2609 sapiunt,
769 2532 910 2609 omnium,
934 2547 1008 2609 quae
1028 2530 1212 2590 incredibilia
1233 2531 1333 2592 viden·

324 2630 374 2680 tur
401 2618 570 2679 hominibus
603 2629 633 2680 et
660 2628 757 2679 tamen
786 2620 943 2698 scripturis
971 2621 1093 2699 sanetis,
1122 2637 1246 2697 quarum
1274 2622 1334 2679 iam

273 2719 306 2766 25
325 2709 433 2767 veritas
456 2704 557 2767 multis
585 2706 680 2766 modis
708 2706 824 2767 adserta
848 2715 906 2787 est,
939 2708 1142 2789 continentur,
1172 2709 1334 2767 marimum

325 2803 530 2875 argumentum
564 2803 666 2855 tenent
697 2813 831 2855 veracem
863 2792 916 2855 Dei
948 2797 1209 2873 omnipotentiam,
1240 2813 1332 2873 quem

325 2892 439 2944 certum
472 2881 581 2942 habent
613 2882 693 2942 nullo
725 2883 812 2942 modo
846 2884 876 2943 in
910 2884 953 2943 eis
984 2884 1116 2960 potuisse
1152 2886 1270 2944 mentiri
1303 2894 1336 2944 et

324 2990 411 3052 posse
435 2972 532 3031 lacere
555 2969 634 3049 quod
657 2970 829 3049 inpossibile
852 2978 898 3032 est
920 2970 1039 3030 infideli.

372 3251 374 3255 ι
394 3224 409 3271 6
429 3218 547 3271 dicimus
566 3218 599 3271 be
617 3218 626 3286 ll
646 3222 660 3269 7
679 3216 773 3269 helian
788 3218 816 3271 A
831 3218 877 3283 (cf.
892 3219 957 3282 478,
971 3219 1034 3283 29l3
1054 3214 1147 3269 Eliam
1162 3233 1178 3271 u
1195 3218 1205 3286 ΙΙ
1225 3221 1257 3269 23
1277 3233 1339 3269 om·

320 3290 401 3355 ,nium
419 3306 465 3355 ους
484 3288 577 3342 omnia
595 3287 800 3357 Raeaaopp

722 3538 935 3547 ——.-—.-..-.
