3284 4459
320 490 414 560 ι4430
759 504 780 545 s
794 502 958 546 auausmm

349 640 420 719 dici3
450 640 501 699 sed
532 639 618 699 sedes
647 641 885 718 praepositorum
912 647 942 699 ct
967 640 1026 717 ipsi
1053 639 1215 717 praepositi
1242 636 1356 697 intelle·

348 728 436 805 gendi
455 735 534 807 sunt,
556 745 611 806 per
630 744 704 805 quos
727 745 807 788 nunc
826 728 951 788 ecclesie
974 726 1164 806 gubernatur.
1211 724 1357 787 Iudicium

348 823 447 875 autem
476 814 578 875 datum
605 813 719 875 nullum
749 815 855 876 melius
878 814 1082 894 accipiendum
1105 814 1235 895 videtur,
1268 832 1357 892 quam

349 904 379 964 id
409 903 487 982 quod
521 904 632 964 dictum
665 911 723 964 cst:
759 906 845 977 Quae
872 907 1040 980 licaverint
1068 906 1101 964 in
1130 910 1230 978 terre,
1259 906 1357 977 licata

313 1000 440 1053 serant
469 1001 501 1053 et
530 996 561 1053 t‘n
589 995 692 1063 eaelo;
723 1000 754 1053 et
779 1010 860 1067 quae
886 995 1035 1053 colueritis
1062 994 1094 1052 t‘n
1124 999 1225 1072 terra,
1255 994 1357 1052 solute

349 1088 440 1142 erum
461 1087 492 1142 et
513 1084 545 1142 in
567 1084 660 1141 caelo.
705 1078 789 1141 Unde
812 1080 976 1159 apostolus:
1004 1082 1085 1153 Quid
1106 1082 1184 1141 enim
1207 1081 1283 1139 mibi
1303 1087 1357 1152 est,

349 1171 458 1250 inquit,
485 1171 523 1231 de
545 1172 607 1242 bis,
630 1168 782 1244 praeforis
802 1176 885 1244 sent,
915 1171 1075 1231 iudicare?
1120 1170 1226 1229 Nonne
1249 1170 1287 1228 de
1309 1169 1358 1228 bis

348 1261 403 1332 qui
423 1260 504 1319 intus
525 1263 597 1319 cent
618 1274 669 1319 voc
692 1260 855 1318 iudicatae?
900 1258 942 1318 Et
962 1261 1091 1337 animae,
1113 1258 1219 1335 inquit,
1242 1259 1357 1317 occaso

348 1363 417 1405 rem
440 1353 569 1423 propter
595 1348 795 1407 testimonium
822 1346 892 1407 Iesu
920 1353 951 1407 et
973 1354 1101 1422 propter
1129 1346 1255 1406 uerbum
1281 1345 1359 1416 Dei,-

299 1447 331 1494 ιο
349 1433 525 1494 subauditur
552 1433 630 1512 quod
658 1442 760 1512 postca
788 1434 924 1496 dicturus
951 1442 1010 1495 est:
1042 1434 1261 1509 Repnaeeraat
1287 1450 1358 1494 cem

350 1523 420 1583 Iesu
442 1526 523 1583 mille
544 1525 651 1593 annm
677 1524 791 1582 animae
818 1523 932 1583 scilicet
959 1530 1121 1601 martyrum
1144 1520 1275 1582 nondum
1299 1521 1358 1582 sibi

350 1609 526 1689 corporibus
561 1612 624 1670 suis
655 1609 787 1671 redditis.
832 1609 936 1689 Neque
972 1613 1051 1671 enim
1087 1613 1204 1689 piorum
1242 1612 1358 1670 animae

349 1707 534 1759 mortuorum
563 1707 738 1777 separantur
765 1698 802 1759 ab
829 1699 967 1779 ecclesia,
995 1717 1069 1777 quae
1096 1716 1175 1759 nunc
1198 1699 1286 1759 ctiam
1309 1706 1359 1759 est

349 1804 475 1864 regnum
493 1784 611 1847 Christi.
657 1786 792 1865 Alioquin
816 1805 872 1848 nec
895 1788 931 1847 ad
955 1786 1045 1847 altare
1068 1786 1121 1847 Dei
1144 1787 1229 1847 tieret
1252 1804 1357 1846 eorum

235 1906 240 1915 ·
297 1888 330 1936 15
349 1876 491 1934 memoria
513 1877 545 1934 in
572 1877 837 1936 communicatione
860 1878 994 1955 corporis
1017 1874 1139 1955 Christi3
1167 1892 1223 1935 nec
1245 1874 1357 1952 aliquid

349 1963 505 2042 prodesset
523 1962 558 2023 ad
577 1966 642 2023 cius
661 1962 839 2042 baptismum
857 1966 888 2024 in
911 1963 1051 2043 periculis
1075 1981 1206 2043 currere,
1230 1980 1267 2023 ne
1291 1965 1357 2023 siue

348 2050 399 2112 illo
428 2052 546 2112 finiatur
574 2051 647 2112 baec
674 2054 744 2131 ritn3
774 2057 830 2112 nec
859 2052 893 2113 ad
918 2052 1201 2132 reconciliationem,
1230 2053 1255 2111 si
1278 2051 1357 2111 sorte

349 2158 403 2219 per
422 2142 630 2219 paenitentiam
650 2140 789 2200 malamve
807 2142 1018 2201 conscientiam
1043 2142 1167 2218 quisque
1191 2139 1227 2199 ab
1251 2139 1358 2199 codem

350 2246 475 2307 corpore
506 2237 660 2307 separatus
692 2237 746 2289 est.
792 2227 852 2289 Gur
884 2231 963 2289 enim
993 2229 1068 2289 fiunt
1097 2232 1169 2309 ista,
1201 2229 1257 2287 nisi
1287 2230 1358 2306 quia
1469 2215 1470 2231 ¹

297 2330 331 2379 20
350 2316 451 2377 fideles
474 2319 561 2377 etiam
585 2317 718 2377 defuncti
745 2316 876 2376 uncmbra
899 2326 970 2377 sunt
992 2312 1078 2378 eius?
1123 2316 1261 2387 Quamvis
1285 2334 1358 2394 ergo

349 2423 418 2466 cum
445 2407 507 2465 suis
535 2404 711 2484 corporibus
738 2404 883 2486 nondum,
909 2406 967 2465 iam
994 2414 1092 2465 tamen
1116 2423 1219 2465 corum
1242 2406 1358 2465 animae

350 2502 474 2572 regnant
503 2511 571 2554 cum
598 2493 662 2573 iilo,
689 2493 759 2554 dum
787 2496 838 2554 isti
860 2495 929 2553 anni
953 2493 1029 2553 mille
1053 2493 1225 2553 decurrunt.
1271 2490 1357 2553 Unde

349 2584 380 2641 in
403 2581 459 2640 boc
483 2580 587 2641 eodem
610 2580 685 2641 libro
710 2591 739 2642 et
762 2581 831 2642 alibi
852 2581 973 2660 legitur:
995 2583 1085 2642 Beati
1107 2583 1303 2657 mortuique·
1324 2583 1359 2643 ἐπ

350 2670 477 2729 Domino
503 2672 685 2730 moriuntur.
730 2670 846 2728 Amodo
872 2672 962 2730 etiem
985 2672 1061 2732 dicit
1082 2671 1228 2749 Spiritus,
1251 2678 1286 2730 et
1307 2688 1356 2730 re·

297 2768 331 2818 25
349 2760 509 2832 patescent
529 2774 550 2818 a
572 2757 727 2818 laboribus
748 2761 829 2829 suec·
851 2775 922 2819 nam
944 2775 1038 2834 opere
1061 2775 1165 2819 eorum
1187 2767 1359 2833 sequentur

350 2862 409 2906 eos.
453 2845 567 2923 Regnat
593 2846 694 2922 itaque
726 2863 792 2905 cum
822 2844 939 2906 Christo
967 2864 1046 2906 nune
1073 2848 1202 2925 primum
1231 2846 1358 2907 ccclesia

350 2937 381 2995 in
403 2934 477 2993 vivis
499 2941 530 2993 et
551 2935 685 2993 mortuis.
731 2934 900 3011 Propterea
923 2936 1015 3015 enim,
1046 2936 1123 2995 sient
1146 2935 1217 2995 dicit
1239 2942 1358 3013 aposto·

350 3021 410 3100 ius,
437 3028 573 3083 mortuus
600 3029 646 3083 eet
671 3022 820 3098 Christus,
849 3029 883 3083 ut
909 3029 939 3083 et
959 3026 1094 3083 vivorum
1117 3030 1148 3084 et
1168 3030 1360 3084 mortuorum

351 3112 529 3172 dominetur.
572 3106 629 3169 Sed
649 3110 714 3169 ideo
739 3112 940 3172 tantummodo
967 3121 1127 3189 martyrum
1146 3114 1257 3171 animas
1276 3129 1358 3171 com·

298 3212 332 3258 30
351 3200 532 3278 memoravit,
554 3199 623 3275 quic
640 3200 698 3276 ipsi
715 3202 873 3277 praecipue
897 3208 1021 3277 regnant
1044 3201 1162 3281 mortui,
1185 3202 1237 3279 qui
1260 3217 1359 3278 usque

350 3286 386 3346 ad
415 3294 540 3346 mortem
569 3302 624 3364 pro
651 3287 774 3346 veritate
802 3295 963 3347 certarunt.
1016 3286 1074 3346 Sed
1102 3305 1118 3347 a
1145 3297 1230 3366 parte
1261 3294 1358 3349 totum

417 3405 443 3470 a)
461 3400 512 3453 nte.
532 3404 574 3466 18,
589 3403 631 3453 to.
678 3400 704 3467 a)
725 3405 749 3453 1.
769 3400 828 3451 cor.
848 3404 873 3465 a,
890 3404 930 3452 12.
977 3400 1003 3467 e)
1024 3400 1108 3469 Apoe.
1129 3406 1171 3466 20,
1186 3406 1210 3455 4.
1255 3404 1299 3472 ac)
1318 3402 1362 3457 lb.

347 3477 388 3537 14,
405 3478 445 3526 13.
492 3474 536 3540 ee)
555 3471 634 3525 Rom.
654 3475 736 3535 14‚s.

417 3599 431 3646 1
448 3593 504 3647 dici
518 3610 568 3648 om.
578 3612 600 3647 π
612 3594 622 3662 ΙΙ
636 3598 652 3645 2
664 3591 761 3646 aceles.
770 3608 870 3646 nuncu
884 3594 893 3660 Η
908 3597 940 3646 ta
953 3592 983 3647 in
994 3593 1078 3661 peric.
1088 3594 1193 3663 hepta
1206 3597 1216 3665 ΙΙ
1230 3601 1265 3649 et
1275 3598 1364 3651 mori·

345 3666 438 3718 untur.
464 3665 564 3718 amodo
576 3664 663 3719 etiem
675 3663 836 3745 (etiemeffi
850 3663 916 3730 iam,
928 3679 978 3718 om.
990 3666 1026 3730 et,
1042 3664 1113 3735 0¹2)
1124 3666 1362 3739 RAGnebepru

345 3735 635 3860 giorcigrnzattssfflovdo
654 3740 702 3787 eni
719 3749 813 3801 remp
831 3737 840 3802 Η
859 3738 892 3786 26
912 3749 958 3788 eos
978 3736 1145 3806 RAGbe93
1163 3738 1228 3792 illos
1247 3749 1333 3807 napo
1352 3742 1363 3810 p
