3284 4459
325 515 388 578 172
607 545 625 554 .‚
727 526 749 568 s.
763 526 928 569 aucusrnu

322 662 358 725 ad
382 664 488 743 omnia,
510 681 571 722 nun
594 664 652 724 iam
674 671 813 722 senectus
837 662 903 741 viri,
927 659 978 720 aed
1002 661 1127 721 cadaver
1145 669 1192 722 est
1211 663 1332 722 mortui.

323 751 462 821 Quamvis
491 753 578 811 etiam
610 752 653 810 sic
682 749 756 810 solvi
786 749 880 810 soleat
910 751 967 808 ista
1000 751 1150 829 quaestio,
1182 748 1260 828 quod
1294 751 1334 810 de

323 838 444 900 Cettura
475 847 579 917 postea
611 840 714 916 genuit
745 836 904 917 Abrabam,
936 839 1005 915 quia
1038 837 1149 899 donum
1183 837 1335 918 gignendi,

322 926 401 1006 quod
425 945 441 987 a
460 926 584 988 Domino
607 928 730 1004 accepit,
752 928 842 986 etiam
864 933 932 1004 pust
955 923 1068 986 obitum
1092 928 1201 986 mansit
1220 929 1333 986 uxoris.

287 1028 304 1076 5
323 1014 382 1076 Sed
400 1023 558 1094 propterea
577 1014 649 1075 mibi
667 1013 784 1074 uidetur
801 1013 860 1092 illa,
882 1030 970 1091 quam
990 1016 1086 1074 secuti
1105 1031 1218 1095 sumus,
1241 1014 1333 1074 buius

322 1105 504 1183 quaestionis
526 1102 634 1164 solutio
662 1102 868 1182 praeferenda,
896 1103 965 1180 quia
992 1104 1183 1163 centenarius
1211 1101 1334 1180 quidem

322 1210 422 1272 senex,
446 1191 497 1252 sed
521 1193 664 1270 temperis
682 1192 786 1269 nostri,
808 1190 845 1250 de
865 1188 945 1250 nulla
958 1191 1179 1268 potestiemiua
1194 1193 1336 1271 gignere,

323 1298 382 1340 non
406 1289 486 1357 tunc,
509 1278 626 1358 quando
649 1278 745 1340 adhuc
768 1278 879 1339 tamdiu
903 1276 1049 1358 virebant,
1073 1287 1106 1338 ιιι
1122 1287 1242 1340 centum
1262 1283 1335 1338 anni

323 1369 454 1429 nondum
477 1369 610 1429 lacerent
632 1367 784 1428 hominem
805 1367 974 1446 decrepitae
999 1369 1171 1428 senectutis.

271 1574 305 1624 10
699 1554 818 1621 Oarur
842 1555 958 1621 XXIX.

324 1687 370 1746 De
388 1686 486 1745 tribus
504 1687 578 1744 ciris
594 1687 641 1746 cel
653 1687 777 1759 nauelis,
801 1688 833 1745 in
847 1686 956 1759 quibus
975 1687 1018 1744 cd
1031 1701 1177 1758 quercum
1192 1682 1338 1754 Mambre

474 1776 654 1848 apparuisse
676 1774 821 1832 Abrabae
845 1774 990 1832 Dominus
1015 1774 1179 1832 indicatur.

411 1895 485 1956 ltem
507 1895 588 1955 Deus
610 1899 746 1974 apperuit
767 1895 901 1955 Abrabae
925 1897 961 1956 ad
984 1914 1128 1974 quercum
1146 1893 1277 1955 Mambre
1300 1897 1335 1956 in

323 1983 420 2045 tribus
451 1986 536 2061 viris,
568 2001 643 2061 quos
675 1983 869 2044 dubitandum
903 2001 961 2043 non
996 1993 1042 2044 est
1074 1983 1193 2062 angelos
1226 1983 1338 2064 inisse,

273 2083 304 2133 15
324 2075 456 2151 quamvis
479 2072 598 2151 quidam
626 2074 795 2133 existiment
817 2089 911 2132 unrun
934 2075 965 2132 in
989 2075 1032 2132 eis
1056 2073 1149 2132 inisse
1172 2070 1335 2132 [lominum

323 2160 487 2239 Christum,
510 2159 682 2222 adserentes
705 2178 773 2222 eum
797 2163 885 2220 etiam
910 2169 977 2220 aute
1000 2160 1208 2220 indumentum
1232 2162 1336 2220 carnis

323 2251 414 2310 luisse
438 2247 591 2309 visibilem.
638 2247 690 2309 list
713 2249 833 2327 quidem
857 2249 970 2308 divinae
994 2250 1150 2326 potestatis
1179 2256 1210 2308 et
1231 2249 1335 2307 invisi·

323 2337 404 2417 bilis,
434 2337 629 2416 incorporalis
657 2336 897 2414 inmutabilisque
928 2347 1064 2416 naturae,
1097 2339 1160 2396 sine
1193 2335 1251 2396 ulla
1285 2339 1335 2397 sui

323 2428 485 2487 mutatione
509 2428 599 2485 etiarn
620 2425 794 2484 mortalibus
817 2424 986 2503 aspectibus
1010 2442 1167 2504 apparere,
1195 2441 1255 2484 non
1278 2441 1339 2503 per

271 2526 305 2573 so
323 2512 353 2574 id
377 2512 456 2592 quod
479 2522 534 2592 est,
556 2512 608 2572 sed
632 2530 686 2590 per
703 2512 814 2590 aliquid
834 2512 912 2590 quod
931 2512 988 2572 sibi
1007 2513 1158 2574 subditum
1177 2521 1237 2590 est3
1260 2511 1335 2589 quid

324 2611 424 2662 autem
445 2600 487 2661 illi
510 2599 663 2660 subditum
687 2619 745 2660 ncn
769 2597 837 2660 est?
875 2599 981 2660 Verum
1005 2610 1103 2661 tamen
1127 2603 1152 2659 si
1175 2609 1337 2678 propterea

324 2690 499 2749 confirmant
525 2689 632 2748 borum
659 2690 750 2748 trium
779 2689 907 2766 aliquem
936 2689 1029 2749 luisse
1057 2687 1222 2767 Christum,
1255 2689 1337 2768 quia,

323 2794 393 2838 cum
421 2787 482 2837 tres
510 2776 644 2856 vidisset,
673 2776 710 2836 ad
737 2776 893 2836 Dominum
923 2777 1113 2855 singulariter
1141 2785 1188 2836 est
1215 2775 1337 2836 locutus

324 2859 383 2946 (sic
406 2867 485 2926 enim
509 2867 653 2943 scriptum
677 2874 736 2925 est:
768 2865 809 2924 m
832 2882 903 2926 ecce
926 2873 988 2926 tres
1010 2868 1072 2926 ciri
1093 2865 1217 2925 stabant
1238 2881 1335 2939 super

272 2965 305 3012 ss
324 2971 401 3027 eum,
423 2960 453 3014 et
474 2955 580 3013 videas
598 2956 801 3028 procucurrit
824 2956 855 3012 in
878 2955 996 3013 obviam
1015 2956 1074 3014 illis
1088 2954 1127 3012 ab
1141 2955 1217 3012 ostio
1232 2953 1335 3012 taber-

324 3044 429 3103 naculi
449 3044 511 3115 sui,
538 3048 568 3100 et
590 3043 733 3101 adoravit
758 3059 851 3117 super
879 3049 995 3102 terram
1019 3048 1049 3100 et
1071 3043 1165 3101 debit:
1197 3040 1337 3119 Domine,

323 3132 352 3190 εἰ
373 3132 475 3190 inueni
494 3132 630 3204 qratiam
654 3138 725 3189 ante
748 3137 789 3202 te,
823 3138 853 3188 et
876 3123 1005 3209 cetera):
1037 3147 1092 3190 cur
1120 3147 1178 3188 ncn
1207 3136 1237 3188 et
1258 3126 1335 3190 illud

324 3216 493 3296 advertunt,
520 3215 595 3276 duos
618 3234 654 3277 ex
678 3217 722 3276 eis
744 3219 874 3297 venisse,
903 3226 937 3278 ut
960 3216 1128 3278 sodomitae
1152 3214 1337 3297 delerentur,

325 3323 393 3366 cum
415 3305 510 3365 adbuc
534 3303 679 3364 Abrabam
702 3303 738 3364 ad
761 3323 855 3366 unum
883 3305 1070 3386 loqueretur,
1098 3303 1254 3364 Dominum
1283 3320 1336 3381 ap·

273 3407 306 3454 30
324 3393 437 3472 pellens
464 3402 494 3453 et
520 3393 722 3474 intercedens,
755 3411 792 3453 ne
821 3392 908 3453 simul
941 3395 1054 3454 iustum
1082 3409 1150 3452 curn
1178 3393 1268 3470 impio
1302 3393 1337 3451 in

396 3547 443 3612 tt)
462 3545 529 3602 Gen.
550 3549 592 3612 18,
612 3552 625 3598 1
645 3561 704 3613 sqq,

340 3800 363 3854 ti
395 3731 428 3780 18
451 3728 612 3781 incommnt.
634 3724 702 3779 Gbc
724 3726 733 3793 lt
756 3729 790 3776 25
811 3723 841 3776 in
861 3724 923 3777 obu.
942 3739 1008 3790 mem
1031 3722 1061 3776 in
1085 3737 1134 3776 orn.
1155 3737 1171 3774 v
1192 3721 1202 3790 ΙΙ
1226 3723 1257 3772 m
1276 3734 1337 3772 non

323 3817 340 3853 e
365 3815 445 3852 amc
