3284 4459
540 517 581 558 mo
595 515 739 558 csvmarrr
753 516 847 558 amm
861 516 911 557 xv.
929 517 986 558 ar.
1000 517 1021 558 s.
1240 500 1281 564 ‘11

272 652 313 710 ei:
345 650 556 727 Muttipiioons
584 653 789 728 multiplicabo
817 653 958 712 tristitias
989 656 1058 712 toas
1085 656 1115 712 et
1138 653 1283 725 remitam

271 747 371 812 tuum,
402 746 432 800 et
452 741 484 800 iro
507 741 638 800 tristitiis
657 743 764 816 paries
783 742 881 814 filios,
903 738 1009 800 deinde
1033 737 1157 800 addidit:
1180 739 1221 800 Et
1242 740 1286 800 od

272 831 373 887 airum
392 833 476 887 tuum
495 829 651 888 conversio
670 833 733 901 tao,
755 834 786 889 et
803 831 867 904 ipse
884 831 931 888 tui
947 829 1161 894 dominabitur.
1197 825 1283 898 Quod

271 915 386 976 dictum
410 915 514 975 estad
538 913 609 976 Cain
633 915 669 975 de
692 923 813 994 peccato
837 914 882 976 rel
905 915 942 976 de
965 917 1070 981 vitiosa
1093 917 1191 976 sarnis
1213 933 1282 975 son·

273 1004 467 1084 cupiscentia,
489 1001 546 1063 hoc
565 1005 622 1064 isto
641 1002 706 1064 loeo
729 1002 766 1064 de
788 1005 955 1082 peccatrice
977 1003 1101 1083 feminam
1124 1002 1175 1064 ubi
1196 1003 1322 1064 intel-s

272 1090 432 1170 legendum
460 1099 507 1152 est
535 1093 631 1152 virum
655 1091 690 1152 ad
713 1091 874 1171 regendam
895 1109 1020 1154 uxorem
1042 1093 1140 1152 animo
1163 1109 1284 1152 sarnam

274 1181 390 1258 regenti
408 1179 533 1240 similem
553 1197 619 1240 esse
638 1188 786 1258 oportere.
830 1179 958 1259 Propter
976 1179 1055 1258 quod
1074 1179 1145 1240 dicit
1167 1187 1283 1258 aposto·

274 1267 333 1328 lus:
370 1269 431 1340 Oai
457 1270 558 1342 tiliois
584 1283 711 1330 osorem
737 1285 839 1342 mom,
868 1286 902 1328 se
931 1271 1028 1344 ipsam
1050 1270 1166 1342 istisin
1197 1285 1284 1329 nemo

276 1359 353 1416 enim
376 1372 519 1430 amquam
548 1373 674 1417 cornera
695 1373 782 1417 suom
804 1359 875 1418 odio
896 1358 1011 1418 habuit.
1056 1354 1190 1416 Sananda
1213 1363 1285 1416 sunt

278 1445 353 1514 enim
379 1443 451 1504 haec
474 1445 553 1504 siout
575 1452 685 1525 nostra,
706 1462 767 1504 non
789 1445 869 1504 sisut
890 1443 984 1506 alisna
1006 1441 1178 1505 damnanda.
1224 1443 1282 1505 Sod
1304 1456 1338 1506 10

279 1530 345 1592 iliad
380 1530 434 1592 Dei
470 1539 662 1610 praesepium
695 1530 766 1592 Cain
803 1533 882 1593 sieut
912 1533 1130 1611 praevaricator
1161 1534 1283 1610 accepit.

279 1618 475 1680 Invalescenta
514 1622 622 1698 quippo
661 1619 840 1681 invidentiae
871 1621 943 1680 vitio
974 1621 1097 1680 fratrem
1127 1620 1283 1682 insidiatus

278 1707 392 1769 occidit.
430 1707 508 1768 Talis
531 1715 595 1768 erat
618 1716 754 1769 terrenae
778 1708 914 1770 conditor
936 1710 1071 1768 civitatis.
1107 1707 1284 1780 Quomodo

275 1804 374 1857 autem
398 1796 605 1874 significaverit
627 1798 716 1857 etiam
739 1795 877 1878 ludaeos,
905 1815 921 1858 a
945 1795 1053 1875 quibus
1076 1794 1213 1858 Christus
1235 1813 1283 1858 oa·

274 1887 355 1944 cisus
380 1892 425 1944 est
447 1889 549 1962 pasior
572 1885 669 1944 ovium
692 1884 856 1963 hominum,
878 1902 967 1963 quem
989 1892 1090 1963 pastor
1113 1886 1211 1946 orium
1233 1895 1338 1964 ptr-15

274 1989 379 2034 corum
397 1971 613 2051 praefigurabat
630 1971 712 2054 Abel,
734 1973 804 2050 quia
826 1974 857 2032 in
879 1972 1018 2051 allegoria
1040 1972 1212 2051 prophetica
1234 1990 1284 2033 ras

275 2068 329 2141 est,
351 2078 442 2139 parco
461 2078 541 2120 nunc
559 2060 669 2140 dicare,
691 2068 722 2121 at
739 2059 882 2138 quaedam
901 2060 971 2122 hina
988 2060 1131 2122 adversus
1143 2059 1284 2121 Faustum

274 2147 477 2210 Manichaeum
501 2147 609 2209 dixisse
633 2167 680 2208 me
703 2148 811 2208 recolo.

1384 1786 1387 1823 i

664 2353 782 2420 Osrtrr
800 2355 890 2420 VIII.

333 2484 419 2556 Quae
441 2487 522 2544 ratio
542 2481 647 2558 suerit,
662 2491 705 2564 att
730 2484 806 2544 Cain
829 2486 910 2545 inter
929 2486 1086 2560 principio
1106 2486 1230 2558 orneris
1302 2496 1349 2546 20*

541 2572 668 2632 domani
689 2574 834 2660 conderet
856 2575 1016 2633 civitatem.

364 2694 450 2754 Nune
468 2686 572 2754 autem¹
591 2692 774 2754 defendenda
798 2693 870 2754 mihi
891 2694 1008 2755 videtur
1030 2693 1161 2776 historia,
1185 2713 1222 2755 ne
1246 2697 1285 2757 sit

275 2784 424 2862 scriptura
442 2781 632 2862 incredibilis,
650 2799 724 2860 quae
744 2781 816 2842 dicit
834 2781 1014 2843 aedificatam
1032 2783 1069 2842 ab
1087 2801 1147 2843 uno
1165 2783 1283 2844 homine

275 2874 425 2932 civitatem
448 2889 483 2931 eo
507 2880 654 2952 tempore,
682 2887 740 2949 quo
769 2887 828 2930 non
856 2870 922 2950 plus
946 2888 1034 2948 quam
1061 2872 1116 2931 viri
1144 2880 1284 2950 quattuor·

275 2959 321 3020 vel
344 2961 443 3038 potius
461 2967 533 3038 tres,
555 2966 657 3037 postea
681 2975 768 3036 quam
792 2958 915 3018 fratrem
938 2959 1029 3019 irater
1051 2958 1168 3040 occidit,
1191 2960 1283 3021 fuisse
1302 2973 1338 3023 25

276 3048 414 3109 videntur
440 3049 471 3106 in
501 3055 593 3127 terra,
623 3045 653 3106 id
678 3055 723 3105 est
744 3048 859 3124 primus
881 3045 969 3105 homo
994 3053 1076 3125 pater
1099 3050 1231 3109 omnium
1253 3057 1284 3110 et

276 3139 338 3214 ipse
363 3134 433 3194 Cain
456 3141 486 3194 et
518 3137 582 3194 eius
605 3134 682 3194 filius
705 3133 821 3214 Enoch,
849 3151 885 3194 ex
908 3135 993 3194 ouius
1016 3136 1135 3195 nomine
1157 3137 1221 3215 ipsa
1243 3139 1283 3198 ci·

276 3227 350 3285 vitas
373 3230 543 3302 nunaupata
566 3230 620 3282 est.
666 3221 725 3282 Sed
749 3221 804 3282 hoc
828 3239 903 3300 quos
926 3231 1037 3304 moret,
1059 3241 1164 3301 parum
1188 3226 1284 3285 oonsi-

276 3312 381 3372 derani.
412 3328 470 3371 non
503 3327 605 3370 omnes
638 3309 790 3391 homines,
822 3311 874 3388 qui
900 3317 972 3370 tunc
1010 3327 1076 3370 asse
1113 3320 1283 3393 potuerunt,

277 3401 453 3478 scriptorem
481 3415 580 3458 sacrae
609 3397 698 3458 huius
720 3397 861 3458 historiae
884 3415 1006 3458 necesse
1028 3397 1167 3460 habuisse
1190 3403 1283 3461 nomi·
1301 3414 1338 3463 30

347 3555 374 3619 3)
394 3550 462 3606 Gen.
481 3557 507 3620 s,
528 3557 568 3606 ra.
604 3554 632 3618 a)
652 3549 722 3620 Eph.
742 3555 767 3617 a,
786 3553 820 3602 aa
840 3566 881 3617 sq.
920 3551 1012 3618 1s)L.
1032 3552 1075 3600 12.
1093 3562 1117 3600 ο.
1133 3550 1157 3599 a.

348 3711 381 3760 23
399 3721 455 3760 uno
474 3721 524 3760 oro.
544 3705 572 3758 R
585 3706 594 3774 d
607 3703 720 3758 homine
739 3721 789 3760 om.
807 3706 835 3759 A
849 3708 858 3774 ΙΙ
872 3711 907 3758 24
924 3721 981 3758 non
1001 3705 1108 3772 Gaiam
1126 3722 1176 3762 om.
1197 3708 1287 3763 Vita

277 3778 345 3847 Fep
362 3779 372 3848 11
390 3782 424 3832 26
443 3776 525 3830 homo
544 3791 595 3830 oro.
616 3777 646 3830 V
