3284 4459
342 510 385 575 52
748 523 769 565 s.
783 523 947 566 Auuusum

342 668 406 724 tum
434 658 693 737 corruptionisque
723 655 901 736 supplicium
927 657 964 718 ad
991 658 1208 737 propagandam
1234 658 1352 737 prolem

341 749 406 808 sine
424 746 483 807 ulla
501 745 622 809 libidine
641 746 753 806 servire
776 744 919 806 voluntati
941 745 1085 808 humanae
1107 746 1235 809 humana
1257 766 1350 809 mem·

341 835 395 896 bra
413 830 567 913 petuisse?
602 832 734 895 Donatus
752 841 799 894 est
816 835 916 913 itaque
927 833 1023 894 -humu
1041 834 1107 909 sibi,
1130 838 1199 914 quia
1216 835 1351 897 deseruit

341 922 435 983 Deum
464 922 606 1001 placendo
635 920 708 1001 sibi,
737 929 768 983 et
796 940 857 982 non
886 920 1046 983 oboediens
1073 921 1134 983 neo
1164 941 1224 985 non
1251 926 1352 1004 putuit

305 1024 321 1071 u
340 1010 480 1072 oboedire
499 1029 555 1071 nee
573 1009 638 1071 sibi.
682 1008 759 1071 Hine
778 1010 942 1071 evidentior
959 1012 1088 1093 miseria,
1105 1028 1164 1090 qua
1181 1011 1270 1072 homo
1288 1030 1351 1075 nan

339 1101 411 1160 vivit
429 1107 463 1160 ut
482 1098 553 1159 vult.
594 1098 666 1159 Nam
686 1100 713 1159 si
731 1105 765 1158 ut
782 1097 870 1159 veliet
887 1100 1008 1178 viveret,
1026 1098 1146 1160 beatum
1164 1118 1197 1159 se
1215 1108 1350 1182 putaret3

340 1187 392 1251 sed
416 1205 471 1247 nee
494 1189 538 1247 siu
561 1194 659 1247 tamen
683 1195 772 1267 esset,
794 1188 820 1245 si
843 1189 973 1265 turpiter
994 1189 1115 1249 viveret

724 1425 842 1493 Curua
864 1427 966 1493 XXV.

339 1560 387 1619 Be
412 1576 487 1619 vera
514 1558 714 1631 beatitudine,
742 1572 833 1631 quam
860 1560 1034 1633 temporalia
1060 1560 1123 1619 uita
1145 1575 1205 1619 non
1227 1560 1348 1619 adtinet.

289 1694 322 1743 ιο
430 1680 614 1758 Quamquam
633 1680 659 1739 si
677 1678 847 1758 diligentius
865 1679 1066 1760 adtendamus,
1089 1682 1147 1741 nisi
1165 1680 1269 1741 beatus
1287 1699 1348 1740 nen

340 1771 410 1829 virit
427 1777 462 1829 ut
479 1768 551 1847 vuit,
573 1775 605 1828 et
622 1766 721 1828 nuilus
739 1766 844 1828 beatus
867 1769 925 1828 nisi
947 1770 1053 1828 iustus.
1091 1766 1149 1830 Sed
1173 1772 1261 1830 etiam
1283 1772 1348 1848 ipse

339 1860 436 1918 iustus
454 1874 514 1917 non
533 1858 611 1917 vivet
629 1863 663 1917 ut
681 1854 751 1935 vult,
774 1857 833 1915 nisi
855 1873 891 1915 eo
913 1858 1092 1937 pervenerit,
1114 1856 1166 1917 ubi
1190 1859 1264 1917 mori
1288 1856 1349 1917 iaili

339 1945 448 2006 offendi
478 1946 598 2005 omnino
629 1961 688 2003 non
718 1945 813 2022 possit
843 1946 930 2022 eique
957 1945 996 2005 sit
1023 1954 1139 2005 certum
1166 1947 1207 2005 ita
1229 1963 1349 2025 semper

339 2035 481 2095 futurum.
527 2031 590 2093 Hoc
608 2034 687 2092 enim
710 2040 814 2092 natura
838 2034 959 2113 expetit,
981 2050 1038 2094 nee
1059 2032 1145 2111 plene
1169 2042 1257 2112 atque
1280 2052 1347 2113 per-

288 2135 320 2183 15
340 2124 417 2183 iente
449 2118 534 2181 beata
565 2122 624 2180 erit
654 2120 712 2180 uisi
744 2119 850 2198 adepta
881 2120 960 2199 qued
987 2123 1108 2200 expetit.
1161 2120 1247 2182 Nunc
1277 2140 1348 2182 vero

339 2212 405 2289 quis
424 2208 577 2269 hominum
596 2216 694 2288 petest
717 2216 750 2269 ut
772 2207 836 2268 vult
858 2210 965 2289 vivere,
989 2208 1105 2287 quande
1128 2212 1225 2291 ipsum
1249 2210 1347 2271 rivere

338 2316 398 2358 nen
430 2304 477 2357 est
504 2299 536 2358 in
568 2292 736 2376 potestate?
780 2294 885 2357 Vivere
914 2299 993 2357 enim
1021 2297 1096 2378 vult,
1123 2299 1200 2359 mori
1222 2300 1347 2377 cogitur.

339 2384 404 2456 Qun
423 2384 509 2445 modo
529 2402 599 2463 ergo
618 2386 689 2445 vivit
703 2392 736 2444 ut
754 2384 825 2464 vuit,
848 2386 900 2464 qui
922 2402 982 2445 nen
1005 2387 1076 2446 vivit
1098 2385 1238 2464 quamdiu
1260 2383 1348 2447 vuit?

339 2473 424 2545 Quod
453 2476 478 2533 si
506 2475 583 2533 meri
610 2471 750 2553 voluerit,
777 2490 836 2550 que
867 2472 954 2532 modo
977 2480 1076 2553 potest
1098 2482 1132 2534 ut
1155 2473 1216 2535 vult
1239 2476 1347 2556 vivere,

286 2576 320 2625 20
339 2565 468 2642 quinon
487 2560 549 2623 vuit
566 2556 686 2621 vivere?
721 2558 760 2621 Et
778 2562 803 2620 si
821 2560 888 2620 ideo
907 2563 984 2622 mori
1006 2561 1085 2642 velit,
1107 2580 1167 2622 uon
1190 2581 1249 2641 que
1273 2562 1348 2623 nolit

338 2653 453 2731 rivere,
486 2648 537 2709 sed
566 2657 600 2709 ut
628 2656 846 2728 postmortem
868 2648 975 2709 melius
998 2652 1089 2711 vivat:
1120 2650 1253 2711 nundum
1276 2669 1347 2730 ergo

339 2746 374 2799 ut
403 2737 464 2799 vult
494 2739 579 2817 vivit,
610 2735 661 2797 sed
692 2754 760 2797 cum
789 2735 825 2796 ad
854 2736 885 2797 id
913 2737 991 2815 qued
1019 2738 1081 2799 vult
1103 2738 1256 2799 moriende
1279 2758 1346 2818 per·

338 2828 460 2887 venerit
506 2822 615 2885 Verum
639 2842 708 2885 ecce
731 2827 808 2884 vivat
832 2832 865 2885 ut
887 2824 959 2905 vuit,
981 2828 1121 2904 quoniam
1143 2825 1199 2887 sibi
1223 2830 1347 2889 extersit

338 2913 453 2993 sibique
481 2914 636 2991 imperavit
660 2930 719 2973 uon
751 2912 824 2973 velle
848 2912 927 2991 qued
950 2931 1010 2973 non
1032 2922 1146 2995 petest,
1178 2923 1266 2994 atque
1289 2915 1346 2977 hoc

285 3015 319 3064 25
339 3001 412 3063 velle
436 3001 514 3081 quod
537 3007 636 3081 potest
659 2994 752 3083 (sicut
774 3002 814 3060 ait
837 3000 1010 3063 Terentius:

499 3200 501 3205 Α
551 3124 698 3195 Quoniam
719 3142 779 3185 non
800 3127 902 3199 potest
923 3126 955 3185 id
977 3099 1044 3187 fieri
1065 3129 1144 3204 qued
1165 3128 1214 3191 via

426 3214 462 3273 Id
484 3214 560 3274 velis
583 3212 664 3289 qued
685 3205 810 3292 possis):

338 3354 410 3399 num
437 3335 503 3396 ideo
531 3334 635 3395 beatus
663 3341 723 3415 est,
754 3336 824 3413 quia
851 3337 998 3414 patienter
1026 3339 1116 3398 miser
1143 3336 1212 3401 est?
1256 3339 1346 3401 Beata

339 3426 447 3505 quippe
465 3426 524 3484 vita
543 3425 568 3483 si
586 3439 646 3483 non
666 3430 789 3501 amatur,
811 3440 873 3483 non
890 3422 1025 3485 habetur.
1070 3424 1164 3486 Porro
1183 3430 1209 3487 si
1231 3437 1346 3490 amatur

406 3570 451 3634 aa)
470 3566 531 3621 uer.
550 3566 636 3621 Andr.
656 3572 681 3635 a,
696 3574 721 3634 1,
736 3572 760 3621 u.

409 3714 441 3763 12
459 3708 539 3833 uiuet
559 3706 698 3777 runem
716 3707 791 3762 ninii
806 3707 913 3764 Gabia
925 3710 935 3778 ΙΙ
949 3713 983 3763 20
997 3709 1073 3779 quod
1087 3710 1172 3780 Anp
1183 3712 1194 3781 p
1207 3716 1241 3765 2⁷
1254 3712 1346 3782 poesia

336 3796 497 3850 mea3poss1
527 3795 544 3833 v
