3284 4459
349 514 392 579 48
755 528 955 571 ε.Αυασεωι

350 664 473 744 ralium,
511 662 562 725 ubi
601 662 637 733 ad
676 663 871 723 exercendam
906 664 1100 725 infirmiorem
1136 665 1359 744 tardioremque

350 760 484 813 naturam
514 752 619 830 agilior
648 752 773 811 accessit
801 752 960 832 industria3
990 760 1021 812 et
1050 770 1110 812 non
1140 753 1290 814 oredimus
1319 754 1357 815 ad

350 858 426 920 opus
455 841 655 919 generationis
684 839 828 917 liliorum,
863 842 889 899 si
918 838 1008 900 libido
1037 858 1097 899 non
1127 841 1249 923 luisset,
1281 860 1359 921 quae

350 936 472 1008 peccato
490 927 725 988 inoboedientiae
744 926 889 988 retributa
907 936 962 1006 est,
980 926 1173 989 oboedienter
1186 929 1359 991 bominibus

230 1076 232 1081 .
316 1017 387 1079 aad
410 1016 568 1077 voluntatis
588 1024 693 1076 nutum
712 1014 848 1076 similiter
866 1023 900 1076 ut
918 1024 1017 1077 cetera
1039 1018 1171 1095 potuisse
1195 1017 1243 1078 illa
1265 1036 1359 1079 mem·

351 1104 404 1165 bra
427 1101 561 1164 servire?
597 1103 700 1164 Nonne
725 1102 829 1164 Cicero
851 1105 884 1165 in
906 1101 990 1164 libris
1012 1104 1049 1164 de
1072 1122 1105 1165 re
1128 1104 1260 1187 publica,
1289 1125 1359 1167 cum

351 1193 387 1253 de
414 1194 608 1272 imperiorum
637 1192 802 1252 dillerentia
833 1191 998 1270 disputaret
1026 1203 1058 1253 et
1080 1192 1168 1253 buius
1191 1196 1236 1254 rei
1257 1194 1359 1255 simili·

351 1281 483 1341 tudinem
511 1298 547 1342 ex
569 1287 674 1341 natura
697 1279 826 1340 hominis
849 1280 1030 1358 adsumeret,
1062 1288 1096 1341 ut
1118 1281 1186 1342 liliis
1209 1282 1283 1342 dixit
1304 1285 1359 1343 im·
1456 1295 1457 1320 ¹

352 1371 450 1448 perani
479 1370 613 1448 corporis
643 1367 784 1428 membris
813 1376 937 1447 propter
968 1368 1143 1429 oboediendi
1175 1370 1359 1450 facilitatem,

299 1470 332 1519 10
350 1460 470 1518 vitiosas
502 1475 571 1518 vero
605 1458 694 1516 arrlmi
725 1464 826 1535 partes
858 1464 892 1517 ut
920 1474 1022 1517 servos
1051 1459 1201 1536 asperiore
1233 1461 1359 1537 imperio

351 1542 526 1606 coherceri?
565 1543 603 1605 Et
626 1547 729 1623 ratique
752 1544 857 1605 ordino
880 1544 1007 1606 naturali
1029 1547 1146 1606 animus
1169 1548 1360 1625 anteponitur

351 1636 485 1713 corpori,
515 1641 545 1693 et
573 1641 671 1693 tamen
701 1634 764 1711 ipse
795 1634 911 1693 animus
940 1636 1066 1711 imperat
1095 1636 1214 1713 corpori
1244 1634 1361 1696 facilius

351 1740 437 1801 quam
462 1721 526 1783 sibi.
571 1720 680 1782 Verum
704 1729 802 1781 tamen
825 1720 897 1782 baec
920 1720 1027 1802 libido,
1056 1722 1093 1782 de
1115 1741 1173 1801 qna
1196 1741 1276 1783 nunc
1299 1723 1359 1784 dis·
1457 1733 1458 1744 ¹

351 1813 487 1889 serimus,
510 1827 545 1870 eo
564 1810 656 1888 magis
676 1808 877 1869 erubescenda
901 1812 1007 1890 extitit,
1030 1811 1108 1888 quod
1132 1813 1247 1871 animus
1268 1813 1301 1872 in
1325 1830 1359 1871 ea

299 1910 331 1959 15
351 1916 407 1960 nec
437 1896 494 1959 sibi
523 1898 683 1957 efficaciter
710 1898 851 1975 imperat,
880 1906 914 1958 ut
942 1900 1063 1958 omnino
1086 1916 1145 1959 non
1168 1898 1274 1979 libeat,
1303 1918 1359 1960 nec

351 1988 431 2048 omni
453 1986 540 2047 modo
572 1986 705 2065 corpori,
732 1994 766 2045 ut
787 1984 926 2064 pudenda
948 1985 1081 2047 membra
1103 1986 1238 2047 voluntas
1259 1990 1360 2067 potius

350 2092 439 2154 quam
465 2072 555 2134 libido
584 2080 778 2152 commoveat,
807 2074 886 2151 quod
911 2076 936 2136 si
958 2076 999 2135 ita
1022 2083 1117 2154 esset,
1138 2074 1276 2154 pudenda
1298 2094 1359 2136 non

351 2170 459 2224 essent.
504 2161 589 2224 Nunc
616 2180 686 2222 vero
715 2160 807 2240 pudet
829 2163 959 2223 animum
982 2164 1083 2224 resisti
1104 2162 1161 2223 sibi
1184 2181 1201 2223 a
1224 2182 1360 2244 corpore,
1458 2199 1459 2210 κ

351 2250 429 2332 quod
458 2252 485 2310 ei
512 2258 616 2311 natura
644 2250 785 2310 inferiore
815 2249 983 2312 subiectum
1006 2260 1060 2312 est.
1105 2250 1139 2311 ln
1161 2250 1226 2311 aliis
1249 2254 1360 2331 quippe

298 2352 332 2401 20
351 2338 555 2399 allectionibus
585 2356 653 2416 cum
683 2334 740 2397 sihi
769 2339 898 2418 resistit,
927 2338 994 2400 ideo
1023 2341 1121 2399 minus
1142 2339 1251 2421 pudet,
1279 2342 1360 2419 quia,

351 2446 419 2489 cum
442 2445 459 2487 a
482 2445 514 2487 se
533 2429 599 2506 ipso
617 2427 754 2505 vincitur,
776 2428 841 2504 ipse
865 2444 897 2486 se
920 2428 1024 2506 vincit;
1046 2429 1104 2488 etsi
1125 2427 1292 2488 inordinate
1315 2436 1358 2489 at·
1459 2459 1460 2484 l

351 2507 408 2594 que
432 2517 550 2595 vitiose,
573 2516 642 2593 quia
664 2532 700 2573 ex
723 2512 770 2574 bis
793 2513 937 2596 partibus,
960 2533 1034 2593 quae
1057 2517 1166 2577 rationi
1189 2513 1285 2576 subici
1307 2515 1359 2577 de·
1459 2511 1460 2528 ³

350 2603 434 2684 bent,
461 2611 560 2665 tamen
588 2620 603 2661 a
630 2601 765 2681 partibus
793 2604 856 2663 suis
883 2620 917 2663 ac
939 2622 994 2681 per
1016 2604 1089 2684 boc,
1111 2611 1146 2664 ut
1166 2603 1280 2665 dictum
1302 2612 1360 2683 est,

351 2710 366 2753 a
394 2710 426 2753 se
448 2694 514 2770 ipso
538 2692 674 2751 vincitur.
719 2689 791 2750 Nam
816 2708 884 2751 cum
907 2692 1040 2751 ordinate
1065 2710 1097 2751 se
1119 2693 1235 2752 animus
1258 2694 1361 2773 vincit,

299 2792 332 2840 ab
351 2788 385 2841 ut
411 2778 632 2841 inrationabiles
658 2786 756 2838 motus
785 2780 850 2838 eius
880 2782 972 2839 menti
995 2782 1161 2858 rationique
1184 2779 1360 2859 subdantur,

351 2870 377 2929 si
406 2876 505 2929 tamen
535 2876 565 2927 ct
594 2866 642 2928 illa
672 2864 733 2926 Deo
763 2864 881 2926 subdita
910 2875 971 2947 est,
1001 2866 1096 2929 laudis
1124 2877 1213 2945 atque
1240 2870 1360 2928 virtutis

352 2964 405 3017 est.
440 2955 538 3016 Minus
552 2963 649 3016 tamen
668 2954 768 3035 pudet,
791 2971 860 3014 cum
883 2954 940 3015 sibi
962 2958 1078 3015 animus
1100 2974 1137 3017 ex
1160 2957 1274 3017 vitiosis
1295 2958 1360 3016 suis

351 3044 484 3123 partibus
502 3062 561 3104 non
581 3042 773 3124 obtemperat,
796 3060 883 3121 quam
902 3061 970 3103 cum
993 3045 1022 3103 ei
1043 3062 1162 3123 corpus,
1185 3043 1265 3121 quod
1288 3044 1359 3104 olte-

351 3150 418 3193 rum
447 3131 483 3191 ab
510 3131 560 3193 illo
589 3139 635 3193 est
662 3140 750 3209 atque
779 3131 856 3190 inira
882 3130 965 3192 illum
989 3138 1089 3192 estet
1112 3134 1197 3191 cuius
1220 3133 1284 3191 sine
1307 3130 1360 3193 illo

298 3233 332 3281 30
352 3229 456 3295 tratura
478 3238 538 3279 non
560 3221 639 3300 vivit,
661 3218 771 3279 volenti
792 3217 965 3299 iubentique
988 3237 1048 3280 non
1072 3219 1159 3280 cedit.

441 3307 499 3368 Sed
522 3326 589 3368 cum
617 3308 671 3369 alia
698 3304 831 3368 membra
853 3309 1021 3368 retinentur
1044 3306 1201 3369 voluntatis
1224 3308 1360 3386 imperio,

352 3398 415 3457 sine
435 3394 544 3475 quibus
562 3396 619 3478 illa,
641 3412 717 3474 quae
736 3402 840 3455 contra
862 3394 1042 3457 voluntatem
1064 3395 1186 3457 libidine
1209 3396 1359 3456 concitan-

421 3585 437 3634 6
451 3594 543 3633 nonne
556 3577 716 3645 V¹Aelpo3
730 3591 824 3633 nonne
835 3575 889 3629 boc
902 3574 1049 3631 V’FGab
1062 3577 1071 3644 ll
1086 3581 1120 3629 14
1129 3576 1224 3629 extitit
1232 3574 1360 3646 AFe¹lp

351 3655 409 3719 (39,
417 3655 470 3717 29;
488 3653 532 3717 44,
542 3652 576 3703 31
582 3668 593 3716 ;
610 3651 655 3713 45,
663 3649 727 3715 23);
750 3645 847 3700 existit
866 3644 1090 3715 VGabe¹ol125
1108 3644 1360 3716 mrsiionabilesp

351 3724 433 3791 (idem
456 3722 514 3776 ioan
531 3720 615 3789 padua
635 3718 797 3786 scripseram
818 3716 877 3772 coll.
904 3716 983 3771 tua
1001 3721 1070 3783 c.1;
1093 3715 1111 3771 l.
1129 3720 1148 3771 9
1164 3732 1186 3773 c.
1201 3720 1292 3786 3aq);
1316 3717 1360 3771 in-

350 3792 502 3848 rationales
522 3794 552 3847 V
563 3790 621 3846 rell.
639 3806 656 3844 o
