3284 4459
513 548 553 587 nn
567 547 708 588 cnvruann
722 547 776 588 nn1
790 547 815 587 n.
829 547 917 587 xvnn
932 546 954 588 c.
969 549 1001 588 ar.
1015 548 1047 588 aa.
1217 529 1281 594 277

280 699 396 759 quoque
426 680 516 742 Ulixis
544 684 666 741 mutavit
693 683 723 740 in
753 680 878 760 bestias,
911 688 942 740 et
964 680 1000 740 de
1023 679 1202 760 Arcadibus,
1233 682 1283 757 qui

280 779 357 829 sorte
386 769 468 830 ducti
499 770 654 831 tranabant
686 769 833 847 quoddam
861 779 998 847 stagnum
1024 777 1112 846 atque
1142 767 1184 828 ibi
1214 785 1282 828 con·

281 857 469 918 vertebantur
501 861 530 917 in
563 857 648 936 lupos
680 867 711 918 et
742 874 810 918 cum
838 856 983 917 similibus
1014 858 1087 917 feris
1118 875 1173 937 per
1204 856 1283 916 illius

280 947 408 1023 regionis
431 946 549 1006 deserta
567 945 710 1006 vivebant.
757 944 788 1004 Si
811 954 910 1006 antem
933 963 1022 1005 carne
1046 963 1105 1005 non
1127 963 1283 1005 vesceren-

281 1043 328 1093 tur
359 1034 501 1114 humana,
531 1051 636 1094 rursus
665 1042 732 1113 post
761 1051 867 1094 novem
896 1051 989 1093 annos
1015 1034 1119 1093 eodem
1150 1042 1319 1094 renatatoo

280 1131 382 1200 stagno
410 1122 646 1183 reformabantur
673 1125 703 1182 in
735 1122 878 1182 homines.
923 1120 1055 1200 Denique
1079 1124 1168 1183 etiem
1190 1123 1283 1182 nomi·

280 1213 370 1270 natim
393 1213 540 1289 expressit
561 1210 708 1289 quendam
732 1209 956 1290 Demaenetum,
987 1228 1054 1270 cum
1076 1218 1225 1288 gustasset
1247 1209 1284 1269 de

281 1299 438 1379 sacrificio,
466 1299 544 1377 quod
568 1299 695 1358 Arcades
726 1297 875 1358 immolato
898 1316 992 1376 puero
1015 1297 1071 1358 deo
1094 1314 1148 1358 suo
1171 1295 1285 1376 Lycaeo

280 1385 376 1446 lacere
406 1386 544 1466 solerent,
567 1396 598 1448 et
619 1389 651 1446 in
673 1387 775 1465 lupum
799 1388 890 1447 luisse
914 1395 1059 1447 mutatum
1081 1395 1113 1447 et
1134 1403 1212 1445 anno
1235 1385 1284 1446 de-

281 1476 356 1534 cimo
376 1477 406 1535 in
425 1475 717 1554 ligurampropriam
736 1477 907 1535 restitutum
925 1474 1088 1554 pugilatum
1111 1491 1177 1534 sese
1201 1491 1283 1534 exer*
1305 1484 1338 1534 ιο

281 1566 376 1623 ruisse
401 1571 431 1622 et
450 1561 617 1642 Olympiaca
637 1565 740 1624 vicisse
765 1565 932 1624 certamine.
978 1562 1039 1623 Nec
1062 1561 1141 1622 idem
1162 1571 1285 1642 propter

280 1649 358 1710 aliud
377 1649 537 1712 arbitratur
556 1651 715 1713 historicus
737 1654 768 1712 in
787 1651 910 1711 Arcadia
933 1651 990 1711 tale
1015 1669 1124 1712 nomen
1146 1650 1285 1711 adfictum

282 1737 354 1798 Pani
376 1737 489 1818 Lycaeo
517 1749 547 1800 et
574 1739 634 1800 lovi
661 1739 772 1820 Lycaeo
801 1742 858 1800 nisi
886 1748 1008 1819 propter
1035 1739 1109 1799 banc
1140 1741 1170 1799 in
1199 1739 1286 1817 lupos

281 1825 433 1887 bominum
461 1831 667 1908 mutationem,
694 1829 772 1907 quod
801 1846 865 1887 eam
889 1831 946 1888 nisi
969 1831 996 1888 vi
1019 1828 1116 1888 divina
1137 1827 1203 1886 lieri
1225 1843 1285 1886 non

281 1924 428 1996 putarent.
474 1913 575 1996 Lupus
598 1920 677 1977 enim
698 1917 808 1978 Graece
831 1912 921 1988 λύκος
942 1916 1060 1997 dicitur,
1083 1914 1162 1976 unde
1180 1913 1286 1994 Lycaei
1306 1922 1338 1975 io

282 2021 390 2064 nomen
420 2012 541 2082 apparet
575 2005 723 2065 inliexum.
769 2004 917 2064 Romanos
948 2007 1036 2064 etiam
1065 2002 1217 2083 Lupercus
1249 2021 1286 2063 ex

282 2091 400 2154 illorum
423 2095 631 2172 mysteriorum
654 2093 745 2154 veluti
769 2095 882 2153 semine
905 2093 976 2153 dicit
999 2101 1127 2154 exortos.

657 2315 775 2383 Garun
797 2289 917 2383 XVIII.

309 2447 390 2518 Ouid
411 2449 597 2508 medendum
618 2449 659 2506 sit
681 2448 719 2506 de
741 2444 1073 2521 transformatiouibuo,
1096 2463 1174 2521 quae
1197 2455 1267 2506 orte

429 2536 607 2596 daemonum
629 2535 798 2596 bominibus
820 2536 963 2595 uidentur
985 2535 1136 2594 occidere.
1307 2545 1340 2593 20

373 2656 431 2717 Sed
459 2657 496 2718 de
524 2660 579 2717 ista
608 2665 687 2718 tanta
715 2657 913 2718 ludificatione
942 2655 1118 2717 daemonum
1140 2655 1288 2735 nosquiyd

282 2746 431 2827 dicamus,
462 2748 513 2825 qui
540 2744 612 2805 baec
641 2745 755 2830 legent,
785 2746 919 2806 iortassis
948 2754 1112 2825 expectent.
1157 2744 1195 2805 Et
1218 2744 1288 2822 quid

283 2833 426 2914 dicemus,
448 2835 506 2893 nisi
529 2833 565 2893 de
589 2832 685 2894 medio
708 2832 865 2914 Babylonis
888 2851 953 2894 esse
978 2829 1172 2912 fugiendum?
1204 2831 1288 2903 erod
1334 2826 1335 2831 ’

282 2930 474 3002 praeceptum
497 2921 703 3000 propheticum
727 2926 766 2983 ita
790 2921 963 3001 spiritaliter
985 2921 1174 3002 intellegitur,
1198 2929 1230 2981 ut
1253 2921 1288 2980 de

259 3010 373 3073 buius
410 3009 520 3071 saeculi
557 3012 689 3092 civitate,
721 3029 795 3089 quae
827 3010 962 3090 prolecto
995 3017 1024 3071 et
1056 3009 1226 3088 angelorum
1260 3017 1290 3069 et
1308 3021 1343 3070 25

283 3096 437 3160 bominum
460 3099 586 3158 societas
608 3101 767 3177 impiorum
790 3109 848 3179 est,
877 3098 944 3157 iidei
967 3097 1115 3179 passibus,
1139 3116 1212 3176 quae
1237 3115 1290 3176 per

283 3185 473 3247 dilectionem
503 3194 656 3267 operatur,
688 3191 717 3247 in
745 3186 839 3247 Deum
869 3188 964 3246 vivum
993 3185 1175 3266 proficiendo
1198 3186 1289 3264 lugia-

284 3293 359 3335 mus.
405 3273 521 3345 Quanto
550 3277 658 3354 quippe
686 3278 717 3334 in
740 3275 812 3335 baec
836 3277 894 3334 ima
916 3284 1091 3353 potestatem
1115 3273 1290 3334 daemonum

354 3389 439 3437 1-11
458 3383 530 3438 run.
549 3383 584 3438 N.
598 3383 632 3438 Η.
653 3389 677 3450 e,
693 3388 778 3452 susq.
833 3386 879 3450 ea)
898 3381 972 3435 usai.
992 3387 1036 3449 ee,
1051 3387 1093 3436 no.

355 3514 369 3560 1
388 3507 497 3575 Ulyesis
515 3508 554 3576 oy
568 3513 583 3560 2
602 3506 754 3561 tranabant
791 3505 800 3536 ¹
814 3507 930 3573 (Prona
948 3504 1137 3574 transibantlss
1147 3503 1170 3573 <i
1181 3505 1215 3558 iro
1226 3505 1295 3573 rur.)

282 3577 311 3634 R
328 3581 474 3646 (134,21);
492 3577 710 3632 transnatabant
723 3579 752 3632 A
788 3575 931 3646 abe¹p²oy
948 3575 1128 3628 tnanstabant
1141 3575 1181 3641 e¹;
1199 3576 1293 3628 mana

281 3649 384 3703 tabant
399 3665 421 3716 p
434 3650 474 3718 1Ιὸ
492 3650 620 3702 renatato
641 3647 680 3702 θ’
697 3648 768 3715 rell.;
788 3650 888 3700 renato
909 3645 969 3700 G¹o
982 3648 1021 3715 l⁷
1041 3662 1103 3698 cum
1121 3661 1153 3710 o;
1171 3662 1221 3699 om.
1239 3661 1296 3700 mes

282 3717 438 3790 (anteceditz
462 3721 586 3844 'moly
599 3720 740 3789 gustasset
763 3718 838 3786 R¹o;
866 3717 996 3798 gustasse
1018 3715 1262 3797 R¹AFGabepp
1285 3718 1295 3784 l

283 3789 556 3860 9etin1np.RF
591 3790 704 3861 abepp3
723 3790 752 3842 et
769 3789 828 3856 lup.
844 3791 884 3853 A;
903 3784 1009 3855 mlnp.
1028 3788 1067 3855 υΙΙ
1082 3791 1116 3838 10
1133 3785 1294 3855 pugilatum

283 3861 388 3931 Rae93
405 3859 548 3929 pugillatu
567 3863 618 3927 bpy
637 3858 768 3926 pugilatu
787 3857 902 3912 AFeo
916 3858 924 3924 ΙΙ
939 3862 973 3909 20
992 3855 1124 3909 accedere
1141 3857 1178 3925 fg
