3284 4459
290 480 355 543 556
692 494 892 535 s.aaaasrnr1

291 632 342 708 qui
365 638 398 689 ut
421 629 512 689 veiint
533 630 583 688 isti
606 629 684 689 iacit.
732 627 901 689 Secundum
924 626 1003 688 iliam
1026 646 1097 688 vero
1120 628 1303 689 voluntatem

290 736 383 797 suam,
407 735 482 796 quae
501 734 570 776 cum
589 718 654 776 eius
672 719 867 794 praescientia
887 718 1067 794 sempiterna
1090 725 1144 796 est,
1167 718 1303 795 proiecto

290 808 321 865 in
345 804 426 865 caeto
450 806 529 865 etin
554 812 634 864 terra
657 807 754 864 omnia
778 822 983 883 quaecumque
1006 803 1099 864 voluit
1122 823 1181 864 non
1205 804 1304 865 solum

290 894 451 972 praeterita
464 892 511 953 vel
524 895 700 973 praesentia,
714 892 766 952 sed
782 895 870 952 etiam
885 893 984 952 futura
1004 895 1061 952 iarn
1080 893 1159 953 iecit.
1191 892 1304 953 Verum

257 990 448 1059 saniequam
472 983 571 1040 veniat
592 989 719 1058 tempus,
742 998 800 1059 qno
823 979 916 1040 voluit
941 988 975 1041 ut
1000 980 1100 1061 fieret,
1131 980 1210 1058 quod
1234 991 1304 1042 ante

291 1078 425 1147 tempora
443 1071 582 1129 universa
601 1071 758 1148 praescivit
776 1075 864 1147 atque
884 1068 1040 1147 disposuit,
1058 1067 1200 1129 dicimus:
1218 1069 1305 1148 „Fiet

292 1156 409 1235 quando
432 1156 512 1217 Deus
539 1152 701 1235 voluerit“;
729 1157 755 1215 si
777 1165 876 1217 autern
900 1174 959 1215 non
983 1156 1078 1216 solnm
1101 1166 1219 1235 tempus
1243 1176 1305 1236 quo

292 1247 426 1305 futurum
450 1254 510 1324 est,
540 1262 643 1305 verum
667 1247 754 1304 etiam
778 1253 879 1304 utrum
904 1244 1038 1304 iuturum
1061 1246 1100 1304 sit
1123 1247 1306 1326 ignoramus,

292 1334 431 1394 dicimus:
454 1332 556 1412 „Fiet,
584 1335 609 1392 si
633 1331 713 1392 Dens
735 1327 897 1411 voluerit“;
921 1350 980 1391 non
1004 1335 1071 1410 quia
1095 1332 1174 1393 Deus
1198 1352 1305 1394 novam

242 1433 274 1480 ιο
293 1421 485 1501 voluntatem,
510 1439 597 1498 qnam
620 1438 680 1480 non
703 1419 819 1500 babuit,
842 1428 914 1479 tunc
938 1420 1072 1501 babebit,
1096 1420 1148 1480 sed
1172 1424 1241 1499 quia
1264 1422 1307 1502 id,

292 1509 371 1588 quod
400 1527 436 1568 cx
464 1512 637 1568 aeternitate
667 1511 699 1568 in
729 1511 794 1569 eius
824 1507 989 1567 inmutabili
1021 1518 1229 1587 praeparatum
1257 1520 1307 1571 est

291 1597 450 1676 voluntate,
472 1604 545 1656 tuuc
569 1598 634 1655 erit

702 1817 820 1885 Carus
843 1819 902 1887 III.

294 1948 340 2008 Be
359 1950 559 2024 promissione
586 1953 732 2008 aeternae
759 1950 957 2010 beatitudinis
983 1958 1160 2011 sanctorum
1183 1958 1213 2013 et
1230 1970 1305 2028 per-

243 2045 274 2094 ts
560 2037 661 2111 petuas
682 2039 839 2112 suppliciis
861 2039 1028 2113 impiorum.

382 2158 585 2239 Quapropter,
612 2165 647 2218 ut
674 2166 772 2218 cetera
801 2165 861 2217 tam
884 2158 976 2220 multa
998 2168 1198 2242 praeteream,
1226 2164 1306 2224 sicut

293 2265 372 2307 nnnc
399 2248 430 2306 in
455 2245 572 2306 Christo
600 2245 733 2306 videmus
762 2246 880 2324 impleri
909 2247 988 2325 qnod
1012 2252 1148 2327 promisit
1171 2249 1305 2310 Abrabae

293 2335 408 2396 dicens:
439 2336 477 2395 In
510 2337 622 2396 semine
652 2342 703 2394 tuo
733 2335 952 2396 benedicentur
982 2353 1083 2397 omnes
1110 2344 1229 2412 pentes:
1263 2342 1304 2399 ita

294 2423 372 2501 qnod
396 2424 492 2483 eidem
519 2424 625 2483 semini
654 2424 718 2482 eius
740 2424 877 2501 promisit
900 2423 1084 2504 implebitur,
1112 2424 1165 2486 ubi
1187 2428 1228 2486 ait
1249 2445 1307 2505 per

241 2522 275 2570 ἑο
293 2510 481 2590 prophetam:
504 2511 679 2585 Resurpent
699 2514 754 2585 qui
774 2517 866 2571 erant
887 2514 919 2572 in
942 2517 1148 2592 monumentis,
1171 2521 1202 2573 et
1224 2515 1305 2592 qnod

294 2600 347 2658 ait:
371 2600 440 2658 Erit
458 2602 575 2658 caelum
593 2615 701 2659 norum
724 2604 755 2659 et
776 2607 863 2658 terra
886 2616 973 2674 nova,
996 2607 1027 2660 et
1048 2618 1108 2661 non
1131 2609 1223 2663 erunt
1244 2620 1303 2663 me-

294 2704 393 2746 mores
412 2690 565 2761 priorum,
588 2703 645 2746 nec
669 2689 813 2747 ascendet
835 2690 866 2747 in
890 2704 945 2748 eor
968 2691 1114 2764 ipsorum,
1141 2692 1198 2751 sed
1218 2692 1304 2751 laeti-

294 2778 367 2833 tiam
390 2780 421 2834 et
441 2777 656 2834 exultationem
680 2777 832 2835 invenient
858 2778 890 2835 in
914 2793 959 2835 ea.
1006 2777 1088 2841 Eece
1110 2794 1165 2851 epo
1185 2777 1305 2852 sariam

294 2862 486 2921 Hierusalem
509 2864 725 2921 exultationem
752 2869 783 2922 et
799 2866 945 2938 populum
968 2881 1066 2925 meum
1088 2868 1252 2937 laetitiam;
1275 2873 1306 2927 et

242 2962 276 3011 ea
294 2950 437 3010 exultabo
467 2952 498 3009 in
526 2948 717 3009 Hierusalem
749 2955 778 3011 et
804 2953 944 3011 laetabor
971 2955 1002 3013 in
1026 2956 1138 3029 populo
1166 2971 1243 3027 meo,
1276 2963 1307 3015 et

295 3041 377 3097 ultra
401 3053 461 3097 non
485 3039 630 3097 audietur
652 3040 683 3096 in
707 3040 760 3097 illa
783 3054 844 3097 uon
862 3040 971 3112 fletus·
994 3049 1024 3100 ct
1046 3059 1101 3119 per
1124 3040 1213 3101 alium
1235 3060 1304 3120 pro-

294 3123 413 3204 phetam
442 3124 521 3202 quod
552 3126 770 3203 praenuntiavit
802 3125 904 3185 dicens
933 3127 1029 3187 eidem
1056 3129 1234 3208 prophetae:
1267 3131 1306 3190 In

295 3220 428 3290 tempore
454 3216 505 3273 illo
532 3214 702 3273 salvabitur
723 3216 855 3289 populus
884 3220 953 3275 tuus
976 3220 1071 3277 omnis
1093 3221 1147 3292 qui
1169 3222 1307 3279 inuentus

291 3299 392 3377 suerit
417 3303 550 3376 scriptus
577 3301 723 3374 inlitam,
750 3304 890 3361 etmulti
912 3304 1123 3365 dormientium
1146 3308 1178 3365 in
1202 3314 1307 3366 terrae

369 3454 412 3522 rs)
431 3452 498 3508 Gen.
518 3457 562 3519 ee,
583 3458 625 3507 1s.
662 3454 708 3520 20)
726 3452 800 3508 usai.
820 3458 863 3520 aa,
884 3459 925 3507 19.
963 3455 1008 3523 eo)
1026 3455 1067 3509 1b.
1087 3461 1130 3521 os,
1150 3462 1182 3510 ιτ
1202 3474 1260 3525 sqq.

365 3690 381 3736 5
394 3682 474 3735 uenit
483 3682 511 3736 R
523 3683 533 3749 ΙΙ
547 3686 581 3733 22
595 3679 728 3733 ascendet
741 3679 934 3735 R’Aanaoe
948 3683 1025 3748 (458,
1035 3684 1079 3748 9);
1094 3681 1306 3753 ascendit1t193

295 3753 447 3810 ascendent
460 3767 503 3818 pv
521 3755 530 3819 ΙΙ
549 3756 582 3802 26
601 3750 631 3802 in
650 3766 683 3802 ea
701 3750 738 3802 bu
