3284 4459
341 510 407 573 596
742 521 944 565 senensem

338 662 465 736 paruuli
490 661 599 720 iactati
623 664 654 719 et
680 657 939 734 circumferamur
964 660 1047 719 omni
1071 665 1158 719 uento
1181 660 1351 731 doctrinae,

342 751 374 808 in
402 750 549 808 inlusione
574 749 739 820 hominum,
769 749 801 806 in
825 749 938 807 astutia
960 747 1004 806 ad
1024 747 1279 807 machinationem
1301 765 1351 807 er-

342 839 433 910 roris,
455 837 612 896 ueritatem
630 841 731 896 autem
745 833 897 909 facientes
915 836 948 894 in
970 836 1103 895 caritate
1125 851 1295 910 aupeamur
1319 838 1352 895 in

343 927 394 984 illo
417 942 477 1000 per
502 925 616 998 omnic,
648 926 704 998 aui
728 930 774 983 est
800 930 894 999 caput
923 923 1077 993 Christum
1103 941 1144 983 ea
1170 940 1229 998 quo
1257 929 1352 985 totum

308 1022 454 1088 tempus
481 1028 631 1073 conexum
657 1017 688 1072 et
713 1020 902 1087 compactum
926 1030 986 1087 per
1008 1028 1123 1072 omnem
1145 1018 1259 1072 tactum
1281 1013 1352 1073 suh-

343 1103 575 1161 ministrationis
591 1101 757 1161 secundum
776 1103 982 1176 operationem
1000 1102 1033 1159 in
1051 1116 1225 1161 mensnram
1246 1103 1352 1161 unius-

344 1192 490 1263 cuiusque
512 1190 614 1265 partis
640 1189 860 1249 incrementum
887 1191 1027 1264 corporis
1046 1186 1128 1263 facit
1150 1191 1182 1249 in
1205 1190 1353 1262 aedifica-

343 1280 454 1338 tionem
469 1280 521 1337 sui
537 1279 570 1337 in
587 1279 728 1338 caritate.
771 1274 850 1336 Ecce
871 1277 921 1354 qui
944 1283 991 1336 est
1013 1277 1058 1336 vir
1079 1276 1241 1356 periectos,
1264 1287 1354 1357 caput

343 1373 375 1426 et
396 1384 515 1445 corpus,
537 1363 616 1443 quod
634 1371 749 1424 constat
768 1363 906 1423 omnibus
929 1362 1078 1438 membris,
1101 1382 1177 1445 quae
1200 1383 1255 1424 suo
1277 1374 1353 1425 tem·

293 1462 325 1514 10
343 1471 417 1533 pore
435 1452 672 1532 complebuntur,
695 1452 803 1511 cotidie
821 1462 920 1513 temen
939 1452 1036 1512 eidem
1054 1454 1173 1531 corpori
1196 1453 1353 1535 accedunt,

344 1540 414 1603 dum
446 1541 618 1602 aedificatur
648 1540 789 1620 ecclesia,
820 1542 871 1601 cui
902 1540 1024 1601 dicitur:
1063 1540 1119 1602 Vos
1148 1547 1250 1602 autem
1280 1546 1355 1603 estis

343 1648 455 1707 corpus
482 1631 596 1691 Christi
616 1638 646 1689 et
667 1629 815 1702 membra,
839 1636 870 1688 et
892 1627 974 1689 alibi:
998 1630 1061 1690 Pro
1083 1646 1221 1707 corpore,
1245 1632 1354 1710 inquit,

344 1722 409 1778 eius
431 1719 744 1792 montenusio,
767 1718 899 1795 itemque
922 1716 1004 1777 alibi:
1032 1718 1114 1778 Unus
1133 1721 1235 1799 pam's,
1258 1736 1356 1779 unum

344 1823 456 1882 corpus
483 1808 570 1867 multi
593 1822 704 1866 sumus.
749 1803 791 1865 De
820 1808 906 1865 cuius
933 1808 1067 1884 eorporis
1096 1806 1299 1867 aedificatione
1323 1816 1356 1867 et

293 1903 326 1951 15
344 1893 392 1954 hic
415 1893 528 1954 dictum
555 1901 615 1954 est:
642 1896 692 1954 Aa
717 1896 1001 1954 consummationem
1023 1900 1200 1956 sanctorum
1222 1897 1254 1956 in
1277 1913 1355 1972 opus

344 1984 517 2056 ministerii,
544 1984 577 2043 in
603 1984 847 2054 aedificationem
873 1984 1012 2057 corporis
1038 1982 1153 2044 Christi
1179 2000 1213 2044 ac
1245 1983 1353 2046 deinde

345 2068 511 2131 subiectum
539 2068 617 2129 unde
641 2087 721 2130 nunc
743 2072 871 2148 egimus:
898 2070 1002 2131 Donec
1023 2088 1224 2133 occurramus
1251 2089 1355 2133 omnes

345 2162 377 2220 in
398 2162 545 2219 unitatem
568 2160 646 2231 fidei
672 2164 701 2218 et
723 2161 907 2233 opnitionem
927 2162 988 2231 lilii
1009 2159 1080 2239 Dei,
1106 2162 1139 2220 in
1161 2162 1260 2220 virum
1278 2178 1353 2237 per-

341 2246 469 2322 fectum,
497 2250 529 2307 in
551 2263 724 2307 mensuram
747 2250 857 2306 aetatis
876 2249 1075 2322 plenitudinis
1101 2248 1227 2321 Christi,
1251 2255 1282 2308 et
1305 2266 1353 2308 oe·

292 2343 327 2393 20
345 2344 422 2415 tera3
449 2334 543 2394 donec
570 2333 673 2394 eedem
702 2351 839 2394 mensura
866 2335 897 2393 in
926 2352 984 2412 quo
1008 2352 1133 2414 corpore
1154 2334 1354 2415 intellegenda

345 2431 437 2497 esset,
462 2423 636 2483 'ostenderet
667 2421 782 2482 dicens:
818 2424 996 2497 Auaeomur
1021 2426 1055 2483 in
1082 2426 1132 2484 iiio
1155 2441 1215 2500 per
1241 2428 1353 2499 omnio,

345 2515 400 2588 qui
424 2517 469 2573 est
495 2518 588 2588 caput
618 2512 770 2581 Christus;
797 2528 838 2571 ecc
865 2527 923 2585 auo
950 2517 1043 2572 totum
1066 2528 1178 2587 corpus
1200 2530 1353 2573 conexum

346 2607 375 2661 et
401 2609 587 2675 compactum
615 2618 674 2676 per
701 2616 816 2660 omnem
845 2604 959 2660 tactum
988 2600 1276 2663 subministrationis
1305 2619 1352 2662 se-

346 2691 478 2748 cundum
500 2691 705 2763 operationem
733 2690 764 2747 in
791 2704 963 2747 mensuram
986 2690 1223 2763 uniuscuiusque
1241 2692 1354 2765 partis.

293 2782 326 2831 25
347 2774 430 2835 Sicut
457 2793 528 2854 ergo
557 2784 603 2835 est
630 2791 769 2834 mensura
796 2777 1030 2854 uniuscuiusque
1057 2777 1163 2857 partis,
1189 2778 1231 2837 ito
1261 2780 1355 2837 totius

346 2865 493 2943 corporiS,
521 2862 600 2940 quod
623 2862 760 2923 omnibus
783 2864 846 2923 suis
868 2862 1002 2941 partibus
1025 2871 1153 2945 constat,
1180 2872 1226 2925 est
1248 2867 1354 2943 utique

345 2969 484 3011 mensura
511 2950 716 3030 plenitudiniS‚
743 2950 779 3010 de
808 2968 866 3029 qua
894 2951 1088 3012 dictumest:
1120 2952 1157 3012 In
1180 2970 1355 3013 mensuram

345 3043 456 3099 aetatis
483 3040 682 3115 plenitudinis
717 3038 837 3099 Christi.
890 3038 983 3109 Quam
1015 3038 1230 3118 plenitudinem
1262 3043 1353 3101 etiam

345 3126 393 3187 illo
414 3127 652 3187 commemoravit
670 3124 746 3206 loco,
768 3125 819 3185 ubi
843 3129 883 3186 ait
906 3126 941 3185 de
965 3125 1097 3187 Christo:
1120 3128 1160 3187 Et
1182 3132 1278 3205 ipsum
1302 3131 1354 3190 de-

291 3217 391 3275 tottii
413 3220 507 3291 coput
527 3231 620 3290 super
642 3231 757 3274 omnem
779 3217 953 3287 ecclesiam,
976 3232 1056 3289 quae
1078 3222 1124 3276 est
1145 3233 1256 3293 corpus
1278 3220 1356 3291 eius,

410 3355 437 3423 8)
459 3352 530 3421 Eph.
553 3357 706 3423 4‚10sqq.
759 3357 803 3425 12)
827 3360 850 3410 1.
875 3355 935 3412 Gor.
961 3363 1008 3423 12,
1027 3364 1069 3411 27.
1122 3363 1165 3431 13)
1189 3359 1245 3415 001.
1268 3367 1293 3430 1,
1312 3368 1357 3419 24·

341 3425 384 3490 14)
405 3430 428 3477 1.
448 3421 507 3478 Cor.
528 3429 627 3492 10‚1‘1.

412 3568 425 3614 1
452 3562 679 3618 circumferamur
701 3566 730 3620 R
752 3565 869 3621 Olarom.
888 3568 981 3637 Lucis.
1002 3574 1071 3637 200,
1091 3575 1147 3638 27;
1173 3576 1242 3639 202,
1263 3574 1356 3629 111.-

340 3632 506 3687 cireumdsti
522 3637 551 3700 b;
570 3633 728 3688 circumlati
741 3637 932 3708 AGnaeppo
949 3642 958 3709 {i
977 3646 993 3693 4
1012 3642 1063 3765 (νῆ
1075 3642 1106 3695 in
1120 3645 1148 3699 R
1193 3649 1210 3697 5
1229 3619 1358 3714 conpuns

340 3705 421 3784 cium¹
430 3702 481 3773 Ru
495 3710 527 3757 23
546 3707 733 3773 conpunctum
747 3706 789 3761 R¹
801 3709 812 3776 fl
825 3713 859 3762 30
878 3724 989 3763 omnem
1004 3713 1153 3767 eccesiam
1199 3716 1237 3770 ab
1250 3716 1355 3787 frapm.

340 3770 464 3853 Fmsmp.
484 3775 524 3827 ed.
543 3774 650 3843 Zieptcr
665 3792 693 3841 p.
708 3780 770 3841 117,
788 3778 828 3831 ed.
841 3781 946 3847 princ.;
964 3782 1042 3836 omni
1060 3784 1180 3840 ecclesia
1197 3786 1238 3852 A3
1256 3789 1357 3843 omnia

340 3838 476 3895 eeclemae
496 3843 629 3912 Gncppo
645 3850 679 3897 ut
695 3845 798 3900 Amici.
812 3865 861 3902 sec.
879 3850 974 3905 Graec.
1309 3884 1310 3887 ¹
1330 3881 1333 3885 ·
