3284 4459
368 491 434 556 312
777 503 979 546 seponamus

368 639 511 700 dicendus
531 648 584 718 est,
608 648 641 700 ut
659 638 774 700 facilius
792 637 829 699 ab
848 637 985 699 omnibus
1001 640 1097 718 possit
1119 638 1259 716 intellegi.
1300 637 1380 698 Tan-

368 736 432 788 tum
459 735 505 787 est
533 730 611 787 enim
638 730 720 806 pacis
747 726 872 801 bonum,
900 735 934 787 ut
961 728 1050 787 etiam
1078 728 1110 786 in
1132 725 1224 787 rebus
1247 729 1379 786 terrenis

368 824 456 894 atque
475 815 648 876 mortalibus
666 814 739 876 nibil
757 818 871 894 gratius
889 814 981 876 soleat
1004 814 1110 894 audiri,
1132 815 1206 875 nibil
1227 814 1378 876 desidera-

367 902 457 964 bilius
487 906 674 986 oonoupisoi,
703 904 777 964 nihil
805 913 957 983 postremo
984 905 1078 983 possit
1105 904 1211 964 melius
1240 904 1379 963 inveniri.

333 1004 349 1053 t
368 991 410 1052 De
429 1010 488 1072 quo
507 995 533 1052 si
551 991 699 1070 aliquanto
718 991 831 1052 diutius
855 991 937 1070 loqui
959 990 1149 1071 voluerimus,
1172 1009 1232 1051 non
1255 993 1380 1071 erimus,

369 1089 511 1160 quantum
540 1079 685 1162 arbitror,
717 1082 836 1141 onerosi
867 1078 1049 1160 legentibus,
1078 1088 1109 1140 et
1135 1087 1259 1159 propter
1287 1080 1378 1139 tinem

368 1171 495 1229 civitatis
513 1167 611 1250 huius,
634 1169 671 1228 de
695 1186 753 1248 qua
775 1167 861 1228 nobis
884 1185 982 1228 sermo
1006 1177 1061 1241 est,
1083 1175 1114 1227 et
1134 1175 1260 1248 proptor
1282 1169 1379 1248 ipsam

368 1256 554 1318 dulcedinem
576 1258 671 1336 pacis,
694 1274 769 1336 qnae
792 1255 930 1316 omnibus
953 1272 1020 1316 cara
1044 1263 1098 1317 est

767 1479 886 1546 Oaros
908 1479 980 1544 XII.

315 1623 348 1672 10
371 1610 461 1682 Quod
486 1612 577 1670 etiam
604 1611 778 1671 bellantium
807 1611 936 1670 saevitia
963 1626 1123 1685 omnesque
1149 1611 1300 1670 bominum
1330 1613 1378 1669 in·

367 1699 557 1773 quietudines
576 1700 620 1758 ad
637 1701 726 1774 pacis
746 1701 838 1770 finem
861 1699 989 1773 cupient
1005 1701 1178 1774 pervenire,
1199 1701 1266 1759 sine
1288 1702 1380 1758 cuius

646 1790 781 1864 appetitu
804 1789 890 1846 nullo
912 1793 1028 1846 notura
1050 1788 1097 1846 sit.

456 1909 541 1981 Quod
560 1927 677 1971 meeum
695 1909 831 1987 quisquis
849 1926 898 1968 res
916 1907 1059 1969 humanas
1082 1918 1277 1988 naturamque
1296 1928 1377 1969 oom-

367 2016 488 2059 munem
511 2005 672 2076 utcumque
690 1999 825 2058 intuatur
848 1999 994 2076 agnoseit3
1017 1999 1197 2058 sicutenim
1220 2016 1307 2058 nemo
1330 2007 1379 2058 est

316 2099 348 2148 15
367 2089 419 2165 qui
442 2086 570 2165 gaudere
599 2085 685 2165 nolit,
712 2087 753 2145 ita
782 2103 869 2145 nemo
893 2093 939 2145 est
962 2087 1014 2163 qui
1035 2103 1138 2165 paoem
1161 2085 1271 2146 habero
1293 2087 1378 2146 nolit.

367 2175 490 2247 Quando
508 2173 628 2252 quidem
648 2174 761 2254 stipsi,
783 2175 836 2251 qui
858 2172 933 2234 bella
956 2173 1068 2253 voluat,
1090 2174 1162 2234 nibil
1184 2173 1264 2235 aliud
1287 2192 1379 2253 qnam
1461 2212 1462 2217 κ

366 2266 485 2324 uincere
508 2263 623 2342 volunt3
647 2262 681 2322 ad
705 2261 863 2340 gloriosam
887 2280 959 2340 ergo
976 2279 1079 2340 paoem
1097 2261 1233 2322 bellando
1251 2265 1380 2343 eupiunt
1460 2286 1461 2307 ¹

366 2353 529 2432 pervenire.
575 2350 647 2411 Nam
670 2350 741 2428 quid
765 2358 811 2411 est
833 2349 912 2410 alind
934 2352 1056 2412 viatoria
1078 2353 1137 2410 nisi
1159 2351 1304 2412 subiootio
1328 2370 1377 2411 re·
1459 2368 1460 2397 t

366 2435 582 2519 pugnantium?
601 2438 690 2516 quod
720 2455 788 2498 oum
818 2438 929 2499 iactum
959 2439 1065 2518 inerit,
1093 2457 1150 2518 pax
1179 2441 1244 2500 erit.
1289 2438 1378 2500 Pacis

314 2540 347 2589 20
366 2530 457 2606 igitur
479 2529 643 2588 intentione
666 2535 812 2605 geruntur
835 2535 866 2586 et
886 2525 972 2607 bella,
994 2524 1030 2586 ab
1054 2526 1100 2587 bis
1113 2530 1220 2602 etiam,
1243 2530 1295 2606 qui
1317 2531 1377 2588 vir·

366 2624 460 2676 tutem
492 2613 626 2676 bellicam
663 2614 783 2674 student
819 2632 959 2675 exercere
996 2615 1168 2694 imperando
1201 2626 1288 2694 atque
1320 2635 1378 2695 pu-

366 2703 491 2781 gnando.
541 2701 625 2763 Unde
648 2719 750 2781 paoem
774 2711 890 2763 oonstat
912 2701 982 2763 belli
1005 2721 1071 2764 esse
1093 2703 1253 2783 optabilem
1275 2704 1377 2765 finem.

366 2789 470 2851 Omnis
507 2791 587 2850 enlm
622 2789 710 2850 bomo
747 2791 836 2850 etiam
867 2790 1066 2870 belligerando
1097 2809 1201 2871 paoem
1231 2795 1376 2872 requirit3

367 2896 454 2940 nemo
478 2886 576 2938 autem
599 2876 709 2938 bellurn
737 2879 927 2957 pacificando.
971 2878 1046 2940 Nam
1069 2887 1099 2940 et
1121 2879 1164 2940 illi
1187 2883 1238 2959 qui
1261 2899 1378 2960 pacem,

314 2979 348 3028 25
367 2968 398 3027 in
421 2984 478 3045 qua
501 2973 584 3045 sunt,
611 2965 779 3044 perturbari
802 2967 917 3041 volunt,
945 2985 1004 3027 nou
1027 2985 1129 3046 paoem
1153 2969 1297 3048 oderunt,
1321 2970 1377 3030 sed

365 3071 431 3115 eam
458 3072 513 3132 pro
541 3053 663 3114 arbitrio
692 3073 745 3115 suo
774 3057 898 3134 eupiunt
925 3059 1109 3118 commutari
1153 3056 1219 3117 Non
1247 3076 1318 3136 ergo
1343 3066 1379 3118 ut

366 3143 406 3203 sit
428 3161 484 3222 pax
506 3141 620 3224 nolunt,
642 3142 693 3204 sed
718 3151 751 3203 ut
774 3160 808 3202 ea
831 3145 871 3203 sit
893 3161 981 3222 quam
1003 3142 1114 3206 volunt.
1159 3143 1293 3224 Denique
1317 3149 1378 3206 atsi

366 3248 420 3310 per
452 3230 626 3292 seditionem
657 3249 689 3291 se
722 3229 758 3290 ab
790 3230 855 3291 aliis
887 3235 1104 3312 separaverint,
1132 3251 1200 3294 oum
1228 3236 1272 3294 eis
1299 3235 1378 3312 ipsis

367 3321 542 3398 conspiratis
560 3318 606 3380 vel
624 3321 785 3380 coniuratis
808 3321 871 3379 suis
894 3322 952 3380 nisi
975 3319 1220 3400 qualemcumque
1243 3324 1377 3401 speeiem

314 3420 348 3468 to
366 3409 447 3487 pacis
479 3414 616 3488 teneant,
652 3425 711 3468 non
744 3407 877 3467 efficiunt
912 3406 992 3486 quod
1022 3407 1190 3469 intendunt.
1244 3409 1377 3472 Proinde

366 3494 496 3556 latrones
523 3497 595 3576 ipsi,
626 3503 661 3555 ut
687 3493 891 3556 vehementius
919 3503 950 3555 et
976 3499 1070 3557 tutius
1097 3498 1199 3557 infesti
1226 3500 1286 3557 sint
1308 3504 1378 3577 paci

366 3631 578 3642 --..-.

437 3704 471 3754 18
493 3714 531 3768 aq.
555 3699 630 3768 quod
651 3715 761 3754 meeum
785 3739 791 3752 .
815 3741 821 3755 .
845 3700 919 3755 dont
941 3701 1015 3756 enim
1037 3718 1120 3758 nemo
1137 3702 1181 3769 R,·
1203 3703 1280 3774 quod
1299 3707 1378 3761 subn

366 3785 475 3824 meeum
494 3811 500 3824 .
520 3811 527 3824 .
546 3767 618 3823 siout
635 3784 716 3824 nemo
740 3769 951 3839 Aaronom
