<?xml version="1.0" encoding="UTF-8"?>
<!DOCTYPE html PUBLIC "-//W3C//DTD XHTML 1.0 Transitional//EN"
    "http://www.w3.org/TR/xhtml1/DTD/xhtml1-transitional.dtd">
<html xmlns="http://www.w3.org/1999/xhtml" xml:lang="en" lang="en">
 <head>
  <title>
</title>
<meta http-equiv="Content-Type" content="text/html;charset=utf-8" />
  <meta name='ocr-system' content='tesseract 3.04.00' />
  <meta name='ocr-capabilities' content='ocr_page ocr_carea ocr_par ocr_line ocrx_word'/>
</head>
<body>
  <div class='ocr_page' id='page_1' title='image "./sanctiaureliiau11augugoog_0367.png"; bbox 0 0 3284 4459; ppageno 0'>
   <div class='ocr_carea' id='block_1_1' title="bbox 576 544 1300 612">
    <p class='ocr_par' dir='ltr' id='par_1_1' title="bbox 576 544 1300 612">
     <span class='ocr_line' id='line_1_1' title="bbox 576 544 1300 612; baseline 0 -4"><span class='ocrx_word' id='word_1_1' title='bbox 576 568 617 608; x_wconf 85' lang='lat' dir='ltr'>nn</span> <span class='ocrx_word' id='word_1_2' title='bbox 631 565 774 608; x_wconf 69' lang='lat' dir='ltr'>omniurn</span> <span class='ocrx_word' id='word_1_3' title='bbox 788 565 842 604; x_wconf 83' lang='lat' dir='ltr'>nur</span> <span class='ocrx_word' id='word_1_4' title='bbox 854 565 882 604; x_wconf 82' lang='lat' dir='ltr'>n.</span> <span class='ocrx_word' id='word_1_5' title='bbox 896 564 959 604; x_wconf 78' lang='lat' dir='ltr'>m</span> <span class='ocrx_word' id='word_1_6' title='bbox 973 563 996 605; x_wconf 86' lang='lat' dir='ltr'>c.</span> <span class='ocrx_word' id='word_1_7' title='bbox 1011 566 1030 604; x_wconf 89' lang='lat'>1.</span> <span class='ocrx_word' id='word_1_8' title='bbox 1236 544 1300 612; x_wconf 70' lang='lat'>347</span> 
     </span>
    </p>
   </div>
   <div class='ocr_carea' id='block_1_2' title="bbox 292 695 1366 3689">
    <p class='ocr_par' dir='ltr' id='par_1_2' title="bbox 292 695 1366 3689">
     <span class='ocr_line' id='line_1_2' title="bbox 295 695 1301 786; baseline -0.011 -21"><span class='ocrx_word' id='word_1_9' title='bbox 295 712 444 786; x_wconf 79' lang='lat' dir='ltr'>ponerent</span> <span class='ocrx_word' id='word_1_10' title='bbox 462 711 492 763; x_wconf 89' lang='lat' dir='ltr'>et</span> <span class='ocrx_word' id='word_1_11' title='bbox 509 701 667 764; x_wconf 76' lang='lat' dir='ltr'>motorum·</span> <span class='ocrx_word' id='word_1_12' title='bbox 706 699 750 760; x_wconf 85' lang='lat' dir='ltr'>Ex</span> <span class='ocrx_word' id='word_1_13' title='bbox 774 717 832 777; x_wconf 88' lang='lat' dir='ltr'>qua</span> <span class='ocrx_word' id='word_1_14' title='bbox 850 699 998 778; x_wconf 90' lang='lat' dir='ltr'>tripertita</span> <span class='ocrx_word' id='word_1_15' title='bbox 1020 696 1100 758; x_wconf 72' lang='lat' dir='ltr'>v&#39;elut</span> <span class='ocrx_word' id='word_1_16' title='bbox 1121 695 1301 775; x_wconf 77' lang='lat' dir='ltr'>generalium</span> 
     </span>
     <span class='ocr_line' id='line_1_3' title="bbox 293 783 1302 863; baseline -0.012 -9"><span class='ocrx_word' id='word_1_17' title='bbox 293 791 506 854; x_wconf 80' lang='lat' dir='ltr'>distributione</span> <span class='ocrx_word' id='word_1_18' title='bbox 535 798 682 850; x_wconf 90' lang='lat' dir='ltr'>sectarum</span> <span class='ocrx_word' id='word_1_19' title='bbox 713 787 831 848; x_wconf 88' lang='lat' dir='ltr'>Marcus</span> <span class='ocrx_word' id='word_1_20' title='bbox 862 785 954 847; x_wconf 86' lang='lat' dir='ltr'>Varro</span> <span class='ocrx_word' id='word_1_21' title='bbox 981 789 1012 847; x_wconf 91' lang='lat' dir='ltr'>in</span> <span class='ocrx_word' id='word_1_22' title='bbox 1040 785 1116 846; x_wconf 93' lang='lat' dir='ltr'>libro</span> <span class='ocrx_word' id='word_1_23' title='bbox 1144 784 1180 844; x_wconf 90' lang='lat' dir='ltr'>de</span> <span class='ocrx_word' id='word_1_24' title='bbox 1209 783 1302 863; x_wconf 92' lang='lat' dir='ltr'>pbilo-</span> 
     </span>
     <span class='ocr_line' id='line_1_4' title="bbox 298 869 1305 961; baseline -0.01 -19"><span class='ocrx_word' id='word_1_25' title='bbox 298 881 401 961; x_wconf 91' lang='lat' dir='ltr'>sophia</span> <span class='ocrx_word' id='word_1_26' title='bbox 438 888 498 940; x_wconf 91' lang='lat' dir='ltr'>tam</span> <span class='ocrx_word' id='word_1_27' title='bbox 529 877 650 939; x_wconf 89' lang='lat' dir='ltr'>multam</span> <span class='ocrx_word' id='word_1_28' title='bbox 682 877 852 955; x_wconf 83' lang='lat' dir='ltr'>dogmatum</span> <span class='ocrx_word' id='word_1_29' title='bbox 881 878 1054 936; x_wconf 82' lang='lat' dir='ltr'>varietatem</span> <span class='ocrx_word' id='word_1_30' title='bbox 1085 873 1242 949; x_wconf 72' lang='lat' dir='ltr'>diligenter</span> <span class='ocrx_word' id='word_1_31' title='bbox 1273 869 1305 933; x_wconf 83' lang='lat' dir='ltr'>et</span> 
     </span>
     <span class='ocr_line' id='line_1_5' title="bbox 293 963 1305 1040; baseline -0.012 -8"><span class='ocrx_word' id='word_1_32' title='bbox 293 969 449 1032; x_wconf 76' lang='lat' dir='ltr'>subtiliter</span> <span class='ocrx_word' id='word_1_33' title='bbox 476 974 626 1028; x_wconf 88' lang='lat' dir='ltr'>scrutatus</span> <span class='ocrx_word' id='word_1_34' title='bbox 654 965 791 1038; x_wconf 85' lang='lat' dir='ltr'>advertit,</span> <span class='ocrx_word' id='word_1_35' title='bbox 822 972 856 1025; x_wconf 91' lang='lat' dir='ltr'>ut</span> <span class='ocrx_word' id='word_1_36' title='bbox 877 965 913 1025; x_wconf 83' lang='lat' dir='ltr'>ad</span> <span class='ocrx_word' id='word_1_37' title='bbox 936 964 1080 1024; x_wconf 85' lang='lat' dir='ltr'>ducentas</span> <span class='ocrx_word' id='word_1_38' title='bbox 1102 963 1252 1040; x_wconf 79' lang='lat' dir='ltr'>octoginta</span> <span class='ocrx_word' id='word_1_39' title='bbox 1274 967 1305 1021; x_wconf 86' lang='lat' dir='ltr'>et</span> 
     </span>
     <span class='ocr_line' id='line_1_6' title="bbox 293 1053 1339 1136; baseline -0.009 -17"><span class='ocrx_word' id='word_1_40' title='bbox 293 1067 367 1119; x_wconf 92' lang='lat' dir='ltr'>octo</span> <span class='ocrx_word' id='word_1_41' title='bbox 390 1065 495 1136; x_wconf 88' lang='lat' dir='ltr'>sectas,</span> <span class='ocrx_word' id='word_1_42' title='bbox 517 1073 577 1116; x_wconf 93' lang='lat' dir='ltr'>non</span> <span class='ocrx_word' id='word_1_43' title='bbox 600 1072 675 1133; x_wconf 84' lang='lat' dir='ltr'>qnae</span> <span class='ocrx_word' id='word_1_44' title='bbox 698 1055 755 1114; x_wconf 92' lang='lat' dir='ltr'>iam</span> <span class='ocrx_word' id='word_1_45' title='bbox 779 1062 889 1133; x_wconf 89' lang='lat' dir='ltr'>essent,</span> <span class='ocrx_word' id='word_1_46' title='bbox 912 1053 963 1113; x_wconf 89' lang='lat' dir='ltr'>scd</span> <span class='ocrx_word' id='word_1_47' title='bbox 985 1068 1061 1130; x_wconf 80' lang='lat' dir='ltr'>qnae</span> <span class='ocrx_word' id='word_1_48' title='bbox 1084 1067 1151 1110; x_wconf 79' lang='lat' dir='ltr'>esse</span> <span class='ocrx_word' id='word_1_49' title='bbox 1172 1056 1305 1128; x_wconf 84' lang='lat' dir='ltr'>possent,</span> <span class='ocrx_word' id='word_1_50' title='bbox 1323 1062 1339 1110; x_wconf 83' lang='lat' dir='ltr'>o</span> 
     </span>
     <span class='ocr_line' id='line_1_7' title="bbox 292 1141 1262 1222; baseline -0.009 -15"><span class='ocrx_word' id='word_1_51' title='bbox 292 1145 442 1207; x_wconf 83' lang='lat' dir='ltr'>adhibens</span> <span class='ocrx_word' id='word_1_52' title='bbox 465 1143 605 1222; x_wconf 89' lang='lat' dir='ltr'>quasdam</span> <span class='ocrx_word' id='word_1_53' title='bbox 628 1143 808 1203; x_wconf 77' lang='lat' dir='ltr'>differentias</span> <span class='ocrx_word' id='word_1_54' title='bbox 832 1141 966 1201; x_wconf 80' lang='lat' dir='ltr'>facillime</span> <span class='ocrx_word' id='word_1_55' title='bbox 990 1141 1167 1219; x_wconf 81' lang='lat' dir='ltr'>perveniret.</span> <span class='ocrx_word' id='word_1_56' title='bbox 1260 1173 1262 1179; x_wconf 85' lang='lat'><em>·</em></span> 
     </span>
     <span class='ocr_line' id='line_1_8' title="bbox 372 1227 1306 1310; baseline -0.011 -16"><span class='ocrx_word' id='word_1_57' title='bbox 372 1232 474 1304; x_wconf 69' lang='lat' dir='ltr'>¹(Juod</span> <span class='ocrx_word' id='word_1_58' title='bbox 508 1241 540 1292; x_wconf 92' lang='lat' dir='ltr'>ut</span> <span class='ocrx_word' id='word_1_59' title='bbox 570 1231 699 1291; x_wconf 87' lang='lat' dir='ltr'>breviter</span> <span class='ocrx_word' id='word_1_60' title='bbox 728 1229 895 1310; x_wconf 89' lang='lat' dir='ltr'>ostendam,</span> <span class='ocrx_word' id='word_1_61' title='bbox 925 1228 995 1289; x_wconf 91' lang='lat' dir='ltr'>inde</span> <span class='ocrx_word' id='word_1_62' title='bbox 1019 1234 1136 1307; x_wconf 91' lang='lat' dir='ltr'>oportet</span> <span class='ocrx_word' id='word_1_63' title='bbox 1159 1227 1306 1305; x_wconf 89' lang='lat' dir='ltr'>incipiam,</span> 
     </span>
     <span class='ocr_line' id='line_1_9' title="bbox 293 1317 1307 1402; baseline -0.011 -19"><span class='ocrx_word' id='word_1_64' title='bbox 293 1322 379 1402; x_wconf 75' lang='lat' dir='ltr'>quod</span> <span class='ocrx_word' id='word_1_65' title='bbox 402 1324 465 1400; x_wconf 91' lang='lat' dir='ltr'>ipse</span> <span class='ocrx_word' id='word_1_66' title='bbox 489 1319 615 1380; x_wconf 84' lang='lat' dir='ltr'>advertit</span> <span class='ocrx_word' id='word_1_67' title='bbox 637 1327 667 1378; x_wconf 89' lang='lat' dir='ltr'>et</span> <span class='ocrx_word' id='word_1_68' title='bbox 680 1321 788 1397; x_wconf 56' lang='lat' dir='ltr'>,posuit</span> <span class='ocrx_word' id='word_1_69' title='bbox 811 1320 843 1378; x_wconf 94' lang='lat' dir='ltr'>in</span> <span class='ocrx_word' id='word_1_70' title='bbox 865 1317 941 1378; x_wconf 89' lang='lat' dir='ltr'>libro</span> <span class='ocrx_word' id='word_1_71' title='bbox 964 1324 1143 1398; x_wconf 89' lang='lat' dir='ltr'>memorato,</span> <span class='ocrx_word' id='word_1_72' title='bbox 1166 1321 1307 1393; x_wconf 91' lang='lat' dir='ltr'>quattuor</span> 
     </span>
     <span class='ocr_line' id='line_1_10' title="bbox 293 1401 1306 1488; baseline -0.009 -18"><span class='ocrx_word' id='word_1_73' title='bbox 293 1429 366 1472; x_wconf 83' lang='lat' dir='ltr'>esse</span> <span class='ocrx_word' id='word_1_74' title='bbox 386 1408 539 1488; x_wconf 84' lang='lat' dir='ltr'>quaedam,</span> <span class='ocrx_word' id='word_1_75' title='bbox 562 1425 637 1488; x_wconf 90' lang='lat' dir='ltr'>qnae</span> <span class='ocrx_word' id='word_1_76' title='bbox 655 1406 789 1467; x_wconf 87' lang='lat' dir='ltr'>homines</span> <span class='ocrx_word' id='word_1_77' title='bbox 809 1408 872 1466; x_wconf 90' lang='lat' dir='ltr'>sine</span> <span class='ocrx_word' id='word_1_78' title='bbox 895 1409 1045 1486; x_wconf 81' lang='lat' dir='ltr'>magistro,</span> <span class='ocrx_word' id='word_1_79' title='bbox 1068 1406 1132 1465; x_wconf 88' lang='lat' dir='ltr'>sine</span> <span class='ocrx_word' id='word_1_80' title='bbox 1155 1402 1215 1464; x_wconf 91' lang='lat' dir='ltr'>ullo</span> <span class='ocrx_word' id='word_1_81' title='bbox 1238 1401 1306 1461; x_wconf 90' lang='lat' dir='ltr'>doo-</span> 
     </span>
     <span class='ocr_line' id='line_1_11' title="bbox 301 1492 1359 1576; baseline -0.007 -17"><span class='ocrx_word' id='word_1_82' title='bbox 301 1501 394 1559; x_wconf 90' lang='lat' dir='ltr'>trinae</span> <span class='ocrx_word' id='word_1_83' title='bbox 423 1494 617 1576; x_wconf 89' lang='lat' dir='ltr'>adminiculo,</span> <span class='ocrx_word' id='word_1_84' title='bbox 648 1497 712 1555; x_wconf 86' lang='lat' dir='ltr'>sine</span> <span class='ocrx_word' id='word_1_85' title='bbox 739 1494 886 1555; x_wconf 87' lang='lat' dir='ltr'>industria</span> <span class='ocrx_word' id='word_1_86' title='bbox 913 1494 958 1554; x_wconf 89' lang='lat' dir='ltr'>vel</span> <span class='ocrx_word' id='word_1_87' title='bbox 981 1503 1044 1554; x_wconf 92' lang='lat' dir='ltr'>arte</span> <span class='ocrx_word' id='word_1_88' title='bbox 1067 1492 1202 1572; x_wconf 83' lang='lat' dir='ltr'>vivendi,</span> <span class='ocrx_word' id='word_1_89' title='bbox 1232 1505 1359 1570; x_wconf 87' lang='lat' dir='ltr'>quae-10</span> 
     </span>
     <span class='ocr_line' id='line_1_12' title="bbox 299 1580 1307 1663; baseline -0.008 -18"><span class='ocrx_word' id='word_1_90' title='bbox 299 1589 395 1647; x_wconf 86' lang='lat' dir='ltr'>virtus</span> <span class='ocrx_word' id='word_1_91' title='bbox 422 1584 532 1645; x_wconf 90' lang='lat' dir='ltr'>dicitur</span> <span class='ocrx_word' id='word_1_92' title='bbox 559 1592 589 1645; x_wconf 90' lang='lat' dir='ltr'>et</span> <span class='ocrx_word' id='word_1_93' title='bbox 615 1582 719 1663; x_wconf 91' lang='lat' dir='ltr'>procul</span> <span class='ocrx_word' id='word_1_94' title='bbox 746 1582 836 1643; x_wconf 91' lang='lat' dir='ltr'>dubio</span> <span class='ocrx_word' id='word_1_95' title='bbox 866 1582 1004 1661; x_wconf 87' lang='lat' dir='ltr'>discitur,</span> <span class='ocrx_word' id='word_1_96' title='bbox 1032 1581 1112 1642; x_wconf 92' lang='lat' dir='ltr'>velut</span> <span class='ocrx_word' id='word_1_97' title='bbox 1134 1580 1307 1642; x_wconf 87' lang='lat' dir='ltr'>naturaliter</span> 
     </span>
     <span class='ocr_line' id='line_1_13' title="bbox 293 1670 1306 1758; baseline -0.008 -24"><span class='ocrx_word' id='word_1_98' title='bbox 293 1681 453 1758; x_wconf 75' lang='lat' dir='ltr'>oppetunt,</span> <span class='ocrx_word' id='word_1_99' title='bbox 476 1679 527 1734; x_wconf 93' lang='lat' dir='ltr'>aut</span> <span class='ocrx_word' id='word_1_100' title='bbox 550 1670 745 1751; x_wconf 86' lang='lat' dir='ltr'>voluptatem,</span> <span class='ocrx_word' id='word_1_101' title='bbox 767 1688 825 1749; x_wconf 88' lang='lat' dir='ltr'>qua</span> <span class='ocrx_word' id='word_1_102' title='bbox 848 1670 1062 1731; x_wconf 84' lang='lat' dir='ltr'>delectabiliter</span> <span class='ocrx_word' id='word_1_103' title='bbox 1085 1677 1220 1731; x_wconf 90' lang='lat' dir='ltr'>movetur</span> <span class='ocrx_word' id='word_1_104' title='bbox 1242 1680 1306 1728; x_wconf 88' lang='lat' dir='ltr'>cor·</span> 
     </span>
     <span class='ocr_line' id='line_1_14' title="bbox 301 1757 1308 1842; baseline -0.006 -21"><span class='ocrx_word' id='word_1_105' title='bbox 301 1765 383 1842; x_wconf 88' lang='lat' dir='ltr'>poris</span> <span class='ocrx_word' id='word_1_106' title='bbox 411 1779 531 1839; x_wconf 91' lang='lat' dir='ltr'>sensus,</span> <span class='ocrx_word' id='word_1_107' title='bbox 559 1768 609 1820; x_wconf 92' lang='lat' dir='ltr'>aut</span> <span class='ocrx_word' id='word_1_108' title='bbox 636 1761 780 1838; x_wconf 90' lang='lat' dir='ltr'>quietem,</span> <span class='ocrx_word' id='word_1_109' title='bbox 809 1777 867 1838; x_wconf 86' lang='lat' dir='ltr'>qua</span> <span class='ocrx_word' id='word_1_110' title='bbox 896 1760 929 1819; x_wconf 88' lang='lat' dir='ltr'>bt</span> <span class='ocrx_word' id='word_1_111' title='bbox 957 1768 988 1818; x_wconf 95' lang='lat' dir='ltr'>ut</span> <span class='ocrx_word' id='word_1_112' title='bbox 1011 1758 1120 1818; x_wconf 91' lang='lat' dir='ltr'>nullam</span> <span class='ocrx_word' id='word_1_113' title='bbox 1144 1757 1308 1818; x_wconf 87' lang='lat' dir='ltr'>molestiam</span> 
     </span>
     <span class='ocr_line' id='line_1_15' title="bbox 293 1850 1308 1930; baseline -0.008 -19"><span class='ocrx_word' id='word_1_114' title='bbox 293 1851 437 1930; x_wconf 81' lang='lat' dir='ltr'>corporis</span> <span class='ocrx_word' id='word_1_115' title='bbox 455 1851 581 1927; x_wconf 89' lang='lat' dir='ltr'>quisque</span> <span class='ocrx_word' id='word_1_116' title='bbox 600 1850 736 1927; x_wconf 91' lang='lat' dir='ltr'>patiatur,</span> <span class='ocrx_word' id='word_1_117' title='bbox 759 1854 809 1906; x_wconf 92' lang='lat' dir='ltr'>aut</span> <span class='ocrx_word' id='word_1_118' title='bbox 828 1856 992 1926; x_wconf 86' lang='lat' dir='ltr'>utramque,</span> <span class='ocrx_word' id='word_1_119' title='bbox 1016 1865 1103 1925; x_wconf 91' lang='lat' dir='ltr'>quam</span> <span class='ocrx_word' id='word_1_120' title='bbox 1126 1854 1224 1906; x_wconf 93' lang='lat' dir='ltr'>tamen</span> <span class='ocrx_word' id='word_1_121' title='bbox 1247 1862 1308 1905; x_wconf 93' lang='lat' dir='ltr'>uno</span> 
     </span>
     <span class='ocr_line' id='line_1_16' title="bbox 295 1933 1361 2016; baseline -0.004 -17"><span class='ocrx_word' id='word_1_122' title='bbox 295 1940 422 2000; x_wconf 87' lang='lat' dir='ltr'>nomine</span> <span class='ocrx_word' id='word_1_123' title='bbox 441 1936 598 2016; x_wconf 86' lang='lat' dir='ltr'>voluptatis</span> <span class='ocrx_word' id='word_1_124' title='bbox 617 1934 765 2014; x_wconf 82' lang='lat' dir='ltr'>Epicurus</span> <span class='ocrx_word' id='word_1_125' title='bbox 788 1935 922 2014; x_wconf 88' lang='lat' dir='ltr'>appellat,</span> <span class='ocrx_word' id='word_1_126' title='bbox 946 1944 997 1995; x_wconf 93' lang='lat' dir='ltr'>aut</span> <span class='ocrx_word' id='word_1_127' title='bbox 1019 1933 1226 1995; x_wconf 84' lang='lat' dir='ltr'>universaliter</span> <span class='ocrx_word' id='word_1_128' title='bbox 1249 1935 1308 2012; x_wconf 90' lang='lat' dir='ltr'>pri·</span> <span class='ocrx_word' id='word_1_129' title='bbox 1329 1947 1361 1995; x_wconf 80' lang='lat' dir='ltr'>lt</span> 
     </span>
     <span class='ocr_line' id='line_1_17' title="bbox 296 2022 1308 2105; baseline -0.007 -18"><span class='ocrx_word' id='word_1_130' title='bbox 296 2045 350 2088; x_wconf 85' lang='lat' dir='ltr'>ma</span> <span class='ocrx_word' id='word_1_131' title='bbox 377 2033 514 2105; x_wconf 92' lang='lat' dir='ltr'>naturae,</span> <span class='ocrx_word' id='word_1_132' title='bbox 542 2027 573 2084; x_wconf 93' lang='lat' dir='ltr'>in</span> <span class='ocrx_word' id='word_1_133' title='bbox 596 2023 703 2103; x_wconf 85' lang='lat' dir='ltr'>quibus</span> <span class='ocrx_word' id='word_1_134' title='bbox 731 2032 761 2084; x_wconf 88' lang='lat' dir='ltr'>et</span> <span class='ocrx_word' id='word_1_135' title='bbox 784 2022 857 2083; x_wconf 87' lang='lat' dir='ltr'>baec</span> <span class='ocrx_word' id='word_1_136' title='bbox 880 2031 1003 2086; x_wconf 89' lang='lat' dir='ltr'>suntet</span> <span class='ocrx_word' id='word_1_137' title='bbox 1026 2023 1093 2096; x_wconf 84' lang='lat' dir='ltr'>alia,</span> <span class='ocrx_word' id='word_1_138' title='bbox 1121 2023 1167 2082; x_wconf 86' lang='lat' dir='ltr'>vel</span> <span class='ocrx_word' id='word_1_139' title='bbox 1190 2025 1220 2082; x_wconf 94' lang='lat' dir='ltr'>in</span> <span class='ocrx_word' id='word_1_140' title='bbox 1244 2039 1308 2081; x_wconf 94' lang='lat' dir='ltr'>cor·</span> 
     </span>
     <span class='ocr_line' id='line_1_18' title="bbox 297 2110 1309 2196; baseline -0.005 -22"><span class='ocrx_word' id='word_1_141' title='bbox 297 2133 385 2196; x_wconf 90' lang='lat' dir='ltr'>pore,</span> <span class='ocrx_word' id='word_1_142' title='bbox 408 2121 442 2175; x_wconf 91' lang='lat' dir='ltr'>ut</span> <span class='ocrx_word' id='word_1_143' title='bbox 459 2110 660 2174; x_wconf 91' lang='lat' dir='ltr'>membrorum</span> <span class='ocrx_word' id='word_1_144' title='bbox 679 2113 835 2190; x_wconf 80' lang='lat' dir='ltr'>integritas</span> <span class='ocrx_word' id='word_1_145' title='bbox 857 2120 888 2171; x_wconf 92' lang='lat' dir='ltr'>et</span> <span class='ocrx_word' id='word_1_146' title='bbox 910 2111 989 2172; x_wconf 88' lang='lat' dir='ltr'>salus</span> <span class='ocrx_word' id='word_1_147' title='bbox 1012 2120 1099 2189; x_wconf 90' lang='lat' dir='ltr'>atque</span> <span class='ocrx_word' id='word_1_148' title='bbox 1123 2110 1309 2195; x_wconf 80' lang='lat' dir='ltr'>incolumitas</span> 
     </span>
     <span class='ocr_line' id='line_1_19' title="bbox 295 2198 1308 2281; baseline -0.007 -17"><span class='ocrx_word' id='word_1_149' title='bbox 295 2205 378 2281; x_wconf 78' lang='lat' dir='ltr'>cius,</span> <span class='ocrx_word' id='word_1_150' title='bbox 401 2201 447 2262; x_wconf 87' lang='lat' dir='ltr'>vel</span> <span class='ocrx_word' id='word_1_151' title='bbox 464 2203 495 2261; x_wconf 92' lang='lat' dir='ltr'>in</span> <span class='ocrx_word' id='word_1_152' title='bbox 514 2203 620 2281; x_wconf 93' lang='lat' dir='ltr'>animo,</span> <span class='ocrx_word' id='word_1_153' title='bbox 643 2209 676 2260; x_wconf 94' lang='lat' dir='ltr'>ut</span> <span class='ocrx_word' id='word_1_154' title='bbox 699 2209 769 2260; x_wconf 91' lang='lat' dir='ltr'>sunt</span> <span class='ocrx_word' id='word_1_155' title='bbox 791 2217 836 2280; x_wconf 89' lang='lat' dir='ltr'>ea,</span> <span class='ocrx_word' id='word_1_156' title='bbox 858 2216 934 2278; x_wconf 89' lang='lat' dir='ltr'>quae</span> <span class='ocrx_word' id='word_1_157' title='bbox 957 2198 1003 2260; x_wconf 90' lang='lat' dir='ltr'>vel</span> <span class='ocrx_word' id='word_1_158' title='bbox 1025 2216 1116 2278; x_wconf 85' lang='lat' dir='ltr'>parva</span> <span class='ocrx_word' id='word_1_159' title='bbox 1137 2198 1183 2258; x_wconf 86' lang='lat' dir='ltr'>vel</span> <span class='ocrx_word' id='word_1_160' title='bbox 1206 2216 1308 2276; x_wconf 82' lang='lat' dir='ltr'>magna</span> 
     </span>
     <span class='ocr_line' id='line_1_20' title="bbox 298 2284 1310 2368; baseline -0.005 -18"><span class='ocrx_word' id='word_1_161' title='bbox 298 2293 335 2352; x_wconf 89' lang='lat' dir='ltr'>in</span> <span class='ocrx_word' id='word_1_162' title='bbox 363 2290 516 2350; x_wconf 91' lang='lat' dir='ltr'>hominum</span> <span class='ocrx_word' id='word_1_163' title='bbox 543 2291 735 2368; x_wconf 89' lang='lat' dir='ltr'>reperiuntur</span> <span class='ocrx_word' id='word_1_164' title='bbox 761 2289 897 2367; x_wconf 84' lang='lat' dir='ltr'>ingeniis.</span> <span class='ocrx_word' id='word_1_165' title='bbox 942 2286 1021 2348; x_wconf 88' lang='lat' dir='ltr'>Haeo</span> <span class='ocrx_word' id='word_1_166' title='bbox 1039 2284 1139 2365; x_wconf 78' lang='lat' dir='ltr'>igitur</span> <span class='ocrx_word' id='word_1_167' title='bbox 1162 2294 1310 2365; x_wconf 89' lang='lat' dir='ltr'>quattuor,</span> 
     </span>
     <span class='ocr_line' id='line_1_21' title="bbox 300 2377 1363 2457; baseline -0.003 -18"><span class='ocrx_word' id='word_1_168' title='bbox 300 2378 333 2440; x_wconf 90' lang='lat' dir='ltr'>id</span> <span class='ocrx_word' id='word_1_169' title='bbox 358 2388 404 2438; x_wconf 89' lang='lat' dir='ltr'>est</span> <span class='ocrx_word' id='word_1_170' title='bbox 426 2377 574 2457; x_wconf 86' lang='lat' dir='ltr'>voluptas,</span> <span class='ocrx_word' id='word_1_171' title='bbox 596 2379 689 2455; x_wconf 86' lang='lat' dir='ltr'>quies,</span> <span class='ocrx_word' id='word_1_172' title='bbox 713 2385 883 2456; x_wconf 90' lang='lat' dir='ltr'>utrumque,</span> <span class='ocrx_word' id='word_1_173' title='bbox 905 2378 1000 2455; x_wconf 93' lang='lat' dir='ltr'>prima</span> <span class='ocrx_word' id='word_1_174' title='bbox 1022 2385 1155 2454; x_wconf 91' lang='lat' dir='ltr'>naturae,</span> <span class='ocrx_word' id='word_1_175' title='bbox 1177 2377 1218 2434; x_wconf 92' lang='lat' dir='ltr'>ita</span> <span class='ocrx_word' id='word_1_176' title='bbox 1241 2382 1311 2434; x_wconf 88' lang='lat' dir='ltr'>sunt</span> <span class='ocrx_word' id='word_1_177' title='bbox 1329 2387 1363 2436; x_wconf 76' lang='lat' dir='ltr'>uo</span> 
     </span>
     <span class='ocr_line' id='line_1_22' title="bbox 300 2463 1310 2545; baseline -0.006 -18"><span class='ocrx_word' id='word_1_178' title='bbox 300 2469 335 2527; x_wconf 87' lang='lat' dir='ltr'>in</span> <span class='ocrx_word' id='word_1_179' title='bbox 353 2465 449 2545; x_wconf 90' lang='lat' dir='ltr'>nobis,</span> <span class='ocrx_word' id='word_1_180' title='bbox 472 2473 506 2526; x_wconf 90' lang='lat' dir='ltr'>ut</span> <span class='ocrx_word' id='word_1_181' title='bbox 524 2465 570 2524; x_wconf 91' lang='lat' dir='ltr'>vel</span> <span class='ocrx_word' id='word_1_182' title='bbox 588 2467 690 2544; x_wconf 85' lang='lat' dir='ltr'>virtus,</span> <span class='ocrx_word' id='word_1_183' title='bbox 714 2483 801 2544; x_wconf 88' lang='lat' dir='ltr'>quam</span> <span class='ocrx_word' id='word_1_184' title='bbox 823 2473 926 2544; x_wconf 90' lang='lat' dir='ltr'>postea</span> <span class='ocrx_word' id='word_1_185' title='bbox 950 2463 1084 2525; x_wconf 90' lang='lat' dir='ltr'>doctrina</span> <span class='ocrx_word' id='word_1_186' title='bbox 1107 2465 1220 2543; x_wconf 89' lang='lat' dir='ltr'>inserit,</span> <span class='ocrx_word' id='word_1_187' title='bbox 1243 2479 1310 2541; x_wconf 92' lang='lat' dir='ltr'>pro-</span> 
     </span>
     <span class='ocr_line' id='line_1_23' title="bbox 303 2552 1312 2635; baseline -0.006 -21"><span class='ocrx_word' id='word_1_188' title='bbox 303 2564 371 2635; x_wconf 89' lang='lat' dir='ltr'>pter</span> <span class='ocrx_word' id='word_1_189' title='bbox 399 2553 472 2613; x_wconf 90' lang='lat' dir='ltr'>baec</span> <span class='ocrx_word' id='word_1_190' title='bbox 500 2552 663 2632; x_wconf 87' lang='lat' dir='ltr'>appetenda</span> <span class='ocrx_word' id='word_1_191' title='bbox 687 2555 739 2632; x_wconf 90' lang='lat' dir='ltr'>sit,</span> <span class='ocrx_word' id='word_1_192' title='bbox 771 2561 823 2612; x_wconf 90' lang='lat' dir='ltr'>ant</span> <span class='ocrx_word' id='word_1_193' title='bbox 849 2555 905 2612; x_wconf 90' lang='lat' dir='ltr'>ista</span> <span class='ocrx_word' id='word_1_194' title='bbox 927 2561 1051 2630; x_wconf 88' lang='lat' dir='ltr'>propter</span> <span class='ocrx_word' id='word_1_195' title='bbox 1073 2553 1229 2630; x_wconf 88' lang='lat' dir='ltr'>virtutem,</span> <span class='ocrx_word' id='word_1_196' title='bbox 1261 2559 1312 2609; x_wconf 90' lang='lat' dir='ltr'>aut</span> 
     </span>
     <span class='ocr_line' id='line_1_24' title="bbox 304 2639 1312 2721; baseline -0.005 -18"><span class='ocrx_word' id='word_1_197' title='bbox 304 2652 430 2720; x_wconf 86' lang='lat' dir='ltr'>utraque</span> <span class='ocrx_word' id='word_1_198' title='bbox 454 2649 577 2720; x_wconf 89' lang='lat' dir='ltr'>propter</span> <span class='ocrx_word' id='word_1_199' title='bbox 599 2659 631 2700; x_wconf 91' lang='lat' dir='ltr'>se</span> <span class='ocrx_word' id='word_1_200' title='bbox 654 2644 730 2721; x_wconf 82' lang='lat' dir='ltr'>ipsa3</span> <span class='ocrx_word' id='word_1_201' title='bbox 753 2659 787 2701; x_wconf 93' lang='lat' dir='ltr'>ac</span> <span class='ocrx_word' id='word_1_202' title='bbox 810 2658 864 2720; x_wconf 90' lang='lat' dir='ltr'>per</span> <span class='ocrx_word' id='word_1_203' title='bbox 886 2640 943 2700; x_wconf 92' lang='lat' dir='ltr'>boc</span> <span class='ocrx_word' id='word_1_204' title='bbox 966 2641 1042 2700; x_wconf 86' lang='lat' dir='ltr'>liunt</span> <span class='ocrx_word' id='word_1_205' title='bbox 1064 2640 1133 2699; x_wconf 92' lang='lat' dir='ltr'>hinc</span> <span class='ocrx_word' id='word_1_206' title='bbox 1156 2639 1312 2699; x_wconf 89' lang='lat' dir='ltr'>duodecim</span> 
     </span>
     <span class='ocr_line' id='line_1_25' title="bbox 305 2727 1312 2810; baseline -0.004 -19"><span class='ocrx_word' id='word_1_207' title='bbox 305 2739 417 2810; x_wconf 70' lang='lat' dir='ltr'>sectae,</span> <span class='ocrx_word' id='word_1_208' title='bbox 448 2747 503 2809; x_wconf 91' lang='lat' dir='ltr'>per</span> <span class='ocrx_word' id='word_1_209' title='bbox 540 2728 616 2789; x_wconf 90' lang='lat' dir='ltr'>banc</span> <span class='ocrx_word' id='word_1_210' title='bbox 653 2731 732 2789; x_wconf 86' lang='lat' dir='ltr'>enim</span> <span class='ocrx_word' id='word_1_211' title='bbox 763 2731 909 2789; x_wconf 92' lang='lat' dir='ltr'>rationem</span> <span class='ocrx_word' id='word_1_212' title='bbox 941 2727 1072 2807; x_wconf 83' lang='lat' dir='ltr'>singulae</span> <span class='ocrx_word' id='word_1_213' title='bbox 1109 2727 1312 2806; x_wconf 75' lang='lat' dir='ltr'>triplicantur,</span> 
     </span>
     <span class='ocr_line' id='line_1_26' title="bbox 305 2815 1365 2898; baseline -0.004 -19"><span class='ocrx_word' id='word_1_214' title='bbox 305 2818 384 2898; x_wconf 91' lang='lat' dir='ltr'>quod</span> <span class='ocrx_word' id='word_1_215' title='bbox 408 2835 476 2878; x_wconf 89' lang='lat' dir='ltr'>cum</span> <span class='ocrx_word' id='word_1_216' title='bbox 504 2819 533 2877; x_wconf 89' lang='lat' dir='ltr'>in</span> <span class='ocrx_word' id='word_1_217' title='bbox 559 2835 616 2878; x_wconf 91' lang='lat' dir='ltr'>una</span> <span class='ocrx_word' id='word_1_218' title='bbox 638 2818 893 2896; x_wconf 89' lang='lat' dir='ltr'>demonstravero,</span> <span class='ocrx_word' id='word_1_219' title='bbox 922 2815 1041 2876; x_wconf 89' lang='lat' dir='ltr'>diliicile</span> <span class='ocrx_word' id='word_1_220' title='bbox 1065 2834 1125 2876; x_wconf 95' lang='lat' dir='ltr'>non</span> <span class='ocrx_word' id='word_1_221' title='bbox 1149 2818 1206 2876; x_wconf 91' lang='lat' dir='ltr'>erit</span> <span class='ocrx_word' id='word_1_222' title='bbox 1228 2816 1258 2875; x_wconf 92' lang='lat' dir='ltr'>id</span> <span class='ocrx_word' id='word_1_223' title='bbox 1281 2818 1312 2875; x_wconf 93' lang='lat' dir='ltr'>in</span> <span class='ocrx_word' id='word_1_224' title='bbox 1331 2827 1365 2875; x_wconf 78' lang='lat' dir='ltr'>ut</span> 
     </span>
     <span class='ocr_line' id='line_1_27' title="bbox 304 2904 1312 2984; baseline -0.004 -16"><span class='ocrx_word' id='word_1_225' title='bbox 304 2908 414 2974; x_wconf 88' lang='lat' dir='ltr'>ceteris</span> <span class='ocrx_word' id='word_1_226' title='bbox 436 2907 577 2966; x_wconf 90' lang='lat' dir='ltr'>invenire.</span> <span class='ocrx_word' id='word_1_227' title='bbox 624 2904 697 2967; x_wconf 85' lang='lat' dir='ltr'>Cum</span> <span class='ocrx_word' id='word_1_228' title='bbox 726 2923 796 2984; x_wconf 83' lang='lat' dir='ltr'>ergo</span> <span class='ocrx_word' id='word_1_229' title='bbox 824 2904 958 2983; x_wconf 87' lang='lat' dir='ltr'>voluptas</span> <span class='ocrx_word' id='word_1_230' title='bbox 986 2907 1120 2984; x_wconf 89' lang='lat' dir='ltr'>corporis</span> <span class='ocrx_word' id='word_1_231' title='bbox 1144 2905 1233 2965; x_wconf 92' lang='lat' dir='ltr'>animi</span> <span class='ocrx_word' id='word_1_232' title='bbox 1255 2906 1312 2964; x_wconf 87' lang='lat' dir='ltr'>vir-</span> 
     </span>
     <span class='ocr_line' id='line_1_28' title="bbox 304 2993 1313 3073; baseline -0.007 -16"><span class='ocrx_word' id='word_1_233' title='bbox 304 2997 363 3057; x_wconf 91' lang='lat' dir='ltr'>tuti</span> <span class='ocrx_word' id='word_1_234' title='bbox 392 3002 444 3055; x_wconf 84' lang='lat' dir='ltr'>aut</span> <span class='ocrx_word' id='word_1_235' title='bbox 475 2993 612 3055; x_wconf 89' lang='lat' dir='ltr'>subditur</span> <span class='ocrx_word' id='word_1_236' title='bbox 642 3001 692 3054; x_wconf 89' lang='lat' dir='ltr'>aut</span> <span class='ocrx_word' id='word_1_237' title='bbox 718 2993 888 3073; x_wconf 81' lang='lat' dir='ltr'>praefertur</span> <span class='ocrx_word' id='word_1_238' title='bbox 915 3002 965 3054; x_wconf 92' lang='lat' dir='ltr'>aut</span> <span class='ocrx_word' id='word_1_239' title='bbox 992 2995 1138 3072; x_wconf 80' lang='lat' dir='ltr'>iungitur,</span> <span class='ocrx_word' id='word_1_240' title='bbox 1165 2994 1313 3072; x_wconf 87' lang='lat' dir='ltr'>tripertita</span> 
     </span>
     <span class='ocr_line' id='line_1_29' title="bbox 305 3079 1314 3157; baseline -0.001 -15"><span class='ocrx_word' id='word_1_241' title='bbox 305 3085 452 3148; x_wconf 87' lang='lat' dir='ltr'>variatur</span> <span class='ocrx_word' id='word_1_242' title='bbox 472 3082 641 3144; x_wconf 84' lang='lat' dir='ltr'>diversitate</span> <span class='ocrx_word' id='word_1_243' title='bbox 678 3090 834 3142; x_wconf 90' lang='lat' dir='ltr'>sectarum.</span> <span class='ocrx_word' id='word_1_244' title='bbox 888 3079 1031 3142; x_wconf 89' lang='lat' dir='ltr'>Subditnr</span> <span class='ocrx_word' id='word_1_245' title='bbox 1067 3090 1165 3142; x_wconf 89' lang='lat' dir='ltr'>autem</span> <span class='ocrx_word' id='word_1_246' title='bbox 1202 3082 1314 3157; x_wconf 83' lang='lat' dir='ltr'>virtuti,</span> 
     </span>
     <span class='ocr_line' id='line_1_30' title="bbox 305 3167 1313 3250; baseline -0.006 -18"><span class='ocrx_word' id='word_1_247' title='bbox 305 3171 423 3250; x_wconf 90' lang='lat' dir='ltr'>quando</span> <span class='ocrx_word' id='word_1_248' title='bbox 457 3171 490 3230; x_wconf 94' lang='lat' dir='ltr'>in</span> <span class='ocrx_word' id='word_1_249' title='bbox 516 3187 603 3231; x_wconf 91' lang='lat' dir='ltr'>usum</span> <span class='ocrx_word' id='word_1_250' title='bbox 630 3172 747 3230; x_wconf 85' lang='lat' dir='ltr'>virtutis</span> <span class='ocrx_word' id='word_1_251' title='bbox 771 3169 944 3229; x_wconf 88' lang='lat' dir='ltr'>adsumitur.</span> <span class='ocrx_word' id='word_1_252' title='bbox 988 3167 1122 3230; x_wconf 86' lang='lat' dir='ltr'>Pertinet</span> <span class='ocrx_word' id='word_1_253' title='bbox 1145 3171 1254 3247; x_wconf 87' lang='lat' dir='ltr'>quippe</span> <span class='ocrx_word' id='word_1_254' title='bbox 1278 3168 1313 3227; x_wconf 90' lang='lat' dir='ltr'>ad</span> 
     </span>
     <span class='ocr_line' id='line_1_31' title="bbox 306 3255 1366 3336; baseline -0.002 -18"><span class='ocrx_word' id='word_1_255' title='bbox 306 3261 425 3320; x_wconf 90' lang='lat' dir='ltr'>virtutis</span> <span class='ocrx_word' id='word_1_256' title='bbox 443 3258 573 3319; x_wconf 87' lang='lat' dir='ltr'>cilicium</span> <span class='ocrx_word' id='word_1_257' title='bbox 593 3267 624 3318; x_wconf 89' lang='lat' dir='ltr'>et</span> <span class='ocrx_word' id='word_1_258' title='bbox 641 3260 738 3318; x_wconf 86' lang='lat' dir='ltr'>vivere</span> <span class='ocrx_word' id='word_1_259' title='bbox 756 3259 869 3336; x_wconf 86' lang='lat' dir='ltr'>patriae</span> <span class='ocrx_word' id='word_1_260' title='bbox 894 3266 923 3317; x_wconf 91' lang='lat' dir='ltr'>et</span> <span class='ocrx_word' id='word_1_261' title='bbox 945 3265 1069 3336; x_wconf 88' lang='lat' dir='ltr'>propter</span> <span class='ocrx_word' id='word_1_262' title='bbox 1091 3259 1216 3336; x_wconf 87' lang='lat' dir='ltr'>patriam</span> <span class='ocrx_word' id='word_1_263' title='bbox 1238 3255 1366 3316; x_wconf 70' lang='lat' dir='ltr'>liliosae</span> 
     </span>
     <span class='ocr_line' id='line_1_32' title="bbox 306 3345 1314 3426; baseline -0.004 -20"><span class='ocrx_word' id='word_1_264' title='bbox 306 3364 483 3426; x_wconf 90' lang='lat' dir='ltr'>procreare,</span> <span class='ocrx_word' id='word_1_265' title='bbox 521 3364 646 3424; x_wconf 92' lang='lat' dir='ltr'>quorum</span> <span class='ocrx_word' id='word_1_266' title='bbox 685 3353 825 3405; x_wconf 91' lang='lat' dir='ltr'>neutrum</span> <span class='ocrx_word' id='word_1_267' title='bbox 858 3345 922 3405; x_wconf 85' lang='lat' dir='ltr'>lieri</span> <span class='ocrx_word' id='word_1_268' title='bbox 954 3353 1053 3423; x_wconf 92' lang='lat' dir='ltr'>potest</span> <span class='ocrx_word' id='word_1_269' title='bbox 1084 3347 1148 3405; x_wconf 89' lang='lat' dir='ltr'>sine</span> <span class='ocrx_word' id='word_1_270' title='bbox 1181 3345 1314 3422; x_wconf 90' lang='lat' dir='ltr'>corporis</span> 
     </span>
     <span class='ocr_line' id='line_1_33' title="bbox 307 3432 1315 3514; baseline -0.003 -21"><span class='ocrx_word' id='word_1_271' title='bbox 307 3433 469 3514; x_wconf 82' lang='lat' dir='ltr'>voluptate3</span> <span class='ocrx_word' id='word_1_272' title='bbox 498 3451 563 3496; x_wconf 90' lang='lat' dir='ltr'>nam</span> <span class='ocrx_word' id='word_1_273' title='bbox 593 3437 656 3494; x_wconf 88' lang='lat' dir='ltr'>sine</span> <span class='ocrx_word' id='word_1_274' title='bbox 684 3433 732 3493; x_wconf 90' lang='lat' dir='ltr'>illa</span> <span class='ocrx_word' id='word_1_275' title='bbox 756 3451 811 3493; x_wconf 89' lang='lat' dir='ltr'>nec</span> <span class='ocrx_word' id='word_1_276' title='bbox 834 3432 919 3493; x_wconf 90' lang='lat' dir='ltr'>cibus</span> <span class='ocrx_word' id='word_1_277' title='bbox 941 3442 1089 3511; x_wconf 83' lang='lat' dir='ltr'>potusque</span> <span class='ocrx_word' id='word_1_278' title='bbox 1113 3435 1254 3511; x_wconf 86' lang='lat' dir='ltr'>sumitur,</span> <span class='ocrx_word' id='word_1_279' title='bbox 1281 3440 1315 3490; x_wconf 92' lang='lat' dir='ltr'>ut</span> 
     </span>
     <span class='ocr_line' id='line_1_34' title="bbox 307 3517 1315 3602; baseline -0.003 -22"><span class='ocrx_word' id='word_1_280' title='bbox 307 3525 430 3602; x_wconf 89' lang='lat' dir='ltr'>vivatur,</span> <span class='ocrx_word' id='word_1_281' title='bbox 453 3539 508 3582; x_wconf 89' lang='lat' dir='ltr'>nec</span> <span class='ocrx_word' id='word_1_282' title='bbox 531 3521 753 3600; x_wconf 89' lang='lat' dir='ltr'>concumbitur,</span> <span class='ocrx_word' id='word_1_283' title='bbox 776 3532 810 3582; x_wconf 90' lang='lat' dir='ltr'>ut</span> <span class='ocrx_word' id='word_1_284' title='bbox 832 3523 983 3600; x_wconf 83' lang='lat' dir='ltr'>generatio</span> <span class='ocrx_word' id='word_1_285' title='bbox 1006 3529 1195 3600; x_wconf 77' lang='lat' dir='ltr'>propagetur.</span> <span class='ocrx_word' id='word_1_286' title='bbox 1241 3517 1315 3579; x_wconf 88' lang='lat' dir='ltr'>Cum</span> 
     </span>
     <span class='ocr_line' id='line_1_35' title="bbox 307 3609 1315 3689; baseline -0.005 -19"><span class='ocrx_word' id='word_1_287' title='bbox 307 3627 377 3670; x_wconf 85' lang='lat' dir='ltr'>vero</span> <span class='ocrx_word' id='word_1_288' title='bbox 406 3610 574 3689; x_wconf 81' lang='lat' dir='ltr'>praefertur</span> <span class='ocrx_word' id='word_1_289' title='bbox 601 3611 716 3689; x_wconf 84' lang='lat' dir='ltr'>virtuti,</span> <span class='ocrx_word' id='word_1_290' title='bbox 744 3611 806 3688; x_wconf 82' lang='lat' dir='ltr'>ipse</span> <span class='ocrx_word' id='word_1_291' title='bbox 835 3610 983 3688; x_wconf 89' lang='lat' dir='ltr'>appetitur</span> <span class='ocrx_word' id='word_1_292' title='bbox 1012 3617 1135 3688; x_wconf 90' lang='lat' dir='ltr'>propter</span> <span class='ocrx_word' id='word_1_293' title='bbox 1157 3625 1189 3668; x_wconf 90' lang='lat' dir='ltr'>se</span> <span class='ocrx_word' id='word_1_294' title='bbox 1212 3609 1315 3687; x_wconf 88' lang='lat' dir='ltr'>ips-am,</span> 
     </span>
    </p>
   </div>
   <div class='ocr_carea' id='block_1_3' title="bbox 308 3757 517 3768">
    <p class='ocr_par' dir='ltr' id='par_1_3' title="bbox 308 3757 517 3768">
     <span class='ocr_line' id='line_1_36' title="bbox 308 3757 517 3768; baseline -0.014 0"><span class='ocrx_word' id='word_1_295' title='bbox 308 3757 517 3768; x_wconf 44' lang='grc' dir='ltr'>ψ...-</span> 
     </span>
    </p>
   </div>
   <div class='ocr_carea' id='block_1_4' title="bbox 378 3824 1113 3897">
    <p class='ocr_par' dir='ltr' id='par_1_4' title="bbox 378 3824 1113 3897">
     <span class='ocr_line' id='line_1_37' title="bbox 378 3824 1113 3897; baseline -0.005 -15"><span class='ocrx_word' id='word_1_296' title='bbox 378 3834 395 3881; x_wconf 77' lang='lat' dir='ltr'>t</span> <span class='ocrx_word' id='word_1_297' title='bbox 415 3830 525 3882; x_wconf 79' lang='lat' dir='ltr'>eiecto</span> <span class='ocrx_word' id='word_1_298' title='bbox 544 3827 734 3897; x_wconf 68' lang='lat' dir='ltr'>RAane93</span> <span class='ocrx_word' id='word_1_299' title='bbox 753 3829 816 3879; x_wconf 86' lang='lat' dir='ltr'>octo</span> <span class='ocrx_word' id='word_1_300' title='bbox 835 3843 874 3880; x_wconf 84' lang='lat' dir='ltr'>oo</span> <span class='ocrx_word' id='word_1_301' title='bbox 887 3826 897 3893; x_wconf 79' lang='lat' dir='ltr'>l</span> <span class='ocrx_word' id='word_1_302' title='bbox 911 3828 945 3878; x_wconf 75' lang='lat'>23</span> <span class='ocrx_word' id='word_1_303' title='bbox 964 3824 1056 3893; x_wconf 82' lang='lat' dir='ltr'>ipsam</span> <span class='ocrx_word' id='word_1_304' title='bbox 1074 3841 1113 3892; x_wconf 81' lang='lat' dir='ltr'>ep</span> 
     </span>
    </p>
   </div>
   <div class='ocr_carea' id='block_1_5' title="bbox 0 0 1659 4459">
    <p class='ocr_par' dir='ltr' id='par_1_5' title="bbox 0 0 1659 4459">
     <span class='ocr_line' id='line_1_38' title="bbox 0 0 1659 4459; baseline 0 0"><span class='ocrx_word' id='word_1_305' title='bbox 0 0 1659 4459; x_wconf 95' lang='lat' dir='ltr'> </span> 
     </span>
    </p>
   </div>
  </div>
 </body>
</html>
