3284 4459
524 529 565 569 nu
579 527 722 569 murare
735 529 789 569 nm
802 529 829 572 n.
844 530 906 570 x1v.
920 529 944 570 c.
958 530 990 570 aa.
1004 532 1037 571 ee.
1246 512 1288 578 47

279 666 427 742 originem
445 664 580 743 feminae,
603 680 678 741 quae
697 662 734 723 de
753 663 876 723 mascrdi
894 662 985 724 latere
1004 673 1103 725 creata
1125 672 1180 725 est.
1216 663 1290 725 Nam

279 762 311 815 et
334 750 562 831 apostolus-per
583 750 640 811 boc
662 753 801 831 primum,
823 752 903 830 quod
926 751 987 811 Deo
1010 754 1184 813 instituente
1206 770 1289 832 prae·

279 843 392 990 effigit,
394 838 567 1005 51¹5?an
586 839 718 918 singulos
733 857 869 919 quosque
886 840 1033 921 admonet,
1055 849 1090 902 ut
1108 843 1163 902 viri
1181 858 1290 903 uxoreo

659 1133 777 1201 Cunus
800 1136 920 1201 XXIII.
1309 1153 1327 1201 5

279 1269 329 1329 An
352 1268 443 1327 etiam
467 1267 499 1324 in
517 1266 667 1340 paradiso
688 1267 900 1339 generandum
919 1263 1042 1339 fuisset,
1064 1268 1094 1327 si
1113 1282 1200 1327 nemo
1217 1282 1289 1341 pec-

325 1361 433 1431 casset,
456 1355 505 1414 vel
520 1359 623 1413 utrum
645 1358 754 1414 contra
778 1359 895 1413 aestum
916 1354 1051 1413 libidines
1070 1360 1249 1429 pugnaturo

548 1443 611 1500 illic
630 1439 739 1515 fnisset
761 1444 844 1501 ratio
866 1444 1025 1503 castitatis.

371 1564 513 1643 Quisquis
532 1571 630 1623 antem
649 1564 721 1623 dicit
740 1582 799 1624 non
819 1564 911 1624 inisse
935 1566 1067 1625 coituros
1091 1582 1147 1624 nec
1169 1581 1290 1643 genera·

282 1664 380 1735 turos,
407 1654 465 1713 nisi
487 1659 674 1733 peccassent,
696 1652 767 1730 quiid
791 1652 876 1733 dicit,
899 1653 958 1712 nisi
980 1660 1103 1732 propter
1126 1654 1345 1715 numerosi-10

281 1753 372 1804 tatem
406 1749 576 1805 sanctornm
606 1742 806 1801 necessarium
837 1740 963 1800 bominis
993 1741 1085 1801 inisse
1115 1737 1292 1820 peccatum?

280 1832 314 1893 Si
333 1833 413 1892 enirn
432 1847 491 1889 non
510 1828 660 1908 peccando
679 1828 734 1888 soli
757 1837 954 1910 remanerent,
977 1830 1055 1908 qnia,
1078 1830 1155 1889 sient
1178 1837 1292 1910 putant,

281 1922 340 1980 nisi
369 1924 558 1998 peccassent,
591 1932 733 1994 generare
762 1934 821 1976 non
851 1926 986 1995 possent:
1016 1917 1151 1996 prolecto
1174 1924 1291 1978 utnon

281 2008 338 2068 soli
367 2005 428 2067 dno
457 2007 528 2065 iusti
556 2004 690 2065 homines
719 2012 843 2083 possent
872 2023 954 2085 esse,
983 2005 1035 2065 sed
1058 2005 1159 2085 multi,
1188 2023 1290 2066 neces·

282 2099 394 2157 sarium
425 2100 579 2173 peccatum
612 2093 676 2154 tun.
722 2092 806 2164 Quod
838 2095 863 2153 si
893 2092 1015 2154 credere
1046 2092 1207 2154 absurdum
1238 2102 1293 2174 est,
1312 2106 1346 2155 15

282 2184 354 2245 illud
386 2184 486 2263 potius
523 2191 569 2242 est
605 2182 800 2261 credendum,
837 2181 916 2260 quod
946 2191 1116 2243 sanctorum
1147 2200 1292 2243 rrumerns

283 2280 412 2351 quantus
435 2269 616 2349 conplendae
638 2269 681 2331 illi
704 2271 813 2331 sufficit
836 2270 1022 2331 beatissimae
1045 2272 1169 2349 civitati,
1193 2279 1292 2331 tantus

284 2364 435 2441 existeret,
458 2360 515 2419 etsi
533 2376 620 2418 nemo
638 2367 799 2437 peccasset,
823 2367 952 2437 quantus
976 2376 1055 2419 nnnc
1077 2375 1133 2437 per
1150 2358 1203 2420 Dei
1226 2376 1291 2438 gra·

283 2452 355 2510 tiam
377 2448 414 2508 de
438 2445 625 2507 multitudine
649 2446 798 2526 colligitur
819 2454 1019 2527 peccatorum,
1042 2464 1217 2526 quousque
1240 2446 1292 2510 otii

285 2536 395 2597 saeculi
416 2536 506 2598 buius
528 2543 672 2613 generant
693 2542 724 2595 et
746 2543 934 2614 generantur.
1311 2547 1347 2597 20

373 2623 411 2685 Et
428 2623 495 2683 ideo
514 2622 579 2683 illae
599 2624 718 2702 nuptiae
733 2622 837 2702 dignae
856 2622 995 2683 felicitate
1017 2622 1153 2703 paradisi,
1176 2626 1202 2684 si
1224 2642 1291 2704 pec-

285 2723 384 2776 catum
407 2729 465 2773 non
489 2712 603 2792 luisset,
626 2719 656 2771 et
673 2708 851 2789 diligendam
873 2710 986 2789 prolem
1009 2713 1165 2790 gignerent
1186 2720 1217 2772 et
1238 2732 1292 2792 pu-

285 2802 411 2863 dendam
433 2798 585 2861 libidinem
615 2817 674 2859 non
703 2798 856 2859 baberent.
902 2798 960 2859 Sed
983 2817 1042 2877 qno
1065 2800 1152 2860 ruodo
1175 2800 1205 2860 id
1228 2803 1293 2861 lieri

285 2898 401 2971 posset,
431 2906 511 2948 nunc
540 2904 599 2947 uon
630 2896 676 2948 est
704 2904 763 2967 quo
791 2886 1013 2947 demonstretur
1043 2887 1185 2966 exemplo.
1229 2888 1292 2949 Nec

285 2980 351 3040 ideo
371 2986 469 3038 tamen
487 2974 660 3036 incredibile
681 2975 769 3035 debet
787 2975 881 3035 videri
904 2978 993 3035 etiam
1014 2975 1086 3035 illud
1109 2993 1203 3036 uuum
1227 2980 1290 3037 sine
1311 2988 1348 3037 25

285 3071 341 3129 ista
371 3065 493 3127 libidine
523 3063 665 3126 voluntati
694 3065 827 3142 potuisse
858 3065 986 3143 servire,
1016 3066 1065 3124 cui
1093 3072 1139 3124 tot
1161 3064 1293 3125 membra

285 3173 366 3217 nunc
389 3154 529 3214 serviunt.
574 3152 619 3211 bn
642 3169 712 3212 vero
736 3168 840 3212 manns
863 3160 893 3212 et
915 3152 1006 3231 pedes
1029 3170 1194 3234 movemus,
1224 3170 1292 3214 cum

286 3244 431 3322 volumus,
454 3240 494 3301 ad
513 3258 556 3319 ea,
579 3256 653 3318 qnae
677 3239 722 3299 bis
745 3238 887 3299 membris
910 3241 1021 3318 agenda
1044 3249 1122 3320 suut,
1145 3242 1209 3301 siue
1231 3240 1293 3301 ullo

286 3333 403 3410 renisu,
432 3336 512 3389 tanta
534 3327 687 3407 facilitate,
715 3336 824 3406 quanta
846 3336 877 3387 et
898 3329 930 3387 in
948 3326 1034 3388 nobis
1057 3337 1087 3388 et
1110 3330 1141 3389 in
1165 3328 1229 3389 aliis
1252 3330 1292 3388 vi·

285 3420 405 3499 demus,
432 3418 555 3477 maxime
583 3417 614 3475 in
642 3415 804 3476 artificibus
832 3433 1018 3494 quorumque
1041 3432 1167 3495 operum
1189 3433 1292 3495 corpo-
1312 3428 1347 3477 30

357 3572 386 3640 4)
405 3568 476 3639 Eph.
496 3574 521 3637 s,
540 3574 589 3637 ²⁶3
608 3567 667 3623 col.
686 3573 712 3637 s,
731 3573 773 3622 re.
811 3570 857 3635 eo)
876 3568 922 3623 Lo.
941 3575 984 3636 eo,
1003 3575 1045 3625 34.

286 3797 321 3843 24
358 3724 373 3770 ‘1
393 3718 503 3843 oetstffir
518 3718 586 3785 Vpg
600 3717 734 3784 (38,28);
753 3716 848 3769 ectum
859 3731 877 3769 c
889 3716 900 3784 Ι
913 3719 930 3768 8
943 3714 1015 3767 ratio
1032 3716 1069 3781 1⁷3
1083 3710 1199 3765 traditio
1211 3713 1297 3781 ppo!

339 3806 416 3859 possa
