3284 4459
374 533 437 596 162
771 545 793 590 s.
806 545 973 590 suenorum
1006 575 1009 582 ,

372 680 467 742 adbuc
490 699 549 743 non
573 681 723 761 crederet3
750 680 802 742 sed
825 683 879 742 ait:
911 681 1085 742 Secundum
1107 684 1183 757 quid
1202 683 1320 744 scebat?
1347 690 1379 742 ut
1454 685 1455 762 1

372 772 400 830 ei
424 771 477 851 rei,
500 787 588 848 quam
607 769 781 849 crediderat,
803 768 901 847 aliqua
919 768 1080 832 similitudo
1098 769 1298 850 adhiberetur,
1322 787 1379 848 qua
1454 773 1455 842 1

372 860 437 918 eius
467 857 573 918 modus
600 866 826 937 agnosceretor3
858 859 936 918 sicut
964 874 1024 918 non
1052 864 1098 920 est
1125 860 1249 938 virginis
1270 857 1379 919 Mariae
1454 851 1455 888 l

372 944 534 1006 diffidentia
557 945 637 1024 quod
660 948 713 1008 ait:
740 947 906 1019 Quomodo
927 947 982 1020 fiet
1004 948 1093 1020 blod,
1115 949 1258 1021 quoniam
1281 950 1380 1008 aarum

336 1043 432 1095 onon
455 1037 625 1109 copaosco?
647 1033 727 1112 quod
749 1035 830 1094 enirn
853 1033 986 1095 loturum
1010 1042 1098 1114 essct,
1121 1043 1203 1096 certa
1217 1041 1294 1114 erat;
1317 1052 1379 1096 mo-

371 1122 441 1184 dum
465 1140 526 1201 quo
547 1122 634 1183 lieret
656 1121 838 1201 inquirebat,
860 1129 891 1182 et
913 1122 970 1182 hoc
997 1139 1065 1185 cum
1095 1124 1273 1203 quaesisset,
1296 1123 1379 1185 audi-

370 1213 412 1272 vit
435 1230 491 1272 -e
514 1210 642 1288 deniqne
666 1219 696 1272 et
718 1210 767 1271 bic
790 1208 951 1271 similitudo
974 1209 1040 1270 data
1066 1219 1113 1272 est
1135 1209 1171 1272 de
1194 1210 1380 1294 animalibus,

370 1301 492 1360 iuvenca
520 1306 551 1359 et
577 1315 666 1378 capra
687 1306 719 1362 ct
740 1300 832 1360 ariete
856 1305 887 1358 et
907 1297 1023 1360 duabus
1046 1296 1229 1373 volueribus,
1259 1308 1380 1360 turture

371 1396 402 1449 et
424 1382 569 1467 columba,
591 1394 625 1447 ut
648 1385 812 1448 secundum
831 1385 903 1446 haec
922 1386 1057 1448 loturum
1076 1388 1176 1467 sciret,
1199 1388 1278 1466 quod
1298 1388 1378 1452 iutu-

319 1487 353 1534 10
371 1494 439 1536 rum
467 1493 533 1536 esse
560 1477 618 1535 iant
647 1492 707 1536 non
735 1473 906 1552 ambigeret.
952 1472 1019 1534 Sive
1048 1491 1119 1553 ergo
1142 1493 1196 1554 per
1223 1478 1380 1538 iuvencam

370 1563 532 1642 significata
555 1564 594 1623 sit
616 1561 700 1642 plebs
722 1563 817 1642 posita
840 1560 896 1623 sub
919 1563 988 1640 luigo
1011 1561 1094 1644 legis,
1116 1581 1171 1642 per
1189 1581 1306 1644 capram
1331 1582 1379 1626 es·

371 1651 439 1712 dem
456 1650 540 1730 plebs
558 1653 708 1730 peccatrix
726 1650 836 1729 lutura,
854 1667 908 1729 per
927 1652 1050 1712 arietem
1069 1650 1171 1713 eadem
1190 1652 1274 1731 plebs
1289 1655 1380 1714 etiam

370 1747 528 1818 regnatura
557 1731 647 1821 (quae
675 1737 809 1799 animalia
832 1746 990 1817 propterea
1013 1740 1099 1800 trima
1123 1738 1271 1821 dicuntur,
1300 1743 1380 1821 quia,

371 1845 439 1888 cum
469 1829 529 1887 sint
555 1829 687 1906 insignes
713 1825 831 1888 articuli
860 1834 1026 1906 temporum
1049 1825 1085 1888 ab
1108 1827 1198 1890 taam
1222 1846 1317 1907 casque
1342 1829 1379 1889 ad

319 1926 352 1974 ro
371 1915 433 1975 Noe
456 1923 487 1976 et
509 1914 578 1976 inde
600 1932 695 1993 usque
719 1913 755 1975 ad
783 1912 928 1974 ahraham
951 1922 982 1975 et
1004 1913 1073 1976 inde
1097 1915 1248 1994 usquead
1277 1915 1379 1998 David,

372 2005 422 2081 qui
452 2002 609 2083 reprobato
637 2002 725 2064 Saule
753 2004 867 2081 primus
894 2005 925 2062 in
952 2020 1044 2081 regno
1073 2006 1169 2082 gentis
1198 2003 1378 2066 Israeliticae

371 2091 487 2152 Domini
510 2100 557 2152 est
578 2090 728 2152 voluntate
752 2089 904 2170 fundatus,
933 2092 964 2150 in
988 2090 1044 2151 hoc
1067 2091 1171 2152 ordine
1194 2095 1298 2173 tertio,
1326 2096 1378 2172 qui

370 2179 502 2240 tenditur
529 2197 565 2240 ex
592 2178 738 2240 Abraham
765 2195 860 2256 usque
887 2177 924 2238 ad
947 2177 1050 2260 David,
1082 2188 1229 2258 tamquam
1258 2183 1376 2245 tertiam

371 2277 496 2330 aetatem
523 2285 631 2347 gerens
659 2266 707 2328 ille
735 2265 862 2346 populus
891 2261 1043 2348 adolevit),
1075 2270 1136 2329 sive
1164 2268 1274 2348 aliquid
1298 2269 1377 2330 aliud

318 2367 352 2415 20
371 2357 594 2417 convenientius
620 2356 677 2416 ista
703 2354 884 2433 significent:
916 2353 997 2416 nullo
1024 2355 1111 2416 modo
1140 2365 1238 2418 tamm
1261 2356 1377 2418 dubita·

371 2445 463 2505 verim
491 2442 638 2523 spiritales
665 2445 697 2504 in
725 2460 759 2502 ea
786 2441 1000 2521 praefiguratos
1028 2441 1226 2506 additamento
1249 2449 1378 2508 turturis

370 2541 401 2594 et
419 2530 579 2593 columbae.
611 2529 649 2591 llt
670 2530 737 2592 ideo
760 2529 874 2591 dictum
892 2537 950 2590 est:
973 2533 1050 2594 Aves
1068 2539 1168 2594 autem
1186 2550 1247 2596 non
1265 2536 1377 2609 divicit,
1395 2611 1397 2618 Ι

370 2622 509 2700 quioniam
541 2617 673 2680 carnales
704 2621 783 2680 inter
815 2636 847 2678 se
880 2616 1066 2700 dividuntur,
1098 2619 1245 2700 spiritales
1276 2631 1377 2684 autem

371 2707 451 2768 nullo
479 2706 580 2787 modo,
611 2708 673 2768 sire
701 2723 719 2766 a
740 2707 903 2785 negotiosis
926 2707 1200 2770 conversationibus
1222 2709 1377 2772 bominum

317 2806 351 2854 25
371 2814 403 2856 se
427 2800 611 2874 removeant,
639 2797 718 2854 sicut
741 2801 855 2874 turtur,
882 2795 943 2854 sive
966 2796 1044 2856 inter
1066 2795 1130 2857 illas
1154 2797 1275 2878 degant,
1299 2800 1378 2861 sicut

372 2881 519 2963 columba3
541 2891 667 2961 utraque
686 2890 785 2942 tamen
803 2884 864 2942 avis
883 2889 929 2942 est
947 2882 1070 2962 simplex
1089 2891 1119 2944 et
1136 2885 1264 2966 innoxia,
1287 2888 1376 2966 signi-

371 2971 461 3031 ficans
489 2978 520 3032 et
545 2972 576 3031 in
605 2973 670 3050 ipso
692 2968 854 3032 israelitico
882 2969 1006 3052 populo,
1036 2974 1085 3032 cui
1107 2980 1187 3034 terra
1209 2973 1258 3034 illa
1281 2973 1377 3036 (landa

371 3067 443 3139 erat,
460 3058 577 3119 tuturos
595 3057 762 3118 individuos
780 3057 856 3118 illios
874 3059 1080 3136 promissionis
1098 3069 1129 3121 et
1146 3060 1272 3122 heredes
1292 3067 1377 3142 regni

370 3148 402 3206 in
430 3154 549 3207 aeterna
576 3145 715 3207 felicitate
745 3147 884 3207 mansuri.
929 3145 1005 3208 Aves
1035 3157 1134 3210 autem
1161 3149 1377 3213 descendentes

317 3249 352 3297 so
371 3252 460 3314 supra
484 3251 620 3314 corpora,
652 3252 727 3312 quae
751 3233 843 3295 divisa
867 3242 964 3315 erant,
997 3252 1055 3294 non
1079 3235 1148 3298 boui
1172 3237 1295 3320 aliquid,
1324 3241 1376 3301 sed

442 3401 639 3470 &Mna

368 3535 582 3546 ...—

441 3603 512 3655 lul
536 3601 575 3671 ei]
599 3601 643 3654 uli
667 3603 722 3670 Vll
745 3606 761 3656 t
783 3603 857 3655 esaei
881 3600 1039 3669 VRAobp
1067 3605 1167 3668 (pror
1192 3617 1222 3669 p.
1242 3603 1289 3666 8);
1318 3616 1378 3656 esso

370 3669 490 3743 FGepo
503 3673 513 3753 11
527 3676 542 3724 'l
557 3677 621 3752 post
638 3671 747 3725 audivit
763 3671 809 3726 cul
827 3687 842 3724 o
859 3671 924 3724 boec
942 3671 1109 3741 lepeborttor:
1128 3618 1147 3725 ἕ
1168 3670 1249 3724 iritns
1264 3675 1378 3726 sanctus

369 3744 546 3812 supervemet
558 3757 589 3794 1n
601 3743 631 3794 be
645 3743 675 3794 et
687 3741 775 3795 virtus
788 3687 928 3794 Altissimi
942 3740 1121 3794 obumbrabit
1133 3741 1157 3795 bi
1177 3741 1187 3794 i
1198 3741 1276 3808 (Luc.
1287 3747 1313 3808 1,
1323 3745 1377 3811 35),

369 3829 438 3883 quoe
451 3812 661 3880 moralitas
674 3812 771 3881 capra]
785 3814 815 3864 et
826 3811 924 3879 omoll
939 3816 972 3864 29
986 3825 1132 3865 mansuros
1145 3812 1188 3868 Ge
1201 3813 1210 3880 11
1224 3816 1379 3881 iusupero
