3284 4459
564 536 604 576 nn
618 534 760 576 emmanu
773 536 827 576 unx
840 536 866 576 n.
879 537 966 576 xum.
981 536 1004 577 o.
1018 539 1038 577 c
1228 521 1293 586 261

696 734 811 802 Oneon
834 735 891 800 IV.

431 868 477 928 Be
499 868 681 942 temporibus
704 866 797 926 Iacob
821 872 851 926 et
869 868 930 937 filii
951 868 1016 925 eius
1039 866 1155 942 Ioseph.

379 989 581 1069 Regnantihus
604 991 790 1069 Assyriorum
814 989 929 1048 decimo
951 1005 1020 1066 rege
1041 987 1128 1047 Baleo
1148 995 1179 1047 et
1196 985 1295 1066 Sicyo·

289 1081 409 1140 nicrum
442 1096 520 1138 nono
543 1077 690 1157 Messapo,
721 1079 771 1155 qui
799 1079 886 1136 etiam
911 1075 1052 1155 Cephisos
1080 1094 1097 1136 a
1120 1074 1295 1154 quibusdam

289 1167 419 1229 traditur
447 1161 488 1247 (si
515 1175 612 1226 tamen
640 1167 767 1228 duorum
795 1167 948 1224 nominum
971 1164 1059 1224 homo
1081 1181 1160 1224 unus
1184 1163 1239 1223 suit
1262 1182 1295 1223 ac
1315 1179 1331 1226 5

290 1274 352 1317 non
370 1257 470 1334 potius
486 1255 614 1314 alterum
633 1271 687 1333 pro
706 1253 798 1314 altero
821 1261 1000 1332 putaverunt
1022 1254 1115 1313 inisse
1138 1251 1296 1332 hominem,

290 1345 397 1423 quiin
421 1345 484 1403 suis
506 1351 671 1422 posuerunt
700 1343 818 1421 scriptis
842 1341 966 1401 aiterum
989 1334 1125 1422 nomen),
1153 1358 1222 1400 cum
1244 1357 1297 1398 rex

290 1434 466 1511 Argivorum
489 1433 595 1491 tertius
621 1430 691 1510 ripis
714 1437 801 1510 esset,
825 1439 959 1490 mortuus
982 1439 1028 1490 est
1049 1428 1130 1488 isaac
1152 1445 1297 1487 annorum

291 1519 411 1582 centum
435 1521 583 1598 octoginta
610 1527 641 1578 et
667 1516 786 1597 reliquit
812 1520 946 1596 geminos
968 1536 1039 1577 suos
1061 1535 1204 1577 annorum
1229 1533 1298 1575 cen·

291 1617 409 1670 tumet
436 1609 552 1688 viginti3
580 1624 706 1685 quorum
735 1608 832 1666 minor
855 1604 941 1666 iacoh
964 1608 1116 1685 pertinens
1139 1605 1174 1665 ad
1198 1606 1349 1668 civita-10
1459 1641 1466 1653 .

290 1703 352 1758 tem
371 1696 433 1776 hei,
452 1696 488 1756 de
507 1714 565 1774 qua
584 1693 750 1775 scribimus
769 1697 879 1754 maiore
899 1696 1001 1772 utique
1020 1692 1186 1774 reprobato,
1208 1691 1296 1753 habe·

293 1785 344 1846 hat
366 1784 521 1844 duodecim
544 1783 632 1862 filios,
656 1800 783 1861 quorum
805 1781 900 1863 iilum,
929 1785 980 1860 qui
1002 1781 1160 1842 vocabatur
1182 1779 1297 1861 ioseph,

291 1871 506 1934 mercatoribus
543 1873 572 1932 in
605 1871 783 1950 Aegyptum
805 1869 1027 1931 transeuntibus
1060 1869 1165 1930 iratres
1201 1869 1297 1929 adhuc

292 1961 372 2021 Isaac
397 1979 449 2020 avo
479 1978 582 2020 eorum
606 1961 721 2020 vivente
751 1958 951 2018 vendiderant.
997 1957 1086 2018 Stetit
1108 1966 1296 2018 autemante

291 2049 476 2109 Pharaonem
503 2047 623 2128 ioseph,
651 2047 767 2126 quando
795 2065 831 2107 ex
854 2045 1032 2126 humilitate,
1056 2063 1143 2125 quam
1166 2045 1297 2127 pertulit,
1317 2062 1350 2108 15

293 2136 467 2198 sublimatus
490 2145 551 2217 est,
574 2154 641 2197 cum
665 2137 783 2214 triginta
807 2144 887 2195 esset
910 2152 1068 2214 annorum3
1091 2136 1227 2212 quoniam
1251 2152 1296 2193 so·

292 2228 371 2285 mnia
390 2227 470 2303 regis
490 2225 586 2284 divine
604 2227 816 2302 interpretatus
835 2225 1052 2301 praenuntiavit
1074 2230 1187 2300 septem
1210 2220 1297 2281 uber·

292 2317 362 2374 tatis
393 2331 484 2372 annos
517 2313 647 2392 futuros,
676 2330 803 2390 qrrorum
831 2310 1038 2371 abundantiam
1067 2308 1298 2389 praepollentem

292 2411 512 2479 consequentes
535 2400 583 2460 ahi
606 2408 718 2479 septem
742 2399 858 2460 steriles
882 2399 1000 2459 fucrant
1021 2399 1239 2478 consumpturi,
1267 2407 1299 2458 et

293 2490 331 2550 oh
358 2489 415 2549 hoc
444 2507 511 2548 eum
539 2506 592 2548 rex
618 2491 801 2568 praefecerat
824 2490 954 2567 Aegypto
982 2487 1018 2547 de
1046 2504 1165 2546 carcere
1194 2484 1298 2545 libera·
1317 2502 1351 2549 20

292 2588 370 2658 tum,
398 2594 456 2656 qrro
480 2594 548 2637 erim
580 2579 747 2636 coniecerat
769 2579 922 2655 integritas
946 2577 1101 2654 castitatis,
1130 2591 1217 2653 quam
1240 2574 1298 2633 ior·

292 2669 364 2728 titcr
382 2683 503 2726 servans
522 2664 596 2724 male
615 2667 723 2725 amanti
742 2665 875 2725 dominae
895 2674 925 2725 et
943 2663 1018 2724 male
1037 2663 1157 2723 credulo
1180 2663 1298 2722 domino

293 2755 471 2814 mentiturae
500 2762 580 2814 veste
609 2754 695 2813 etiam
724 2753 864 2813 derelicta
891 2753 927 2812 de
957 2751 1090 2813 manibus
1117 2751 1299 2811 adtrahentis

293 2843 449 2921 ansergisus
482 2859 541 2901 non
579 2845 728 2902 consensit
765 2840 800 2901 ad
833 2850 977 2919 stuprum.
1032 2839 1168 2900 Secundo
1201 2849 1298 2900 autem

293 2947 370 2990 anno
399 2938 513 3008 septem
541 2947 685 2990 annorum
713 2929 858 2990 sterilium
881 2927 968 2988 iacoh
991 2931 1021 2988 in
1044 2929 1207 3007 Aegyptum
1231 2946 1299 2988 cum
1319 2943 1352 2989 ‘25

294 3021 356 3079 suis
381 3017 518 3078 omnibus
536 3019 617 3078 venit
640 3018 674 3078 ad
699 3017 801 3098 tilium,
824 3035 913 3096 agens
937 3035 1030 3076 annos
1053 3025 1171 3076 centum
1195 3026 1225 3076 et
1247 3019 1298 3077 tri-

293 3109 388 3188 ginta,
416 3109 494 3166 sicut
520 3107 715 3186 interroganti
737 3109 800 3184 regi
824 3109 886 3184 ipse
910 3105 1075 3186 respondit,
1103 3122 1170 3164 cum
1193 3102 1299 3183 loseph

294 3204 395 3274 ageret
418 3196 538 3274 triginta
562 3203 591 3254 ct
609 3213 722 3276 novem,
746 3196 781 3255 ad
804 3196 923 3272 triginta
948 3192 1068 3272 scilicet,
1091 3210 1165 3271 quos
1188 3191 1301 3272 agebat,

294 3283 412 3362 qtrando
436 3301 451 3342 a
475 3300 544 3362 rege
568 3283 729 3344 honoratus
756 3293 815 3362 est,
838 3281 943 3342 additis
967 3290 1079 3360 septem
1103 3279 1247 3340 ubertatis
1270 3289 1301 3340 ct

295 3370 410 3432 duobus
434 3373 526 3432 tamis
1320 3374 1353 3422 30

293 3545 321 3600 Π
367 3473 498 3599 ldlthfen.
518 3480 561 3541 41,
575 3479 617 3529 46.
673 3476 716 3544 rt)
736 3471 803 3528 Gen.
823 3479 911 3541 47‚9;
938 3473 1038 3528 Euseb.
1058 3473 1156 3528 Chron.
1177 3472 1220 3526 ed.
1240 3470 1302 3528 Sch.

322 3563 374 3616 ‚1³-
426 3589 466 3613 ι·

368 3726 385 3774 4
398 3738 546 3792 messappo
555 3721 624 3786 Am
636 3721 798 3790 missappho
809 3719 837 3774 R
850 3722 860 3790 il
874 3719 1000 3788 cephisos
1009 3721 1098 3787 AGo3
1111 3717 1253 3790 cephisaos
1262 3718 1303 3786 R;

298 3792 444 3862 caephisos
461 3793 502 3860 F;
521 3793 651 3860 cephisus
669 3810 686 3862 p
703 3796 713 3862 fl
732 3798 764 3845 14
782 3791 971 3846 uendiderunt
988 3791 1108 3859 Anh²p¹
