3284 4459
542 501 582 540 on
596 500 739 542 murrum
752 500 806 540 om
819 501 846 541 n.
859 501 922 542 xvr.
936 499 960 542 o.
974 501 1007 542 na.
1021 502 1054 542 oo.
1239 488 1302 553 159

291 651 366 694 oum
389 632 533 714 Mambre,
559 652 647 713 quae·
661 643 725 694 erat
753 633 901 696 chebron.
940 633 1065 696 *Deinde
1093 633 1129 696 ab
1156 634 1303 713 hostibus,

291 724 344 802 qui
365 721 500 782 Sodomis
519 723 681 803 inruerant,
703 740 771 784 cum
791 725 924 801 quinque
945 741 1031 802 reges
1053 722 1195 784 adversus
1218 731 1301 803 quat·

291 817 361 872 tuor
378 808 489 871 bellum
508 818 648 889 gererent
663 818 695 871 et
711 812 797 872 victis
811 810 973 873 Sodomitis
996 814 1085 873 etiam
1099 809 1175 874 Loth
1198 820 1301 892 captus

291 907 382 980 esset,
404 897 539 960 liberauit
560 916 628 960 eum
647 898 792 960 Abraham
815 899 951 961 adductis
975 918 1077 961 secum
1101 902 1132 961 iu
1155 900 1300 980 proelium

290 989 436 1048 trecentis
458 986 562 1048 decem
585 996 615 1048 et
637 996 704 1048 octo
727 987 893 1050 vernaculis
916 989 978 1048 suis
1002 997 1032 1050 et
1054 990 1208 1049 victoriam
1231 988 1336 1051 iecitt

292 1075 414 1155 regibus
446 1074 641 1139 Sodomorum
678 1075 809 1155 nihilque
846 1075 1008 1156 spoliorum
1045 1077 1162 1138 auferre
1201 1077 1301 1158 voterit,

291 1182 362 1225 oum
395 1182 447 1225 rex
479 1166 527 1226 cui
559 1166 669 1225 vicerat
700 1164 865 1226 obtulisset
911 1164 969 1226 Sed
996 1164 1082 1245 plane
1109 1174 1182 1226 tunc
1210 1164 1300 1226 bene-

291 1253 391 1314 dictus
413 1259 460 1314 est
482 1270 499 1315 a
520 1251 750 1335 Melchisedech,
778 1256 916 1332 quierat
938 1253 1077 1314 sacerdos
1100 1252 1153 1314 liei
1176 1253 1301 1334 excelsi3

291 1341 328 1402 de
352 1359 413 1420 quo
435 1342 467 1400 io
490 1341 631 1422 episttda,
660 1359 735 1421 quae
759 1340 932 1402 inscribitur
956 1341 992 1403 ad
1014 1340 1182 1423 Hebraeos,
1213 1359 1301 1420 quam

290 1429 394 1509 plures
421 1428 505 1490 Pauli
534 1429 658 1509 apostoli
688 1447 753 1490 esse
783 1430 900 1509 dicunt,
932 1429 1051 1510 quidam
1080 1448 1151 1492 uero
1181 1437 1355 1511 negantto

291 1517 389 1592 muita
405 1525 438 1578 et
460 1534 563 1596 magna
586 1520 754 1597 conscripta
776 1528 854 1580 sunt.
899 1516 944 1580 lbi
967 1521 1075 1598 quippe
1099 1520 1228 1598 primum
1251 1537 1300 1598 ep·
1414 1575 1421 1588 ,

290 1608 402 1686 paruit·
418 1606 612 1686 sacrificium,
642 1605 721 1685 quod
750 1625 830 1668 nunc
853 1625 869 1666 e
893 1605 1067 1668 Christianis
1091 1607 1215 1668 offertur
1240 1605 1300 1667 Deo

290 1703 354 1755 toto
384 1692 458 1754 orbe
480 1702 651 1774 terrarum,
680 1694 878 1775 impleturque
901 1694 987 1775 illud,
1022 1693 1100 1774 quod
1124 1694 1210 1774 longe
1233 1701 1302 1774 post

291 1783 348 1844 hoc
368 1783 480 1843 iactum
497 1799 552 1861 per
566 1785 754 1864 prophetiam
772 1783 882 1846 dicitur
899 1784 936 1848 ad
955 1784 1114 1863 Christum,
1132 1785 1185 1864 qui
1203 1783 1300 1846 iuerat

291 1871 389 1932 adhuc
415 1879 560 1932 venturus
582 1873 614 1930 in
641 1889 743 1932 carne:
779 1870 823 1932 ih
850 1890 881 1934 ee
908 1873 1054 1934 sacerdos
1082 1875 1114 1933 in
1142 1879 1300 1934 oeternum
1320 1884 1355 1932 15

290 1961 459 2021 secundnm
485 1961 623 2020 ordinem
645 1959 885 2033 Melchisedech
918 1977 976 2020 non
1001 1959 1114 2020 scilicet
1137 1960 1301 2022 secundum

291 2047 428 2108 ordinem
450 2047 563 2127 Aaron,
590 2050 642 2126 qui
669 2046 743 2108 ordo
770 2048 868 2108 iuerat
891 2047 1071 2108 auferendus
1093 2047 1301 2112 inlucesoeuti·

291 2134 570 2217 onerosum-quae
591 2135 650 2196 illis
672 2135 786 2196 umbris
808 2134 1067 2216 praenotabantur.

667 2305 787 2374 Oneon
804 2307 926 2373 XXIIl.

290 2421 340 2481 De
356 2419 449 2481 verbo
466 2418 590 2481 Domini
606 2420 650 2479 od
665 2419 832 2492 Abrohom·
854 2435 913 2493 quo
936 2421 967 2479 ei
984 2421 1174 2495 promittitur
1195 2436 1301 2479 secun·
1321 2431 1355 2482 ‘to

324 2509 396 2590 dum
419 2509 818 2589 multitudinemstetiorum
840 2509 1071 2586 multiplicando
1089 2510 1272 2584 posteritosr

342 2597 449 2672 'qnod
469 2597 598 2677 credens
621 2597 803 2668 iustificatos
826 2602 871 2656 est
893 2595 994 2655 adhuc
1018 2597 1048 2655 in
1068 2598 1231 2673 praeputio

704 2687 890 2745 constitutus.
957 2715 960 2724 ι
997 2717 999 2724 1

382 2789 478 2851 Etiam
507 2797 580 2849 tuoe
604 2787 713 2849 iactum
741 2796 788 2848 est
810 2787 934 2849 verbum
957 2787 1073 2848 Domini
1095 2786 1131 2848 ad
1154 2787 1300 2851 Abraham

291 2882 328 2939 in'
346 2881 420 2938 risu.
467 2876 616 2947 Quicum
639 2878 667 2936 ei
689 2878 905 2955 protectionem
928 2876 1155 2955 mercedemque
1178 2881 1299 2956 promit·
1319 2889 1354 2938 25

292 2965 476 3028 reverende
499 2963 635 3038 meritam,
658 2963 706 3024 ille
730 2963 766 3024 de
789 2967 962 3042 posteritate
986 2963 1130 3025 sollicitus
1153 2966 1302 3043 quendam

290 3054 407 3116 Eliezer
441 3052 631 3114 vernaculum
664 3069 750 3112 suum
789 3052 923 3113 iutruum
961 3051 1016 3113 sibi
1048 3052 1121 3112 dixit
1152 3052 1301 3132 heredem,

291 3145 495 3221 continuoque
517 3140 560 3201 iili
573 3142 746 3220 promissus
769 3148 816 3200 est
838 3139 939 3220 heres,
962 3158 1021 3200 non
1044 3140 1092 3201 iiie
1116 3142 1301 3225 vernaculus,

291 3231 346 3292 sed
373 3233 425 3309 qui
447 3229 484 3290 de
510 3232 576 3307 ipso
598 3224 744 3288 Abraham
772 3227 870 3289 hrerat
892 3231 1039 3309 exiturus,
1067 3245 1231 3308 rursusque
1255 3249 1300 3292 se·

291 3336 362 3380 men
389 3315 619 3397 innumerabile,
649 3332 709 3377 non
737 3318 815 3377 sicut
841 3315 951 3377 harene
979 3326 1089 3397 terres,
1119 3317 1171 3378 sed
1200 3317 1300 3380 stellae
1319 3331 1354 3380 30

290 3398 379 3487 caeli3
400 3405 461 3467 uhi
484 3403 555 3466 mihi
579 3407 671 3484 magis
694 3404 810 3465 videtur
832 3407 978 3484 promissa
999 3407 1157 3484 posteritas
1180 3405 1300 3468 caelesti

311 3547 315 3554 ’
364 3543 390 3609 1)
409 3539 477 3595 oen.
497 3545 540 3606 13,
556 3546 596 3594 1e.
639 3544 667 3610 e)
686 3539 754 3595 oen.
775 3547 817 3609 14,
834 3545 874 3595 ιε.
897 3543 943 3611 o)
963 3539 991 3596 c.
1007 3547 1030 3596 r.
1073 3529 1300 3610 anemone.

288 3614 338 3682 31)
355 3610 423 3666 Gen.
445 3617 587 3681 15‚1sqq.

289 3705 495 3735 '7‘7—-'‘

364 3748 397 3798 14
415 3721 594 3827 prophetiam
610 3717 694 3810 Wex
707 3745 893 3800 emendatione
906 3745 1015 3813 primae
1028 3745 1138 3824 mortes)
1154 3741 1301 3808 RFGn03

287 3814 489 3957 {3032thch
505 3831 535 3884 93
553 3813 720 3884 prophetem
737 3816 825 3883 cfltiO
844 3813 893 3869 sed
913 3814 995 3879 VR¹3
1014 3813 1064 3866 sed
1082 3813 1156 3871 sicut
1172 3811 1300 3868 R'FGa
1380 3881 1381 3886 ἵ
