3284 4459
345 529 409 592 244
747 540 949 584 sacomam

346 695 404 738 non
432 679 542 755 inpune
571 676 701 735 lecturos
729 675 980 753 consequentibus
1008 675 1117 736 indicat
1144 675 1280 737 versibus
1308 676 1352 738 di·

345 783 429 826 cens:
461 765 578 826 Etenim
605 765 691 824 homo
715 767 805 839 pacis
834 780 933 838 meae,
966 767 998 825 in
1020 780 1107 838 quem
1129 768 1267 841 speravi,
1298 767 1354 840 qai

345 855 454 915 edebat
470 870 568 930 penes
590 869 682 926 meos,
711 853 868 928 ampliavit
888 869 981 928 super
1003 869 1050 913 nte
1072 856 1263 927 calcaneum,
1294 853 1352 913 hoc

346 949 393 1001 est
415 941 596 1002 conculcavit
619 957 675 1000 me.
723 939 766 1000 Tu
789 947 898 1020 eutem,
920 941 1025 1019 inquit,
1049 941 1183 1015 Domine,
1205 943 1353 1002 miserere

309 1041 325 1088 tt
344 1031 405 1090 mei
421 1037 451 1091 ct
468 1031 618 1090 resuscito
636 1045 690 1100 me,
713 1035 743 1089 et
759 1030 888 1088 reddam
906 1031 973 1089 illes.
1010 1027 1084 1099 Quis
1101 1027 1159 1088 hoc
1176 1023 1234 1088 iam
1253 1038 1353 1110 neget,
1459 1092 1460 1115 ,

346 1119 397 1196 qui
420 1115 543 1177 ludaeos
566 1125 634 1196 post
655 1116 824 1194 passionem
846 1119 1156 1194 resurrectionemque
1179 1115 1291 1177 Christi
1313 1116 1352 1177 dc
1459 1122 1460 1181 i

345 1205 466 1266 sedibus
493 1208 555 1266 suis
583 1203 686 1265 bellica
715 1211 812 1282 strage
842 1212 873 1263 et
894 1203 1008 1264 excidio
1031 1204 1164 1265 funditus
1187 1206 1352 1266 eradicatos
1459 1196 1460 1205 ¹

344 1290 445 1354 videt?
482 1293 605 1354 Occisus
625 1295 703 1353 enim
722 1289 758 1352 ab
782 1293 826 1352 eis
848 1295 1014 1353 resurrexit
1035 1299 1066 1352 et
1088 1292 1217 1354 reddidit
1240 1295 1283 1353 eis
1305 1296 1351 1354 in-

345 1384 432 1442 terim
451 1382 658 1460 temporariam
676 1379 869 1460 disciplinam,
886 1389 1011 1458 excepto
1030 1380 1108 1458 quod
1127 1398 1187 1442 non
1206 1384 1352 1443 correctis

293 1483 326 1530 10
346 1478 451 1549 servat,
474 1468 591 1548 quando
613 1469 693 1529 vivos
712 1474 742 1528 et
760 1475 894 1528 mortuos
917 1467 1066 1529 iudicabit.
1110 1467 1184 1529 Nam
1207 1468 1352 1530 liominus

346 1560 409 1636 ipse
432 1557 516 1617 lesus
538 1558 628 1619 istum
651 1559 748 1635 ipsum
770 1555 943 1616 traditorem
966 1574 1054 1617 suum
1076 1575 1131 1635 per
1153 1575 1259 1636 panem
1282 1576 1352 1636 por-

345 1655 461 1712 rectum
493 1644 652 1705 ostendens
688 1642 828 1723 apostolis
864 1644 944 1704 hunc
976 1647 1064 1704 etiam
1095 1663 1215 1706 versum
1246 1646 1352 1725 psalmi

347 1733 435 1796 huius
454 1733 692 1793 commemoravit
710 1740 741 1792 et
762 1733 793 1792 in
817 1750 849 1792 se
872 1731 945 1792 dixit
967 1732 1134 1811 impletum:
1162 1735 1222 1806 Qui
1242 1736 1354 1795 edebat

340 1840 439 1897 penes
456 1838 544 1896 meos,
567 1822 723 1897 ampliavit
737 1837 831 1896 super
848 1837 894 1881 me
912 1824 1099 1882 calcaneum.
1144 1821 1230 1893 Quod
1247 1831 1351 1882 autem
1459 1818 1460 1823 ’

294 1921 326 1969 15
347 1911 399 1970 ait:
427 1909 465 1970 In
487 1911 733 1985 quemsperaei,
763 1926 823 1968 non
853 1911 991 1986 congruit
1014 1911 1118 1990 capiti,
1147 1909 1199 1970 sed
1223 1913 1352 1990 corpori.
1459 1928 1460 1969 t

346 1997 447 2075 Neque
467 1999 546 2057 enim
564 1995 714 2057 nesciebat
731 2013 800 2056 eum
818 1999 883 2075 ipse
901 1996 1043 2077 Salvator,
1064 1997 1101 2057 de
1120 2016 1178 2076 quo
1201 2006 1269 2058 ante
1292 2001 1353 2059 iam

346 2085 473 2146 dixerat:
503 2086 583 2147 Unus
601 2103 643 2146 ex
660 2084 742 2146 vobis
759 2102 807 2144 me
829 2087 933 2146 tradet
950 2093 993 2145 et:
1015 2104 1094 2147 enus
1116 2104 1157 2147 ex
1178 2088 1261 2148 cobis
1282 2088 1351 2147 die·
1459 2124 1460 2155 ,

346 2176 430 2235 bolus
462 2181 515 2234 cst.
560 2171 618 2233 Sed
651 2171 726 2233 solet
756 2175 787 2232 in
815 2191 847 2232 se
875 2173 1077 2234 membrorum
1103 2192 1227 2235 suorum
1254 2182 1351 2235 trans·
1459 2252 1460 2255 Ἴ

345 2261 423 2323 serre
447 2279 605 2341 personam
627 2269 657 2321 et
680 2259 736 2320 sibi
759 2259 892 2321 tribuere
916 2261 994 2339 quod
1017 2270 1098 2322 esset
1120 2262 1251 2343 illorum,
1281 2265 1350 2342 quia
1459 2272 1460 2293 ¹

295 2361 329 2410 20
350 2358 437 2430 caput
469 2359 500 2411 et
530 2368 640 2430 corpus
671 2367 749 2409 unus
781 2358 827 2410 est
857 2348 1006 2429 Christus,
1033 2350 1112 2410 unde
1141 2350 1214 2410 illud
1244 2360 1291 2411 est
1319 2354 1351 2411 in

349 2437 511 2517 evangelio:
534 2439 666 2513 Esurioi,
689 2444 720 2498 et
737 2439 862 2500 dedistis
883 2441 958 2498 milti
978 2440 1176 2514 manducare,
1199 2438 1278 2517 quod
1300 2457 1350 2499 ex-

344 2543 459 2607 ponens
486 2529 539 2587 ait:
573 2527 700 2598 Quando
728 2529 784 2585 uni
804 2543 846 2585 ex
874 2529 1004 2587 minimis
1025 2529 1099 2588 mets
1117 2525 1248 2603 sectetis,
1276 2530 1352 2588 miti

342 2613 468 2690 fecistis.
518 2613 556 2674 Se
592 2616 691 2692 itaque
728 2613 801 2673 dixit
837 2631 990 2693 sperasse,
1026 2613 1106 2693 quod
1142 2623 1213 2675 tunc
1235 2633 1349 2694 spera-

345 2711 448 2762 verant
474 2702 510 2766 de
538 2701 609 2762 luda
637 2701 773 2780 discipuli
800 2704 878 2783 eius,
908 2701 1025 2781 quando
1049 2712 1096 2763 est
1118 2711 1350 2763 connumeratus

293 2802 326 2850 re
346 2789 493 2868 apostolis.

434 2877 534 2937 ludaei
563 2884 661 2938 autem
692 2876 857 2958 Christum,
890 2896 977 2957 quem
1007 2887 1143 2959 sperant,
1172 2883 1350 2940 moriturum
1459 2946 1460 2953 χ

346 2982 411 3026 esse
435 2982 494 3026 non
513 2972 641 3044 sperant.
686 2964 755 3025 ideo
779 2983 867 3044 quem
891 2966 937 3025 lex
961 2974 991 3026 et
1012 2966 1173 3046 prophetae
1197 2967 1349 3028 adnuntia·

345 3061 461 3134 verunt,
483 3061 618 3114 nostrum
636 3071 702 3114 esse
725 3071 783 3112 non
807 3061 921 3134 putant,
943 3052 995 3114 sed
1018 3058 1119 3115 nescio
1142 3073 1231 3134 quem
1254 3073 1350 3137 suum,

347 3159 434 3220 quiem
465 3140 521 3202 sibi
550 3139 677 3202 alienum
707 3158 723 3200 a
752 3144 858 3201 mortis
888 3145 1024 3220 passione
1054 3143 1235 3222 confingunt.
1279 3143 1349 3204 ldco

293 3242 327 3290 eo
347 3228 472 3289 mirabili
501 3230 627 3290 vanitate
658 3236 745 3308 atque
776 3232 917 3291 caecitate
946 3229 1050 3311 verba,
1082 3249 1157 3311 quae
1186 3234 1350 3312 posuimus,

346 3335 406 3376 non
433 3325 559 3376 mortem
586 3326 616 3378 et
643 3319 906 3398 resurrectionem,
933 3317 985 3377 sed
1013 3336 1150 3380 somnum
1177 3328 1208 3380 et
1234 3319 1350 3399 evigila·

414 3425 441 3492 e)
455 3422 499 3477 Ps.
514 3429 557 3489 4ο,
568 3430 649 3493 esqq.
683 3429 726 3495 14)
740 3425 778 3478 10.
795 3430 947 3492 1s,1s;2o.
982 3428 1025 3495 18)
1039 3425 1076 3480 10.
1092 3430 1240 3498 o‚7c(r1i;
1255 3430 1298 3494 ts,
1308 3434 1342 3480 21

344 3495 387 3562 21)
406 3493 455 3547 Mt.
476 3499 575 3560 ee‚3s.
613 3495 716 3564 suin
736 3501 778 3548 40.
863 3575 866 3580 Ι

416 3657 447 3704 11
471 3651 546 3706 Iesus
565 3668 615 3707 ont.
636 3653 664 3708 it
681 3654 690 3722 ΙΙ
710 3658 742 3706 17
766 3669 837 3706 unus
856 3668 890 3707 ex
908 3653 988 3725 uobis
1006 3670 1050 3708 me
1069 3655 1163 3709 medei
1181 3657 1210 3709 ei
1227 3672 1300 3710 unus
1318 3671 1353 3709 ex

343 3721 425 3845 33ξίἱὲ
441 3721 571 3847 {12st
585 3725 633 3848 ¹est
647 3723 686 3792 te
706 3739 740 3778 ex
757 3723 839 3777 uobis
857 3739 902 3779 me
915 3724 1009 3778 medei
1022 3725 1039 3780 b
1057 3725 1089 3779 in
1102 3743 1201 3798 marp.;
1219 3741 1309 3780 me-
1319 3742 1353 3780 ex
