3284 4459
555 541 595 580 nn
609 539 752 583 manns
765 541 819 580 nnn
832 541 859 580 n
873 541 924 581 xv.
936 539 959 581 c.
973 542 1006 581 rs.
1243 525 1286 590 81

276 675 388 755 inquit,
416 682 527 734 aestate
554 670 689 753 <unum>
717 673 953 736 determinabant
975 691 1085 735 annum
1108 681 1140 735 et
1160 674 1286 736 alterum

276 761 392 843 bieme,
424 761 472 822 alii
496 762 719 842 quadripertitis
742 762 942 844 temporibus,
969 764 1050 823 sicut
1069 762 1212 844 Arcades,
1241 765 1285 823 in-

275 853 356 929 quit,
385 868 513 929 quorum
545 851 615 911 anni
647 853 834 912 trimenstres
862 845 1012 912 luerunt.“
1055 851 1169 912 Adiecit
1197 853 1286 912 etiam

276 938 434 1018 aliquando
462 939 632 1020 Aegyptios,
663 957 790 1018 quorum
817 956 923 1018 parvos
951 957 1044 999 annos
1072 948 1284 1018 quaternorum

277 1045 414 1089 mensum
446 1027 537 1088 luisse
571 1044 660 1107 supra
690 1028 835 1108 diximus,
866 1026 953 1088 lunae
981 1028 1039 1087 dne
1066 1027 1207 1088 limitasse
1235 1042 1321 1089 ant

276 1132 358 1178 num.
402 1114 523 1198 „ltaque
542 1115 619 1194 apud
638 1133 699 1197 eos,
720 1118 827 1198 inquit,
850 1123 880 1176 et
903 1115 1017 1194 singula
1040 1115 1118 1176 milia
1141 1134 1286 1178 annorum

277 1206 386 1264 vixisse
409 1198 609 1283 prodrrntur.“

365 1291 419 1352 llis
446 1292 528 1353 velut
559 1291 760 1372 probabilibus
792 1293 975 1370 argumentis
1003 1291 1122 1370 quidam
1148 1311 1208 1353 non
1235 1293 1285 1354 de-

275 1388 430 1442 struentes
447 1379 536 1440 lldem
561 1397 661 1441 sacrae
679 1380 769 1440 huius
787 1379 938 1460 historiae,
961 1379 1013 1440 sed
1032 1388 1167 1440 astruere
1190 1383 1285 1442 niten-

276 1478 339 1549 tes,
371 1487 409 1529 ue
441 1471 480 1529 sit
511 1468 682 1529 incredibile
716 1468 795 1546 quod
827 1476 887 1529 tam
919 1468 1029 1529 multos
1055 1486 1149 1528 annos
1178 1471 1338 1533 ririsse10

276 1557 451 1618 referuntur
474 1558 599 1638 antiqui,
626 1563 840 1636 persuaserunt
863 1555 933 1639 sibi,
961 1574 1016 1618 nec
1039 1574 1071 1617 se
1095 1556 1218 1618 suadere
1242 1559 1286 1618 in·

276 1645 425 1726 prudenter
449 1647 632 1725 existimant,
654 1653 714 1705 tam
737 1646 876 1723 exiguum
898 1646 1026 1723 spatium
1049 1647 1191 1724 temporis
1214 1654 1286 1707 tune

276 1751 389 1795 annum
408 1742 552 1813 vocatum,
575 1741 609 1794 nt
631 1732 673 1794 illi
696 1733 799 1794 decem
823 1735 882 1793 sint
906 1750 983 1794 unus
1006 1741 1108 1794 noster
1130 1742 1161 1794 et
1183 1734 1286 1795 decem

276 1823 373 1884 nostri
400 1831 521 1882 centum
547 1821 674 1882 illorum.
719 1821 782 1882 Hoc
809 1830 909 1881 autem
933 1839 998 1882 esse
1022 1821 1211 1882 falsissimum
1234 1823 1285 1882 do-

276 1919 416 1971 cumento
436 1909 656 1970 evidentissimo
676 1909 851 1971 ostenditur.
887 1908 973 1981 Quod
992 1918 1150 1989 antequam
1172 1911 1284 1992 faciam,
1306 1925 1338 1972 15

280 2016 338 2058 non
364 1997 437 2059 mihi
467 1997 625 2062 tacendum
651 1998 781 2079 ridetur,
810 2015 887 2076 quae
910 1997 1080 2059 credibilior
1102 2001 1197 2078 possit
1219 2017 1285 2061 esse

279 2088 417 2166 suspicio.
462 2085 637 2147 Poteramus
667 2095 748 2146 certe
777 2086 854 2146 hauc
884 2085 1134 2147 adseverationem
1165 2106 1201 2148 ex
1227 2087 1285 2149 He·

277 2173 374 2236 braeis
405 2174 556 2236 codicibus
584 2175 762 2254 redarguere
790 2184 879 2253 atque
904 2177 1094 2256 convincere,
1121 2174 1172 2236 ubi
1194 2176 1286 2237 Adam

276 2282 336 2324 non
366 2263 563 2324 ducentorum
592 2265 726 2342 triginta,
753 2263 805 2324 sed
838 2271 959 2324 centum
990 2265 1109 2343 triginta
1140 2281 1285 2325 annorum

276 2353 370 2414 luisse
398 2353 561 2431 reperitur,
591 2351 707 2430 quando
735 2353 857 2412 tertium
884 2353 988 2431 genuit
1010 2352 1115 2432 lilium,
1143 2354 1194 2431 qui
1217 2357 1286 2414 anni
1304 2367 1340 2416 eo

276 2442 304 2500 si
335 2440 479 2501 tredecim
511 2441 606 2501 nostri
638 2447 719 2513 sunt,
751 2439 985 2520 proculdubio,
1016 2441 1145 2519 primum
1168 2441 1285 2519 quando

276 2530 393 2609 genuit,
425 2528 563 2588 undecim
595 2527 641 2588 rel
672 2545 732 2589 non
765 2527 857 2589 multo
888 2528 1014 2607 amplius
1047 2546 1192 2589 annorum
1221 2529 1285 2591 luit.

276 2615 352 2688 Quis
384 2623 483 2697 potest
518 2616 574 2676 bae
611 2623 705 2676 aetate
737 2634 882 2696 generare
914 2619 1022 2677 usitata
1052 2617 1109 2677 ista
1141 2617 1285 2696 nobisque

276 2707 431 2766 notissima
448 2703 512 2783 lege
532 2701 676 2765 naturae?
713 2703 771 2765 Sed
791 2703 871 2765 bunc
889 2707 1068 2785 omittamus,
1091 2707 1142 2784 qui
1160 2706 1285 2767 sortasse

274 2795 366 2854 etiam
399 2793 515 2873 quando
549 2801 666 2854 creatus
703 2801 749 2853 est
780 2794 891 2873 potuit;
923 2811 982 2853 non
1014 2795 1093 2854 enim
1126 2813 1194 2854 eum
1226 2802 1286 2854 tarn
1304 2807 1339 2857 nt

276 2871 409 2961 parrum,
434 2899 521 2960 qtram
539 2881 667 2941 inientes
685 2883 780 2942 nostri
799 2889 878 2961 sunt,
901 2880 1011 2941 lactum
1029 2882 1120 2941 luisse
1144 2882 1285 2945 credibile

275 2977 332 3030 est.
379 2969 451 3030 Setb
475 2969 552 3029 lulius
576 2971 640 3029 eius
663 2988 723 3030 non
746 2968 944 3030 ducentorum
967 2971 1108 3048 quumque,
1132 2973 1209 3032 sicut
1232 2991 1286 3032 nus

276 3057 415 3138 legimus,
446 3056 498 3118 sed
526 3065 647 3118 centum
675 3059 805 3136 quinque
830 3058 899 3136 luit,
927 3057 1044 3136 qnando
1067 3061 1170 3136 genuit
1192 3058 1284 3141 Enos3

275 3165 311 3208 ac
341 3164 396 3224 per
427 3145 484 3206 boc
515 3145 679 3206 secundum
709 3147 783 3206 istos
819 3145 952 3207 nondum
990 3145 1116 3206 babebat
1147 3148 1285 3208 undecim

275 3252 369 3294 annos
393 3235 506 3294 aetatis.
552 3232 629 3304 Ouid
652 3233 746 3295 dicam
769 3234 806 3294 de
830 3232 940 3295 Gainan
963 3236 1027 3297 eins
1049 3233 1119 3317 lilio,
1142 3238 1194 3315 qui
1216 3255 1285 3297 cum
1303 3250 1339 3298 so

349 3359 393 3426 20)
412 3355 480 3412 Gen.
499 3361 525 3424 t,
540 3362 625 3426 tsqq.

349 3520 364 3569 1
387 3532 475 3568 unum
497 3532 547 3570 ons.
571 3533 624 3570 mss
641 3517 650 3584 ll
668 3521 685 3569 3
703 3517 878 3571 trimenstres
898 3516 1001 3586 Vn¹c13
1025 3518 1171 3574 trimenses
1192 3517 1284 3586 Gae¹3

276 3587 334 3639 tres
352 3601 462 3640 menses
480 3588 509 3652 ὸς
526 3586 671 3641 trimentes
685 3588 726 3653 F3
743 3589 904 3642 tremestres
923 3589 963 3658 R3
982 3588 1136 3644 trimestres
1155 3590 1285 3659 An¹poll

276 3655 355 3710 inere
368 3673 385 3712 c
397 3658 408 3726 [Ι
422 3661 454 3710 11
469 3655 566 3726 inpud.
580 3673 634 3712 mss
643 3659 691 3725 (cf.
701 3663 813 3726 59,11);
828 3658 998 3729 impruden
1012 3665 1045 3714 21
1060 3660 1172 3729 quando
1186 3659 1285 3730 genuit

278 3731 452 3866 msa7)(propdr,l
459 3731 543 3852 pff
559 3728 667 3851 genuit,
682 3730 794 3797 quondo
808 3746 825 3784 o
838 3731 847 3799 ΙΙ
861 3735 894 3783 27
910 3729 972 3785 seth
988 3731 1168 3799 VAFeoep
1181 3735 1284 3801 (propr.

275 3813 635 3865 μμθςωπ

330 3897 610 3938 mmmmn
1056 3893 1072 3940 6
