3284 4459
540 516 581 556 nn
595 515 739 558 omerus
752 517 848 562 omn
862 517 926 557 m.
940 516 963 558 o
977 518 1010 558 ts.
1025 519 1057 559 ro.
1235 500 1301 572 387

292 650 449 728 creditque
481 649 617 711 sensibus
640 653 672 711 in
694 653 739 712 rei
762 653 908 729 cuiusque
931 652 1089 731 evidentia,
1116 651 1224 730 quibus
1247 670 1304 732 per

292 757 403 818 corpus
427 741 543 799 animus
571 741 681 819 utitur,
709 742 847 818 quoniam
871 739 1068 800 miserabilius
1092 740 1218 820 fallitur,
1249 743 1303 820 qui

292 842 454 905 numquam
474 836 558 908 putat
575 830 619 889 eis
638 845 703 888 esse
727 826 923 909 credendnm3
945 829 1041 890 credit
1064 831 1152 892 etiam
1174 832 1301 908 scriptu.-

291 917 335 976 ris
359 917 468 976 sanctis
492 924 522 976 et
544 914 694 977 veteribus
717 923 747 990 et
770 919 870 997 noris,
899 934 974 996 quas
996 919 1153 978 canonicas
1174 916 1302 998 appella-

293 1022 375 1085 mus,
403 1003 481 1064 unde
508 1004 582 1064 fides
608 1006 672 1084 ipsa
701 1014 845 1084 concepta
872 1014 931 1085 est,
958 1023 995 1066 cx
1018 1023 1076 1084 qua
1098 1007 1195 1066 iustus
1217 1009 1339 1087 vivit35

294 1111 351 1172 per
375 1109 463 1170 qrram
486 1095 550 1153 sine
577 1092 759 1154 dubitatione
787 1091 983 1175 ambulamus,
1010 1093 1150 1172 quamdiu
1172 1097 1303 1174 peregri·

294 1198 402 1241 namur
432 1199 449 1241 a
479 1179 616 1261 [lomin03
649 1198 706 1260 qna
738 1180 815 1242 salva
843 1191 931 1260 atque
962 1190 1043 1243 certa
1069 1180 1106 1243 de
1129 1181 1304 1260 quibusdem

294 1267 396 1351 rebus,
420 1287 493 1348 quas
513 1286 609 1348 neque
633 1287 723 1331 seusu
742 1287 839 1348 neque
863 1273 978 1331 ratione
995 1271 1184 1350 percepimus
1206 1289 1305 1349 neque

294 1356 382 1418 nobis
400 1376 455 1436 per
473 1359 651 1435 scripturam
669 1361 841 1420 canonicam
859 1357 1032 1420 clauserunt
1048 1376 1105 1421 uec
1127 1376 1181 1437 per
1204 1367 1305 1439 testes,

294 1443 405 1524 quibus
436 1463 497 1506 non
527 1445 649 1508 credere
679 1445 841 1507 absurdum
868 1455 930 1528 est,
957 1449 988 1507 in
1016 1455 1147 1506 nostram
1169 1449 1305 1510 notitiam
1323 1458 1358 1507 lo

293 1541 504 1614 pervenerunt,
528 1536 593 1598 sine
615 1536 693 1596 iusta
715 1534 949 1614 reprehensione
972 1533 1151 1596 dubitamus.

368 1856 373 1871 ,
689 1775 806 1843 Curuo
824 1777 912 1844 XIX.

448 1907 494 1967 De
515 1907 621 1967 babitu
644 1907 829 1967 elmericus
848 1910 956 1982 populi
980 1907 1153 1967 Christiani

387 2028 465 2089 Nihil
497 2046 567 2090 sane
597 2027 632 2087 ad
663 2029 748 2089 istam
777 2030 909 2108 pertinet
937 2031 1085 2090 civitatem
1114 2049 1173 2108 quo
1202 2029 1305 2092 habitu

296 2117 343 2178 vel
375 2135 457 2178 more
489 2116 622 2198 vivendi,
656 2118 680 2176 si
713 2135 772 2176 non
803 2126 849 2178 est
880 2125 982 2177 contra
1012 2118 1108 2178 divina
1137 2127 1306 2200 praecepta,
1324 2127 1358 2179 1⁶

297 2209 385 2267 istam
409 2205 510 2286 fidem,
538 2222 594 2283 qua
621 2208 795 2284 pervenitur
818 2204 853 2266 ad
877 2205 984 2285 Derim,
1012 2208 1137 2284 quisque
1160 2216 1306 2288 sectetur;

297 2293 377 2355 unde
405 2296 485 2372 ipsos
513 2311 631 2372 quoque
659 2293 864 2376 philosophos,
892 2292 1008 2372 quando
1036 2292 1195 2355 Christiani
1221 2295 1306 2374 fiunt,

297 2401 358 2443 non
378 2382 510 2443 habitum
529 2381 575 2442 vel
594 2382 839 2442 consuetudinem
862 2383 967 2464 rictus,
989 2399 1064 2462 quae
1088 2381 1159 2441 nihil
1182 2381 1307 2460 impedit

298 2471 487 2552 religionem,
518 2469 569 2530 sed
600 2469 670 2529 salsa
704 2469 839 2548 dogmata
871 2478 986 2532 mutme
1018 2469 1176 2549 compellit.
1220 2468 1305 2530 Unde

297 2559 376 2619 illam
401 2576 488 2638 quam
512 2557 602 2619 Varro
626 2556 759 2617 adhibuit
781 2577 817 2620 ex
841 2557 958 2638 Cynicis
980 2558 1189 2639 differentiam,
1212 2559 1237 2618 si
1260 2560 1304 2618 ni·
1323 2570 1358 2619 20

298 2647 340 2707 hil
364 2649 492 2726 turpiter
514 2655 602 2724 atque
625 2648 858 2725 intemperanter
881 2655 962 2727 agat,
984 2648 1104 2707 omnino
1128 2664 1186 2707 non
1210 2654 1305 2707 curat.

299 2734 343 2796 Ex
367 2735 463 2796 tribus
486 2752 556 2794 vero
574 2733 631 2794 illis
654 2736 729 2794 vitae
752 2733 921 2815 generibus,
944 2737 1048 2816 otioso,
1071 2744 1192 2795 actuoso
1215 2744 1305 2796 etex

299 2833 427 2903 utroque
456 2824 633 2903 composito,
661 2825 794 2901 quamvis
822 2823 899 2883 salva
928 2823 985 2883 ilde
1009 2825 1135 2902 quisque
1158 2825 1252 2903 possit
1273 2825 1306 2884 in

300 2911 432 2992 quolibet
459 2929 563 2971 eorum
590 2913 678 2971 vitam
709 2911 818 2971 ducere
848 2920 878 2972 et
904 2911 939 2972 ad
970 2913 1149 2991 sempiterna
1176 2914 1306 2991 praemia

299 3003 474 3081 pervenire,
506 3001 631 3059 interest
668 3008 764 3059 tamen
799 2999 869 3078 qnid
902 3017 1001 3060 amore
1035 3008 1133 3060 teneat
1164 3002 1306 3080 veritatis,
1324 3009 1358 3060 2⁶

300 3086 371 3168 quid
394 3089 492 3148 officio
516 3089 645 3148 caritatis
672 3087 820 3165 inpendet.
866 3086 927 3146 Neo
950 3091 993 3148 sic
1016 3105 1081 3148 esse
1106 3089 1230 3166 quisquc
1254 3087 1305 3148 de·

300 3177 352 3238 bet
375 3179 501 3256 otiosus,
524 3179 609 3236 utin
635 3176 738 3236 eodem
761 3178 821 3235 otio
846 3175 1001 3236 utilitatem
1025 3194 1083 3236 non
1107 3177 1217 3254 cogitet
1238 3193 1306 3255 pro·

301 3268 387 3345 ximi‚
410 3283 466 3326 nec
489 3267 531 3324 sic
554 3273 708 3345 actuosus,
736 3272 770 3325 ut
793 3263 1069 3343 contemplationem
1092 3281 1151 3323 non
1175 3265 1308 3341 requirat

300 3353 363 3415 Dei.
411 3353 443 3414 ln
471 3355 531 3413 otio
560 3370 619 3412 non
642 3355 722 3412 iners
745 3355 857 3412 vacatio
880 3351 1027 3412 delectare
1050 3350 1151 3429 debet,
1181 3350 1232 3410 sed
1256 3359 1308 3412 aut

301 3443 524 3520 inquisitioaut
546 3443 676 3500 inventio
695 3442 835 3520 veritatis,
858 3448 892 3501 ut
914 3441 945 3500 in
968 3457 1002 3500 ea
1025 3441 1150 3517 quisque
1172 3438 1308 3518 proficiat
1325 3451 1360 3501 3⁰

374 3599 400 3661 d)
419 3593 504 3649 Abeo.
524 3599 549 3662 2,
567 3600 592 3648 4.
629 3595 656 3662 l)
674 3599 698 3647 2.
719 3591 778 3646 Cor.
799 3599 825 3660 ὁ,
843 3599 869 3648 6.

374 3785 390 3834 8
407 3777 582 3848 percepimus
601 3772 758 3841 RGuepm
776 3770 948 3840 percipimus
966 3769 1060 3838 Acbp
1086 3854 1099 3883 ι

1001 3864 1004 3870 “
1047 3861 1080 3908 25
