3284 4459
306 499 372 563 354
711 512 911 555 snoousrmr

307 655 406 709 autern
429 650 519 708 trium
542 646 598 708 hoc
622 647 709 726 elegit
732 651 854 709 tertium
877 648 1086 728 hominemque
1109 668 1164 710 nec
1188 652 1317 712 animam

307 737 398 798 solam
426 754 480 797 nec
513 736 607 797 solum
639 754 761 818 corpus,
793 736 846 797 sed
878 738 1003 797 animam
1032 737 1119 797 simui
1147 747 1178 798 et
1205 757 1316 817 corpus

307 843 372 887 esse
401 824 569 886 arbitratur.
614 823 743 885 Proinde
771 843 919 886 summum
947 823 1057 886 bonum
1087 826 1227 908 bominis,
1254 845 1316 906 quo

306 914 341 974 iit
363 913 480 994 beatuS,
508 931 543 974 ex
571 915 727 992 utriusque
752 915 796 973 rei
818 913 905 973 bonis
929 921 1065 974 constare
1088 914 1172 994 dicit,
1200 924 1230 975 et
1253 918 1315 976 ani·

272 1012 372 1064 omae
396 1001 509 1062 scilicet
536 1010 566 1062 et
596 1003 737 1080 corporis.
782 1000 824 1062 Ac
846 1020 901 1081 per
923 1001 980 1062 boc
1003 1004 1096 1082 prima
1119 1003 1168 1063 ilia
1193 1012 1316 1064 naturae

306 1098 429 1170 propter
456 1108 486 1150 se
514 1092 578 1169 ipsa
610 1092 757 1150 existimat
791 1090 953 1168 expetenda
985 1093 1137 1170 ipsamque
1166 1094 1317 1174 virtutem,

307 1197 394 1259 quam
423 1179 557 1239 doctrina
584 1179 688 1238 inserit
714 1177 795 1238 reiut
821 1186 916 1238 artem
943 1179 1072 1259 vivendi,
1101 1198 1175 1258 quae
1199 1183 1230 1240 in
1253 1183 1316 1240 ani-

306 1286 370 1328 mae
389 1267 474 1327 bonis
489 1273 535 1327 cst
548 1265 828 1326 excellentissimum
847 1264 966 1327 bonum.
1005 1266 1193 1347 Quapropter
1212 1267 1316 1328 eadem

306 1359 416 1436 virtus,
447 1356 477 1415 id
507 1363 552 1415 est
582 1372 630 1414 ars
660 1355 788 1433 agendae
819 1356 911 1435 vitae,
943 1373 1011 1415 cum
1041 1359 1190 1435 acceperit
1219 1359 1316 1436 prima

254 1455 287 1505 10
306 1454 444 1525 naturae,
477 1460 551 1522 quae
584 1445 648 1502 sine
680 1442 728 1503 ilia
760 1450 862 1524 erant,
894 1442 945 1502 sed
978 1453 1076 1504 tamen
1108 1453 1194 1506 erant
1224 1447 1317 1506 etiam

307 1532 423 1612 quando
447 1533 490 1591 eis
513 1530 647 1592 doctrina
670 1531 765 1590 adbuc
788 1530 906 1607 deerat,
929 1535 1026 1591 omnia
1049 1542 1172 1612 propter
1195 1552 1227 1594 se
1249 1536 1317 1613 ipsa

306 1623 419 1700 appetit
440 1619 586 1698 simulque
610 1621 697 1680 ctiam
721 1622 874 1699 seipsam,
897 1619 1093 1698 omnibusque
1117 1621 1206 1682 simui
1229 1631 1258 1682 et
1281 1642 1316 1683 se

305 1711 369 1789 ipsa
391 1710 495 1788 utitur,
518 1725 553 1768 eo
576 1707 643 1788 fine,
666 1714 700 1768 ut
721 1706 859 1767 omnibus
882 1707 1046 1768 delectetur
1069 1717 1157 1787 atque
1180 1710 1315 1788 perfrua-

306 1806 369 1876 tur,
397 1798 487 1874 magis
515 1797 686 1876 minusque,
712 1803 747 1856 ut
777 1813 910 1874 quaeque
934 1798 1012 1857 inter
1035 1813 1067 1856 se
1090 1800 1201 1858 maiora
1225 1806 1315 1877 atque

255 1895 288 1945 15
306 1887 420 1944 minora
438 1891 516 1965 sunt,
540 1892 637 1944 tamen
656 1881 793 1944 omnibus
816 1883 949 1962 gaudens
972 1894 1003 1945 et
1025 1885 1168 1964 quaedam
1191 1889 1315 1969 minora,

306 1975 331 2032 si
354 1974 515 2033 necessitas
538 1970 681 2053 postulat,
709 1980 832 2050 propter
856 1975 966 2033 maiora
988 1972 1034 2033 vel
1057 1973 1245 2053 adipiscenda
1268 1977 1317 2036 vei

305 2060 432 2123 tenenda
456 2066 656 2122 contemnens.
703 2058 841 2120 Omnium
864 2069 963 2121 autem
986 2060 1132 2122 bonorum
1156 2061 1202 2122 vel
1224 2066 1317 2126 animi

305 2147 351 2210 rel
383 2151 517 2228 corporis
549 2148 621 2209 nibil
654 2146 711 2208 sibi
742 2150 836 2208 virtus
868 2151 988 2208 omnino
1020 2152 1183 2230 praeponit.
1234 2151 1315 2214 Haec

306 2239 384 2298 enim
416 2235 492 2298 bene
520 2239 615 2297 utitur
643 2245 672 2297 et
700 2254 731 2296 se
759 2238 823 2316 ipsa
850 2244 881 2297 et
909 2239 1032 2318 ceteris,
1065 2256 1139 2316 quae
1163 2239 1316 2302 bominem

252 2339 287 2388 20
306 2327 418 2387 iaciunt
440 2324 572 2405 beatum,
595 2323 688 2385 bonis.
734 2321 790 2384 Ubi
812 2342 883 2384 vero
906 2327 970 2403 ipsa
992 2343 1053 2386 non
1075 2335 1130 2407 est,
1153 2327 1317 2406 quamlibet

305 2415 397 2475 multa
420 2416 480 2474 sint
502 2413 588 2494 bona,
611 2431 670 2473 non
693 2412 771 2473 bono
795 2414 860 2473 eius
883 2422 968 2494 sunt,
992 2416 1077 2475 cuius
1101 2424 1179 2496 sunt,
1202 2435 1236 2476 ac
1258 2436 1316 2496 per

305 2501 362 2562 hoc
389 2520 444 2562 nec
472 2504 536 2562 eius
563 2501 640 2561 bona
667 2500 790 2560 dicenda
819 2510 905 2584 sunt,
932 2504 981 2562 cui
1009 2501 1083 2563 male
1111 2507 1207 2564 utenti
1230 2505 1315 2567 utilia

306 2608 372 2650 esse
396 2608 455 2650 non
478 2597 611 2668 possunt.
657 2588 736 2648 Haec
765 2607 835 2667 ergo
858 2591 916 2650 vita
939 2589 1081 2672 hominis,
1104 2610 1179 2670 quae
1203 2595 1314 2655 virtute

306 2686 337 2740 et
359 2676 421 2738 aliis
450 2679 538 2737 animi
568 2685 598 2738 et
626 2678 759 2756 corporis
781 2675 881 2757 bonis,
911 2680 974 2738 sine
997 2678 1106 2757 quibus
1129 2683 1222 2742 virtus
1246 2700 1315 2743 csse

253 2777 287 2827 25
306 2783 366 2825 non
393 2774 504 2846 potest,
534 2765 656 2845 inuitur,
684 2763 768 2824 beata
796 2783 861 2825 esse
890 2766 1013 2848 dicitur;
1044 2770 1069 2827 si
1092 2786 1162 2828 vero
1185 2778 1216 2829 et
1238 2770 1315 2852 aliis,

307 2855 370 2913 sine
394 2851 501 2932 quibus
521 2872 586 2913 esse
605 2854 699 2913 virtus
721 2859 828 2934 potest,
850 2853 896 2914 vei
919 2854 986 2914 ullis
1010 2854 1055 2915 vei
1077 2855 1222 2937 pluribus,
1244 2857 1313 2919 bea·

306 2943 380 3021 tior3
404 2944 429 3002 si
447 2950 546 3002 autem
564 2959 687 3020 prorsus
706 2940 852 3023 omnibus,
875 2950 909 3003 ut
926 2941 1040 3004 nullum
1058 2947 1178 3004 omnino
1201 2944 1315 3008 bonum

307 3030 384 3090 desit
410 3027 457 3089 vel
484 3032 572 3089 animi
599 3027 645 3089 vel
668 3031 814 3111 corporiS,
843 3028 1018 3091 beatissima.
1064 3031 1128 3093 Non
1153 3036 1232 3094 enim
1255 3034 1313 3096 hoc

308 3118 439 3199 astuta,
461 3117 540 3196 quod
559 3118 662 3196 virtus,
686 3120 823 3195 quoniam
842 3136 902 3177 non
920 3121 1015 3179 omnis
1034 3122 1100 3202 vita,
1123 3121 1174 3181 sed
1195 3125 1314 3203 sapiens

253 3219 288 3268 to
307 3208 365 3266 rita
388 3207 482 3266 virtus
506 3214 563 3286 est3
587 3213 616 3266 et
639 3214 737 3264 tamen
759 3204 982 3285 qualiscumque
1006 3211 1063 3268 vita
1086 3210 1150 3270 sine
1173 3209 1231 3270 ulia
1254 3215 1313 3271 vir·

307 3302 370 3354 tute
400 3301 499 3373 potest
528 3312 607 3374 esse3
637 3294 730 3353 virtus
761 3311 830 3352 vero
860 3296 924 3354 sine
954 3295 1013 3355 ulia
1041 3299 1100 3357 vita
1127 3316 1186 3358 non
1213 3309 1315 3378 potest

307 3400 381 3442 esse.
427 3381 490 3442 Hoc
519 3391 548 3442 et
577 3381 613 3441 de
645 3383 784 3441 memoria
811 3379 936 3442 dixerim
964 3391 1052 3463 atque
1076 3388 1206 3467 ratione,
1233 3391 1313 3448 etsi

307 3470 378 3550 quid
402 3469 458 3530 tale
483 3468 561 3530 aliud
590 3476 635 3529 est
662 3470 692 3528 in
722 3468 850 3530 bomine.
896 3469 972 3533 Sunt
994 3474 1073 3534 enim
1094 3472 1168 3536 baec
1191 3482 1222 3537 et
1244 3486 1313 3537 ante

376 3633 390 3681 1
415 3629 502 3697 elegit
524 3629 714 3695 RAGnabq
738 3628 826 3698 eliget
847 3648 877 3700 93
900 3630 981 3700 eligit
996 3648 1038 3699 po
1058 3633 1068 3701 fl
1090 3638 1120 3685 11
1146 3633 1210 3702 ipsa
1228 3634 1318 3688 Rae²

304 3703 519 3838 aigapgssdd,
539 3703 582 3769 6);
604 3699 696 3768 ipsam
714 3699 895 3771 Acrem
915 3703 924 3770 ΙΙ
945 3707 978 3753 22
1001 3702 1055 3756 boc
1074 3704 1159 3774 Rnp3
1182 3705 1236 3758 hoc
1255 3704 1315 3758 iem
