3284 4459
564 525 604 565 ou
617 523 760 566 murreus
774 525 828 565 mu
840 524 866 565 1..
880 525 943 565 xv1.
956 525 980 566 o.
994 526 1026 565 ro.
1150 557 1155 565 .
1239 511 1300 573 141

387 657 462 721 oum
481 677 552 738 ergo
571 660 741 738 quaerimus
758 660 788 718 in
808 659 866 718 illis
889 661 1072 737 septuaginta
1095 656 1210 719 drrabus
1232 677 1303 738 gen-

294 748 378 810 tibus
398 749 544 808 civitatem
561 746 623 826 Dei,
648 764 706 809 non
729 765 888 825 possumus
911 747 1064 807 adfirmare
1087 746 1137 807 illo
1161 755 1303 827 ternpore,

298 855 357 917 quo
381 845 444 898 erat
467 838 511 896 eis
534 834 643 896 labium
667 853 768 914 unum,
791 835 821 896 id
844 844 890 897 est
912 835 1038 914 loquella
1061 853 1128 914 une,
1150 843 1222 897 tuno
1244 838 1302 896 iam

298 943 393 1004 genus
415 923 578 985 humanum
595 924 753 985 alienatum
777 924 869 983 luisse
893 940 909 984 a
933 923 1015 985 errltu
1038 925 1100 983 reri
1121 922 1185 1004 liei,
1206 927 1247 984 ita
1269 932 1304 985 ut

297 1015 327 1074 in
351 1014 422 1073 solis
450 1015 516 1072 istis
543 1011 784 1091 generationibus
811 1014 906 1091 pietas
928 1029 997 1073 vera
1019 1019 1200 1092 remaneret,
1227 1022 1338 1091 quaet

298 1100 483 1162 descendunt
510 1100 546 1160 de
574 1102 687 1161 semine
711 1099 780 1161 Sem
807 1119 862 1178 per
889 1099 1036 1181 Arphaxat
1061 1109 1091 1162 et
1118 1099 1244 1161 tendunt
1266 1099 1302 1160 ad

298 1189 456 1268 Abraham;
484 1188 535 1249 sed
564 1187 600 1248 ab
628 1187 676 1249 illa
705 1187 843 1268 superbia
873 1188 1069 1249 aedificandae
1092 1190 1184 1249 turris
1207 1206 1302 1267 usque

297 1281 328 1338 in
352 1276 481 1356 eaelum,
510 1295 567 1356 qua
591 1279 679 1356 impia
703 1277 886 1356 significatur
909 1276 1011 1357 elatio,
1034 1278 1171 1358 apparuit
1192 1278 1303 1357 civitas,

296 1366 354 1427 hoe
378 1374 424 1426 est
446 1367 581 1445 societas,
604 1367 770 1444 impiorum.
818 1364 921 1425 Utrum
945 1367 1043 1444 itaque
1067 1374 1134 1426 ante
1158 1382 1217 1425 non
1240 1365 1303 1426 iue-

297 1457 337 1514 rit
366 1473 404 1514 an
436 1451 571 1533 latuerit,
599 1471 635 1513 an
664 1455 763 1532 potius
786 1462 912 1532 utraque
935 1456 1148 1534 permanserit,
1176 1455 1223 1532 pia
1246 1455 1355 1514 sei-10

297 1543 368 1603 lieet
391 1544 422 1603 in
445 1540 561 1602 duobus
590 1539 657 1602 tiliis
680 1540 755 1622 Noe,
784 1544 835 1620 qui
858 1540 1006 1602 benedicti
1029 1550 1112 1622 sunt,
1139 1559 1302 1621 eorumque

297 1625 551 1711 posteris3'impia
571 1631 689 1690 veroin
713 1648 757 1710 eo,
780 1632 831 1708 qui
854 1629 1027 1690 maledictus
1050 1639 1105 1710 est,
1128 1638 1215 1709 atque
1238 1632 1304 1690 eius

297 1720 454 1799 progenie,
487 1717 539 1778 utu
571 1720 658 1778 etiam
690 1727 811 1778 exortus
841 1727 886 1778 est
918 1721 1019 1798 gigans
1048 1727 1169 1779 venator
1201 1727 1303 1779 eontra

298 1807 472 1887 Dominum,
505 1825 563 1867 non
601 1814 647 1867 est
678 1805 848 1867 diiudicatio
881 1807 982 1867 iaoilis.
1037 1805 1183 1868 Fortassis
1215 1808 1303 1888 enim,

297 1895 376 1976 quod
401 1894 534 1975 prolecto
558 1904 604 1954 est
627 1893 811 1974 credibilius,
840 1902 870 1955 et
892 1897 922 1954 in
946 1895 1012 1956 liliis
1035 1895 1162 1956 duorum
1184 1894 1302 1955 illorum
1323 1907 1355 1955 to

297 1987 355 2045 iam
379 1991 467 2063 tunc,
495 1993 651 2061 antequam
674 1982 831 2062 Babylonia
856 1986 1002 2062 coepisset
1024 1986 1155 2064 institui,
1181 1985 1304 2044 luerunt

299 2080 520 2152 contemptores
543 2069 612 2150 liet,
636 2073 718 2131 etin
741 2070 807 2132 liliis
832 2070 922 2131 Citam
946 2071 1076 2132 cultores
1099 2070 1166 2152 llei3
1188 2080 1303 2133 utrum-

298 2179 356 2241 que
380 2168 479 2221 tamen
497 2158 650 2219 hominum
674 2177 767 2237 genus
790 2162 881 2220 terris
904 2177 1062 2239 numquam
1086 2159 1216 2221 doluisse
1239 2177 1303 2222 ere·

298 2249 427 2309 dendum
457 2256 511 2308 est.
557 2247 588 2308 Si
616 2247 735 2326 quidem
763 2255 793 2308 et
820 2248 939 2329 quando
966 2249 1078 2310 dietum
1107 2257 1165 2309 est:
1197 2250 1303 2310 Omnes

299 2341 543 2409 declinaverunt,
571 2339 663 2396 simul
683 2338 803 2397 inutiles
821 2335 905 2413 sueti
924 2345 1011 2408 sunt·
1032 2355 1092 2397 nou
1115 2345 1160 2398 est
1181 2340 1235 2412 qui
1253 2335 1302 2411 fa·
1321 2347 1356 2396 20

299 2431 364 2488 ciat
386 2427 504 2497 bonum,
527 2432 649 2485 nonest
671 2442 766 2500 usque
789 2427 834 2485 ad
854 2442 956 2500 unum,
978 2427 1009 2485 in
1033 2434 1159 2503 utroque
1182 2423 1304 2505 psalmo,

298 2514 349 2575 ubi
377 2513 450 2573 haec
477 2511 566 2572 verba
594 2520 678 2591 sunt,
706 2519 736 2572 et
763 2511 820 2573 hoc
847 2512 968 2592 legitur:
996 2514 1102 2574 Nonne
1124 2520 1305 2587 coynoscent

298 2620 409 2675 omnes,
432 2603 487 2677 qut
502 2608 671 2677 operantur
695 2604 896 2676 iniquitatem,
919 2604 974 2676 qui
994 2604 1142 2662 devorant
1160 2604 1304 2679 populum

298 2708 397 2752 meum
421 2693 452 2750 lu
475 2689 544 2750 cibo
563 2691 675 2765 punis?
701 2687 773 2748 Erat
796 2707 867 2768 ergo
892 2692 978 2750 etiam
1002 2698 1073 2751 tune
1095 2689 1223 2768 pupulus
1241 2688 1303 2749 Dei.

299 2779 384 2840 Unde
407 2775 489 2858 illud,
512 2776 590 2855 quod
614 2775 725 2837 dietum
748 2784 806 2837 est:
834 2779 901 2838 Nou
924 2784 969 2838 est
992 2781 1045 2854 qui
1062 2777 1163 2853 faciat
1185 2778 1303 2850 bonum,
1321 2789 1356 2839 to

298 2886 358 2929 non
387 2873 433 2927 est
459 2883 553 2941 usque
579 2867 623 2926 ad
648 2881 756 2940 unum,
786 2865 823 2925 de
851 2865 918 2926 tiliis
941 2865 1092 2925 hominum
1115 2864 1225 2926 dictum
1249 2873 1304 2946 est,

298 2975 359 3017 non
383 2954 419 3014 de
443 2952 510 3014 filiis
532 2951 595 3014 liei.
640 2951 712 3013 Nam
740 2955 936 3033 praemissum
964 2961 1021 3014 est:
1053 2954 1135 3014 Deus
1158 2955 1196 3015 de
1218 2957 1303 3016 eaelo

295 3045 458 3122 prospexit
483 3059 576 3118 super
599 3043 680 3114 tilios
707 3042 870 3115 lominum,
898 3051 933 3103 ut
958 3044 1076 3102 uideret
1103 3045 1132 3102 si
1152 3048 1198 3103 est
1219 3045 1303 3103 intel-

297 3138 401 3208 lenens
420 3137 475 3191 aut
492 3132 651 3205 requirens
669 3129 773 3205 Deum,
797 3147 831 3190 ae
850 3129 955 3190 deinde
974 3129 1021 3189 illa
1041 3128 1205 3212 subiuncta,
1228 3149 1304 3210 quae

298 3237 403 3281 omnes
431 3217 506 3278 illios
533 3216 699 3296 hominum,
728 3217 757 3278 id
786 3226 847 3299 est,
877 3217 911 3278 ad
940 3220 1088 3278 civitatem
1110 3221 1304 3300 pertinentes,
1322 3231 1357 3280 30

298 3325 375 3388 quae
398 3307 469 3366 vivit
491 3304 654 3366 seeundum
677 3303 838 3386 hominem,
861 3324 921 3366 non
945 3306 1108 3367 seeundum
1131 3306 1234 3385 Deum,
1257 3323 1304 3368 re·

298 3395 411 3477 probos
434 3411 500 3454 esse
522 3392 738 3454 demonstrant.¹

369 3514 414 3584 29)
431 3511 476 3568 Pe.
497 3517 653 3582 1t‚2sqq.;
672 3519 715 3580 52,
730 3519 810 3582 3sqq.

295 3633 509 3643 ——.-—-—-—

369 3707 467 3762 tiliis
488 3725 505 3763 o
526 3709 537 3777 ΙΙ
558 3705 682 3775 loquella
711 3703 897 3776 VRl¹e9¹r¹
921 3706 931 3774 l
957 3709 992 3759 24
1018 3704 1047 3757 in
1075 3701 1169 3756 eibum
1197 3703 1246 3769 be3
1273 3701 1306 3756 ut

296 3777 392 3833 cibum
413 3779 460 3834 Gn
480 3777 802 3848 Bambery.A,u.124
914 3815 920 3831 .
