3284 4459
548 527 589 567 nn
603 526 746 567 omrarn
760 528 813 567 nnr
827 528 852 566 n.
866 527 929 567 xxr.
942 526 965 567 o.
981 528 1014 567 rs.
1215 512 1279 577 527

268 661 345 737 feeit
373 663 623 722 misericordiam.
669 659 726 731 Qui
756 679 827 739 ergo
850 661 936 741 lecit,
965 663 1118 743 inquiunt,
1149 665 1280 740 quamvis

271 768 370 810 mores
393 752 422 810 in
447 748 552 810 melius
575 767 634 808 non
657 752 826 828 mutaverit,
850 749 900 809 sed
925 752 1003 810 inter
1027 751 1105 829 ipsas
1130 769 1198 810 suas
1222 750 1279 811 ele-

271 856 408 917 mosynas
440 837 550 897 nefarie
582 855 616 897 ao
646 840 783 915 nequiter
812 839 935 916 vixerit,
967 839 1110 898 iudicium
1140 838 1182 898 illi
1211 857 1278 899 eum

272 924 475 987 misericordia
498 926 631 985 futurum
655 934 710 1003 est,
733 933 766 984 ut
788 934 839 985 aut
862 925 940 985 nulla
963 925 1148 987 damnatione
1172 928 1279 1006 plecta-

271 1024 321 1074 tur
348 1022 399 1074 aut
425 1022 493 1092 post
519 1012 635 1091 aliquod
663 1021 780 1092 tempus
810 1016 871 1073 sive
903 1031 1025 1092 parvum
1049 1018 1109 1074 sive
1133 1016 1315 1094 prolixumo

272 1102 307 1162 ah
337 1102 386 1162 illa
413 1102 597 1161 damnatione
626 1100 777 1161 liberetur.
823 1101 892 1161 ldeo
920 1102 1047 1162 iudicem
1075 1106 1172 1181 ipsum
1200 1106 1279 1163 vivo·

272 1209 339 1251 rum
368 1199 455 1268 atque
483 1199 668 1249 mortuorum
695 1189 826 1249 noluisse
855 1192 1022 1250 existimant
1050 1190 1128 1251 aliud
1153 1210 1278 1252 comme·

273 1296 389 1339 morare
416 1296 448 1337 se
476 1296 541 1337 esse
569 1276 718 1337 dicturum
746 1280 806 1337 sive
835 1277 960 1357 dextris,
992 1277 1099 1356 quihus
1122 1288 1168 1339 est
1191 1282 1278 1339 vitam

273 1367 396 1426 daturus
427 1373 590 1446 aeternam,
622 1367 683 1424 sive
712 1367 854 1445 sinistris,
882 1384 956 1444 quos
984 1376 1105 1427 aeterno
1134 1368 1278 1447 supplicio

273 1456 477 1535 damnaturus,
504 1456 562 1513 nisi
589 1454 770 1532 elemosynas
797 1456 859 1513 sive
888 1455 978 1515 lactas
1006 1457 1067 1514 sire
1097 1473 1155 1514 non
1180 1457 1279 1515 lactas.
1300 1470 1334 1517 10

273 1544 314 1603 dd
343 1542 398 1602 lioc
426 1544 576 1621 pertinere
605 1544 688 1601 aiunt
714 1550 744 1602 et
772 1544 804 1602 in
828 1545 960 1603 oratione
985 1542 1135 1603 Dominica
1158 1544 1279 1605 cotidia-

274 1649 340 1690 nam
362 1630 603 1709 postulationem:
626 1631 749 1692 Bimitte
771 1632 858 1691 nobis
881 1633 984 1692 debito
1007 1639 1126 1708 nostra,
1148 1635 1229 1693 sieut
1250 1639 1281 1693 et

272 1736 326 1779 noo
354 1721 529 1779 dimittimus
558 1719 745 1779 debitoribus
774 1722 894 1780 nostris.
948 1718 1089 1798 Quisquis
1120 1722 1198 1780 enim
1228 1720 1279 1801 illi,

273 1809 376 1885 quiin
400 1824 468 1866 eum
495 1809 640 1885 peccavit,
668 1807 789 1866 dimittit
811 1807 991 1883 ignoscendo
1015 1816 1183 1889 peccatum,
1211 1827 1278 1887 pro·

273 1895 320 1955 cul
352 1894 441 1955 dubio
474 1895 668 1973 elemosynam
702 1895 779 1953 lacit.
826 1893 919 1965 Qiram
952 1914 1017 1956 rem
1044 1895 1186 1957 Dominus
1214 1900 1277 1976 ipse
1300 1912 1333 1959 1o

273 1986 315 2043 sie
338 1983 561 2061 commendavit,
584 1991 618 2041 ut
640 1983 766 2042 diceret:
793 1982 830 2043 Si
851 1986 931 2043 enim
953 1987 1129 2045 dimiseritis
1147 1992 1278 2061 peecata

272 2073 449 2144 hominibus,
472 2074 600 2131 dimittet
620 2072 703 2130 vobis
726 2079 756 2130 et
775 2078 867 2146 pater
890 2078 988 2132 vester
1006 2080 1137 2148 peecata
1161 2081 1280 2145 vestro,-

272 2163 300 2220 si
321 2166 422 2220 antem
445 2176 504 2219 non
531 2162 705 2219 dimiseritis
732 2161 915 2233 hominibus,
943 2178 1039 2235 oeque
1058 2168 1150 2236 pater
1172 2168 1279 2237 vester,

272 2250 379 2323 quiin
402 2250 496 2308 coetis
518 2254 577 2320 est,
607 2249 735 2306 dimittet
756 2250 846 2307 vobis.
893 2246 971 2325 Ergo
995 2257 1025 2306 et
1047 2248 1082 2307 ad
1105 2247 1161 2308 hoc
1185 2267 1278 2326 genus

273 2335 507 2412 elemosynarum
525 2336 655 2413 pertinet
673 2333 751 2411 quod
771 2337 811 2395 ait
830 2335 980 2413 apostolus
993 2334 1117 2395 lacobus
1136 2336 1278 2397 iudicium
1298 2350 1334 2399 20

273 2425 407 2483 futurum
439 2424 502 2481 sine
535 2421 736 2483 misericordia
768 2425 812 2503 ei,
836 2425 895 2501 -qni
924 2441 982 2483 non
1011 2424 1080 2483 lecit
1110 2426 1277 2484 misericor-

272 2512 358 2571 diam.
403 2509 464 2570 Nec
494 2510 567 2571 dirit
598 2509 756 2589 Dominus,
787 2513 942 2593 inquiunt,
975 2529 1077 2590 magna
1107 2511 1150 2571 vel
1180 2531 1278 2592 parva,

272 2598 338 2659 sed:
361 2600 497 2660 dimittet
513 2601 595 2659 vobo
611 2606 702 2675 pater
724 2606 823 2660 vester
843 2606 972 2676 peccota
995 2607 1104 2675 vestra,
1126 2603 1155 2661 si
1176 2608 1205 2662 et
1227 2619 1279 2662 vos

273 2689 448 2749 dimiseritis
469 2689 646 2748 dominibus.
691 2687 732 2746 Ac
757 2705 812 2765 per
834 2686 890 2747 hoo
913 2696 1018 2767 putant
1040 2690 1127 2748 etiam
1151 2691 1203 2768 eis,
1226 2692 1277 2768 qui

271 2774 387 2855 perdite
415 2777 554 2850 vixerint,
582 2776 677 2836 donec
705 2774 844 2835 claudant
870 2776 947 2835 diem
971 2778 1046 2836 vitae
1071 2777 1158 2837 huius
1182 2787 1276 2839 extre·
1296 2793 1332 2840 25

273 2881 362 2944 mum,
385 2882 439 2943 per
457 2864 533 2924 hano
551 2865 723 2945 orationem,
746 2862 968 2943 qualiacumque
988 2873 1019 2924 et
1042 2875 1276 2945 quantacumque

273 2953 401 3031 luerint,
428 2954 525 3012 omnia
552 2951 659 3013 cotidie
687 2960 807 3030 peccata
835 2951 955 3032 dimitti,
984 2956 1061 3013 siout
1083 2956 1147 3032 ipsa
1170 2955 1277 3015 cotidie

273 3042 478 3118 frequentatur
506 3042 616 3121 oratio,
645 3041 671 3099 si
698 3039 754 3099 ltoc
777 3040 980 3100 tantummodo
1003 3042 1153 3103 custodire
1177 3045 1277 3103 memi-

273 3130 380 3209 nerint,
403 3136 445 3209 ut,
468 3128 584 3207 qnando
608 3127 644 3188 ab
667 3129 711 3188 eis
733 3130 848 3187 reniam
871 3137 985 3209 petunt,
1008 3131 1060 3207 qui
1082 3148 1133 3190 eos
1155 3138 1277 3211 peccato

272 3215 479 3295 qualicumque
498 3216 656 3295 laeserunt,
678 3235 714 3276 ex
736 3216 826 3275 eorde
849 3216 1004 3277 dimittant.
1051 3216 1123 3277 Cum
1147 3217 1182 3277 ad
1205 3217 1278 3279 haec
1297 3233 1334 3282 eo

272 3305 369 3363 omnia
392 3294 452 3363 lieo
475 3303 601 3365 donante
625 3303 822 3385 respondero,
845 3304 920 3364 liber
942 3308 998 3365 iste
1022 3305 1201 3366 claudendus
1224 3315 1278 3367 est.

271 3456 561 3579 1bl1,)1oo.e,1e.
599 3459 642 3527 10)
666 3457 716 3513 Mt
740 3462 789 3525 es,
812 3463 847 3511 34
870 3474 929 3527 sqq.
967 3462 1010 3525 13)
1033 3457 1074 3511 lb.
1098 3464 1127 3527 o,
1154 3464 1195 3513 12.
1233 3464 1277 3526 19)

306 3569 311 3581 .
385 3542 424 3593 sq.

342 3721 355 3768 1
376 3713 446 3767 facit
463 3712 594 3783 R¹An93
617 3711 717 3766 lecerit
735 3713 763 3778 ὸς
786 3711 833 3767 sed
850 3713 885 3779 ef.
905 3716 967 3779 544,
980 3714 1032 3778 29;
1053 3715 1165 3777 549,19
1186 3712 1195 3780 ΙΙ
1215 3726 1283 3780 ergo

267 3784 338 3840 fecii
355 3784 515 3855 RAaeqp3
534 3800 557 3838 e.
576 3782 675 3837 feeerit
693 3783 730 3837 bv
