3284 4459
334 526 377 591 36
717 497 932 583 ¹ssiuormmm

335 676 455 737 nimiam
477 674 523 735 vol
546 676 686 738 iniustam
707 680 804 753 putat,
827 674 926 737 metiri
947 671 1083 751 proiecto
1105 672 1210 751 nescit,
1231 680 1344 749 quanta

335 763 426 825 iuerit
447 764 587 840 iniquitas
608 763 641 825 in
663 760 826 840 peccando,
853 759 905 821 obi
927 767 1008 823 tanta
1030 766 1095 821 erat
1116 776 1178 820 non
1199 758 1345 838 peccandi

335 850 467 913 facilitas.
513 849 597 913 Sient
623 852 703 912 enim
725 848 859 910 Abrabae
891 866 951 909 non
981 849 1121 909 inmerito
1153 864 1259 926 magno
1289 847 1344 908 ob·

336 937 483 999 oedientia
501 937 696 1017 praedicatur,
718 939 796 1018 moia,
819 945 852 997 nt
868 936 1020 997 occideret
1036 934 1139 1014 illium,
1159 952 1211 995 res
1228 935 1345 997 difficil-

301 1027 405 1089 blimo
429 1033 475 1086 est
497 1028 652 1105 immtatm
675 1028 715 1089 ita
737 1027 768 1089 in
791 1024 927 1105 paradiso
950 1032 1032 1086 tanto
1055 1026 1149 1085 maim
1170 1022 1344 1085 inboedlen·

336 1118 376 1177 tia
398 1115 463 1195 fuit,
486 1121 596 1193 quanto
618 1112 665 1194 id,
687 1113 765 1193 qnod
787 1121 980 1192 praeceptum
1002 1119 1063 1191 est,
1084 1110 1195 1173 nuliius
1216 1111 1345 1173 difficol-

335 1205 404 1264 tatis
428 1203 492 1263 iuit.
537 1200 576 1263 Et
593 1204 672 1265 sicut
694 1200 880 1265 oboedientia
902 1199 1026 1263 secundi
1048 1199 1176 1260 hominis
1199 1218 1235 1260 eo
1257 1218 1345 1279 prae-

336 1290 496 1364 dicabilior,
520 1308 579 1368 quo
599 1290 694 1355 iactus
713 1297 759 1351 esi
777 1287 939 1349 oboediens
961 1306 1057 1366 usque
1080 1286 1116 1349 sd
1139 1296 1280 1349 mortem:
1301 1290 1345 1349 ita

336 1378 554 1441 inoboedientia
583 1380 672 1458 primi
697 1377 827 1439 bominis
854 1395 890 1438 eo
917 1375 1133 1457 detestabilior,
1160 1394 1218 1455 quo
1246 1377 1345 1437 iactus

285 1480 318 1528 10
337 1476 384 1527 est
405 1465 598 1527 inoboediens
620 1483 715 1544 nsque
742 1465 778 1525 ad
808 1473 943 1526 mortem.
988 1463 1046 1524 Ubi
1067 1466 1147 1524 enim
1170 1482 1274 1543 magna
1296 1474 1346 1526 est

336 1553 571 1615 inoboedientiae
598 1570 693 1633 poena
722 1555 874 1635 proposita
900 1560 931 1613 et
958 1570 1050 1613 resa
1080 1550 1221 1613 Creatore
1248 1552 1345 1613 sociiis

336 1646 488 1724 imperata,
510 1644 644 1721 quisnam
668 1644 739 1702 satis
762 1640 898 1721 explicet,
921 1648 1065 1720 qnantum
1088 1639 1197 1701 maium
1221 1643 1345 1701 sitnon

337 1730 477 1792 oboedire
500 1732 531 1792 in
554 1748 587 1791 re
610 1729 689 1791 iacili
709 1737 742 1794 et
759 1736 858 1791 tantae
881 1730 1037 1807 potestatis
1059 1730 1185 1807 imperio
1208 1738 1238 1790 et
1260 1737 1345 1790 tanto

336 1827 468 1880 terrente
490 1814 655 1897 supplicio?

286 1920 318 1967 15
426 1906 573 1988 Denique,
596 1913 629 1967 ut
652 1905 781 1966 breviter
804 1905 934 1985 dicatur,
956 1906 987 1964 in
1010 1904 1089 1964 iliius
1111 1907 1226 1983 peccati
1248 1924 1345 1986 poena

337 1995 408 2074 qnid
427 1993 662 2055 inoboedientiae
681 1995 739 2053 nisi
761 1990 978 2052 inoboedientia
1002 1991 1147 2053 retributa
1170 1989 1238 2060 est?
1269 1992 1344 2055 Nam

339 2101 413 2163 qnae
441 2082 568 2143 bominis
595 2090 641 2141 est
669 2081 723 2141 alia
750 2082 869 2141 miseria
897 2082 954 2139 nisi
981 2081 1122 2141 adversus
1150 2098 1218 2141 eum
1245 2084 1345 2161 ipsum

337 2170 556 2233 inoboedientia
578 2171 643 2230 eius
666 2171 769 2250 ipsius,
792 2176 834 2250 ut,
857 2170 995 2247 qnoniam
1018 2166 1113 2229 noluit
1135 2168 1213 2247 qnod
1237 2173 1345 2252 potnit,

338 2258 416 2338 quod
447 2277 505 2319 non
538 2264 637 2337 potest
666 2253 758 2319 velit?
801 2253 835 2316 in
866 2255 1002 2335 paradiso
1030 2259 1109 2316 enim
1141 2260 1256 2318 etiamsi
1283 2276 1345 2320 non

285 2360 319 2409 20
338 2349 435 2407 omnia
453 2353 569 2425 poteret
587 2353 655 2406 ante
674 2352 838 2426 peccatum,
860 2344 1003 2422 quidquid
1020 2351 1120 2405 tamen
1139 2364 1199 2404 non
1217 2354 1345 2427 poterat,

339 2454 398 2495 non
426 2434 553 2514 volebat,
581 2440 611 2493 et
638 2434 704 2494 ideo
734 2440 851 2512 poterat
879 2435 975 2492 omnia
1005 2450 1080 2512 qnae
1103 2432 1231 2516 volebat3
1263 2454 1345 2496 nunc

338 2540 408 2583 vero
432 2525 510 2583 sicut
531 2524 562 2581 in
586 2522 650 2581 eius
679 2524 771 2599 stirpe
795 2522 1001 2599 cognoscimus
1024 2527 1054 2580 et
1076 2519 1173 2581 divina
1196 2522 1345 2602 scriptura

338 2618 478 2690 testatur,
513 2611 600 2671 bomo
637 2612 769 2670 vanitati
796 2610 902 2669 similis
931 2608 1036 2685 sactus
1063 2617 1115 2669 est.
1160 2608 1235 2679 Quis
1264 2614 1345 2671 enim

339 2706 505 2781 enumerat,
532 2714 620 2776 quam
651 2696 742 2757 multa
770 2714 845 2774 qnae
873 2714 933 2757 non
959 2704 1058 2775 potest
1081 2694 1163 2778 velit,
1193 2697 1263 2758 dum
1287 2698 1345 2760 sibi

285 2801 319 2849 25
339 2790 411 2867 ipse,
434 2787 464 2846 id
482 2793 529 2846 est
547 2784 689 2846 volontati
708 2786 772 2845 eius
794 2787 857 2864 ipse
876 2786 991 2845 animos
1015 2784 1079 2844 eius
1102 2802 1197 2864 eoque
1219 2786 1346 2848 inferior

339 2892 407 2934 caro
431 2876 509 2955 eius,
539 2890 599 2933 non
621 2868 830 2952 obtemperat?
874 2871 941 2951 ipso
964 2889 1090 2951 namque
1113 2874 1206 2933 invito
1230 2883 1268 2936 et‘
1282 2878 1344 2935 ani·

340 2980 404 3022 mus
432 2961 607 3041 pierumque
634 2960 772 3022 turbatur
799 2968 830 3021 et
865 2977 934 3021 caro
962 2960 1042 3021 dolet
1073 2969 1103 3021 et
1128 2964 1287 3024 veterescit
1314 2973 1346 3025 et
1404 2980 1408 2986 ·

339 3052 479 3130 moritur,
502 3056 532 3109 et
555 3048 697 3128 quidquid
721 3044 799 3109 alind
822 3050 966 3128 patimur,
989 3046 1068 3126 quod
1091 3064 1151 3113 non
1173 3059 1346 3129 pateremur

338 3139 430 3219 inviti,
453 3139 479 3197 si
497 3136 640 3198 voluntati
658 3144 776 3197 nostrae
795 3144 896 3196 nostra
915 3143 1019 3196 natura
1041 3138 1122 3196 omni
1146 3138 1232 3198 modo
1255 3148 1344 3219 atque

285 3242 320 3289 30
339 3244 374 3286 ex
406 3224 542 3285 omnibus
575 3224 708 3304 partibus
725 3222 901 3284 oboediret.
953 3223 990 3283 At
1022 3225 1101 3284 enim
1132 3224 1242 3304 aliquid
1275 3246 1345 3288 caro

337 3316 457 3395 patitur,
479 3329 539 3392 quo
557 3314 669 3374 servire
688 3329 747 3372 non
766 3312 883 3373 sinitur.
929 3310 1005 3382 Quid
1024 3313 1148 3373 interest
1167 3314 1255 3395 unde,
1274 3314 1346 3377 dum

409 3468 436 3534 s)
453 3464 523 3521 oen.
539 3470 585 3533 aa,
603 3468 628 3521 s.
665 3467 693 3533 s)
710 3462 782 3517 Pho.
801 3470 828 3529 a,
847 3469 871 3517 e.
908 3465 953 3531 ca)
971 3462 1017 3519 Pa.
1036 3468 1097 3530 iac,
1114 3470 1140 3519 o.

408 3666 470 3729 inq.
496 3659 526 3712 in
549 3675 605 3713 non
627 3636 770 3727 peccando
792 3655 915 3710 felicitas
940 3658 970 3711 V
987 3656 1028 3726 (in
1049 3659 1223 3727 eepuoctoem)
1241 3659 1251 3726 fl
1269 3662 1286 3711 8
1303 3656 1348 3711 ibe

337 3734 367 3786 eb
388 3730 516 3785 inoboed.
537 3731 592 3799 711
616 3735 650 3782 14
667 3728 790 3783 terrente
814 3728 885 3793 Veh
911 3727 1042 3781 tementis
1059 3728 1201 3796 Mem
1228 3729 1348 3783 torrenti

337 3800 444 3857 A'obc
461 3803 470 3873 ΙΙ
489 3806 521 3854 21
541 3817 592 3856 nec
611 3802 642 3855 F
656 3801 666 3869 ΙΙ
684 3804 719 3852 24
737 3814 801 3853 cum
819 3797 875 3867 rt
892 3802 926 3853 27
944 3799 1127 3854 reterosoibo
