3284 4459
759 518 779 560 8.
794 519 959 562 Auousmu

752 718 959 786 Ommth

352 847 400 909 De
422 849 640 924 Aeqqptiorum
662 850 894 910 mendacissima
916 852 1059 923 uanitate,
1082 865 1165 924 qaae
1186 852 1365 925 antiquitati

440 940 587 998 scientiae
614 953 691 998 saae
712 943 833 998 centum
854 939 939 997 mitia
962 938 1092 998 ascribit
1113 955 1272 1000 annorum.

440 1057 563 1122 Frustra
581 1060 680 1139 itaque
700 1061 857 1120 vanissima
874 1062 1114 1140 praesumptione
1138 1063 1273 1141 garriunt
1295 1063 1360 1140 qui-

317 1147 419 1210 sdam
443 1147 584 1228 dicentes,
607 1166 642 1208 ex
665 1166 723 1228 quo
742 1147 891 1228 Aegyptus
914 1150 1058 1209 rationem
1081 1148 1213 1210 siderum
1236 1167 1361 1230 conpre-

353 1236 472 1321 hendit,
503 1236 627 1315 amplius
656 1253 744 1315 quam
771 1246 891 1297 centum
919 1254 1064 1298 annorum
1091 1237 1171 1298 milia
1203 1241 1365 1299 numerari.

352 1322 386 1385 ln
419 1322 527 1404 quibus
559 1326 638 1386 enim
666 1323 750 1385 libris
776 1326 866 1386 istum
894 1342 1051 1386 numerum
1079 1324 1277 1405 collegerunt,
1310 1328 1362 1405 qui
1455 1326 1456 1367 ³

353 1430 412 1474 non
445 1412 571 1473 murltum
602 1422 670 1473 ante
699 1430 845 1473 annorum
877 1412 936 1474 duo
966 1413 1045 1473 milia
1078 1412 1191 1474 litteras
1221 1416 1362 1492 magistra

353 1501 429 1561 lside
450 1497 639 1563 didicerunt?
675 1499 740 1562 Non
759 1503 839 1561 enim
857 1519 966 1580 parvus
989 1511 1092 1563 auctor
1115 1503 1214 1563 estin
1237 1501 1364 1562 historia

305 1602 335 1650 ιο
353 1588 459 1662 Varro,
487 1590 539 1667 qui
560 1587 617 1650 boc
639 1589 782 1670 prodidit,
810 1589 889 1669 quod
912 1607 929 1649 a
952 1589 1117 1651 litterarum
1141 1592 1227 1651 etiam
1251 1589 1361 1651 divina·

353 1694 420 1739 rum
452 1679 574 1737 veritate
607 1695 667 1738 nou
699 1677 839 1738 dissonat
884 1676 957 1738 Cum
989 1680 1067 1738 enim
1100 1677 1136 1738 ab
1168 1681 1233 1758 ipso
1265 1679 1365 1758 primo

354 1764 485 1845 homine,
513 1767 564 1844 qui
593 1773 638 1826 est
666 1764 829 1845 appellatus
851 1764 959 1847 Adam,
986 1765 1117 1827 nondum
1141 1785 1194 1826 sex
1216 1784 1366 1828 annorruo
1456 1822 1457 1843 ,

354 1853 432 1914 milia
465 1853 683 1934 compleantur,
715 1872 774 1933 quo
806 1854 895 1915 modo
932 1871 991 1914 non
1028 1856 1077 1915 isti
1113 1851 1229 1915 ridendi
1260 1857 1364 1934 potius

354 1959 441 2021 quam
464 1941 618 2002 refellendi
640 1950 719 2023 srrnt,
741 1943 793 2021 qui
816 1942 970 2021 despatio
994 1950 1160 2021 temporum
1183 1951 1242 2003 tam
1265 1942 1362 2003 diver.

304 2041 335 2091 ιδ
354 2047 386 2090 aa
414 2038 444 2091 et
471 2028 540 2091 huie
567 2028 733 2109 exploratae
763 2032 880 2091 veritati
909 2037 969 2091 tam
1001 2033 1149 2091 contraria
1180 2030 1365 2110 persuadere

354 2114 521 2180 conantur?
557 2118 611 2180 Cui
634 2120 713 2180 enim
736 2117 842 2180 melius
864 2120 996 2179 narranti
1018 2121 1179 2198 praeterita
1202 2118 1367 2199 credimus,

355 2224 443 2285 quam
475 2209 525 2285 qui
561 2209 649 2268 etiam
685 2207 784 2268 lutura
813 2206 972 2288 praedixit,
1004 2225 1079 2285 quae
1108 2209 1274 2286 praesentia
1304 2209 1367 2267 iam
1457 2240 1458 2245 κ

355 2291 510 2356 videmus?
554 2295 627 2356 Nam
650 2297 766 2374 etipsa
789 2295 1001 2356 historicorum
1023 2297 1103 2355 inter
1126 2312 1158 2355 se
1181 2294 1366 2355 dissonantia

355 2384 469 2462 copiam
488 2381 573 2472 nobis
591 2381 722 2463 praebet,
745 2390 780 2443 ut
798 2383 826 2443 ei
848 2385 948 2461 potius
972 2383 1094 2443 credere
1118 2381 1287 2462 debeamus,
1311 2386 1364 2462 qui

303 2486 337 2535 to
356 2470 485 2552 divinae,
517 2489 605 2550 quam
632 2479 783 2550 tenemus,
811 2487 871 2531 non
898 2479 1044 2550 repugnat
1074 2471 1223 2533 historiae.
1268 2470 1370 2532 Porro

356 2567 454 2620 eutem
484 2561 562 2620 eires
590 2561 696 2638 impiae
720 2559 846 2619 civitatis
869 2558 967 2620 dillusi
990 2577 1203 2638 usquequaque
1226 2577 1280 2639 per
1303 2567 1364 2620 ter·

356 2663 404 2706 ras
423 2664 492 2706 cum
510 2646 612 2725 legunt
635 2646 820 2707 doctissimos
844 2645 987 2729 homines,
1009 2665 1137 2727 quorum
1160 2647 1269 2709 nullius
1293 2665 1364 2708 con·

356 2731 514 2794 temnenda
537 2735 671 2795 videatur
690 2735 858 2813 auctoritas,
881 2736 960 2795 inter
983 2753 1015 2796 se
1039 2735 1075 2796 de
1099 2734 1189 2797 rebus
1212 2738 1304 2814 gestis
1327 2735 1370 2795 ab

357 2823 461 2882 aetatis
494 2829 612 2882 nostrae
644 2824 785 2882 memorie
821 2825 1027 2883 remotissimis
1059 2823 1279 2904 discrepantes,
1316 2826 1366 2884 cui

304 2921 338 2971 25
357 2910 457 2988 potius
495 2907 617 2970 credere
653 2909 794 2990 debeant,
831 2928 890 2970 non
926 2913 1089 2972 inveniunt.
1138 2911 1198 2971 Nos
1231 2930 1300 2972 vero
1333 2915 1370 2972 in

357 3004 477 3057 nostrae
496 2995 646 3076 religionis
665 2996 787 3058 historia
807 2997 873 3059 lulti
895 3001 1069 3060 auctoritate
1092 2999 1198 3080 divina,
1221 2999 1370 3079 quidquid

357 3087 386 3146 el
409 3087 530 3165 resistit,
553 3103 612 3146 nou
636 3085 805 3147 dubitamus
828 3105 894 3146 esse
918 3086 1121 3169 salsissimum,
1144 3087 1367 3166 quomodolibet

358 3190 424 3235 sese
443 3171 570 3235 habeant
588 3183 687 3234 cetera
704 3175 735 3235 in
759 3172 959 3235 saecularibus
981 3173 1098 3256 litteris,
1121 3193 1196 3255 quae
1219 3194 1271 3236 seu
1296 3193 1369 3236 vera

358 3278 412 3323 seu
431 3261 502 3322 ialsa
521 3263 589 3340 siut,
611 3261 684 3322 nihil
703 3264 845 3324 momenti
863 3263 1009 3343 adierunt,
1032 3281 1091 3342 quo
1115 3272 1196 3325 recte
1219 3263 1368 3343 beateque

302 3361 338 3410 to
356 3352 495 3410 vivamus.
1361 3359 1364 3362 ’

428 3475 729 3562 qmmmem

370 3575 383 3589 ²·

355 3594 569 3607 ——n——n

430 3653 646 3727 mmmm
