3284 4459
545 469 938 511 nnmvmnrnnnutxxn.
952 469 1008 512 oo.
1022 471 1041 512 o.
1236 452 1300 519 561

294 613 383 684 atque
413 605 444 663 in
473 603 586 664 caelum
610 606 783 664 ascensione
807 604 930 685 dicitur,
959 604 1121 665 multorum
1143 603 1300 664 incredibi-

293 693 364 754 lium
389 694 556 753 testimonia
583 700 664 752 tanta
698 695 886 771 congerimus
914 699 945 753 et
967 692 1098 753 nondum
1121 692 1156 752 ad
1180 692 1302 753 creden·

293 781 364 842 dum
387 779 535 841 horrenda
562 779 672 841 duritia
699 780 869 841 incredulos
899 780 1054 842 lleotimus.
1101 780 1132 841 Si
1155 798 1225 841 vero
1247 799 1302 859 per

293 868 441 949 apostolos
472 866 598 949 Christi,
632 877 666 930 ut
694 870 738 929 ais
770 870 945 930 crederetur
977 872 1227 930 resurrectionem
1260 878 1301 929 at·

293 975 351 1037 que
380 958 582 1017 ascensionem
610 956 849 1035 praedicantibus
872 956 996 1038 Christi,
1025 960 1114 1018 etiam
1136 960 1192 1018 ista
1216 958 1337 1019 mira-o

293 1045 358 1106 cula
382 1046 457 1105 lacta
480 1062 546 1105 esse
569 1062 628 1105 non
653 1045 788 1123 creduut,
811 1044 868 1105 hoc
891 1044 975 1105 nobis
999 1064 1091 1106 unum
1114 1044 1225 1125 mande
1248 1046 1302 1105 mi-

293 1133 427 1194 raculum
463 1133 587 1213 sufficit,
623 1134 702 1213 qnod
738 1152 804 1192 eam
840 1140 989 1195 terrarum
1025 1133 1107 1195 orbis
1138 1136 1202 1195 sine
1234 1133 1302 1194 ullis

293 1221 443 1282 miraculis
465 1220 598 1282 credidit

694 1427 814 1496 (lirun
837 1428 894 1496 VI.

299 1560 386 1630 Quod
406 1560 505 1619 Roma
535 1561 722 1619 conditorem
744 1575 832 1619 suum
855 1558 1015 1620 Romulum
1038 1561 1191 1635 dilipendo
1215 1561 1303 1620 deum
1324 1571 1356 1620 10

356 1646 481 1721 fecerit,
509 1650 639 1707 ecclesia
662 1646 940 1795 ooteclrplegpppptum
963 1648 1060 1709 Deum
1083 1650 1237 1710 credendo

382 1858 557 1919 Recolamus
591 1859 678 1918 etiam
710 1857 767 1917 hoc
797 1856 863 1918 loco
894 1857 980 1939 illud,
1012 1859 1091 1938 quod
1118 1858 1156 1920 de
1185 1859 1303 1920 Romuli

295 1947 407 2008 eredita
426 1947 577 2007 divinitate
596 1945 710 2007 Tullius
729 1945 901 2008 admiratur.
934 1946 1029 2007 Verba
1050 1949 1114 2008 eius
1138 1955 1170 2008 ut
1194 1950 1303 2026 scripta

294 2045 364 2097 sunt
391 2037 528 2096 inseram.
572 2033 689 2114 „llagis
717 2041 778 2117 est,
808 2035 918 2115 inquit,
944 2036 976 2095 in
1003 2034 1129 2096 Romulo
1159 2036 1356 2097 admiran-1o

294 2123 374 2204 dum,
397 2123 476 2201 quod
499 2124 606 2203 ceteri,
629 2123 681 2200 qui
703 2122 744 2182 dii
767 2139 803 2181 ex
826 2121 996 2183 hominibus
1019 2123 1088 2184 lacti
1111 2141 1177 2184 esse
1201 2124 1302 2183 dicun·

294 2222 354 2291 tur,
376 2214 475 2271 minus
495 2209 620 2270 eruditis
638 2209 790 2270 hominnm
814 2209 940 2271 saeculis
964 2211 1096 2293 luerunt,
1118 2219 1152 2271 ut
1174 2211 1303 2289 fingendi

294 2299 434 2379 proclivis
464 2306 543 2359 esset
571 2300 662 2378 ratio,
695 2316 762 2358 cum
789 2300 921 2377 imperiti
948 2298 1032 2359 facile
1063 2299 1099 2360 ad
1122 2298 1303 2359 credendum

294 2386 531 2467 impellerentur,
559 2385 676 2446 Romuli
698 2395 796 2446 autem
820 2394 945 2447 aetatem
969 2389 1067 2448 minus
1090 2386 1137 2448 his
1159 2389 1303 2448 sescentis

294 2478 379 2536 annis
401 2477 458 2535 iam
481 2477 652 2535 inveteratis
682 2474 789 2534 litteris
812 2483 901 2553 atque
925 2475 1067 2536 doctrinis
1091 2476 1229 2555 omnique
1252 2474 1302 2535 illo
1321 2489 1355 2537 to

294 2566 416 2643 antiquo
447 2581 482 2623 ex
513 2562 624 2623 inculta
653 2562 806 2623 hominum
840 2566 899 2623 vita
933 2581 1036 2624 errore
1066 2562 1181 2624 sublato
1211 2564 1302 2624 luisse

295 2646 475 2713 cernimus.“
519 2649 557 2711 lit
575 2651 662 2730 paulo
680 2659 749 2729 post
767 2651 933 2712 de.eodem
952 2651 1077 2712 llomnlo
1100 2654 1140 2713 ita
1163 2650 1303 2734 loquitur,

295 2740 374 2820 quod
398 2740 434 2800 ad
457 2740 537 2800 burm
560 2741 691 2818 pertinet
713 2757 848 2801 sensum:
868 2739 937 2822 „Ex
960 2758 1019 2819 quo
1042 2739 1173 2819 intellegi
1196 2747 1304 2821 potest,

294 2831 400 2908 inquit,
422 2827 579 2908 permultis
598 2829 682 2888 annis
701 2834 768 2888 ante
787 2827 949 2889 Homerum
972 2828 1064 2889 luisse
1087 2846 1175 2907 quam
1193 2828 1302 2889 Romu-

295 2916 366 2998 lum,
389 2923 424 2977 ut
445 2918 502 2977 iarn
522 2916 617 2976 doctis
635 2915 803 2976 hominihus
823 2934 857 2977 ac
876 2915 1059 2995 temporibus
1082 2918 1154 2996 ipsis
1178 2917 1303 2978 eruditis
1321 2930 1354 2979 ao

295 3004 331 3064 ad
359 3004 531 3083 lingendum
558 3005 604 3063 vix
633 3006 791 3082 quicquam
821 3013 901 3067 esset
923 3004 989 3065 loci.
1034 3006 1200 3084 Antiquitas
1224 3007 1303 3065 enim

295 3095 409 3172 recepit
431 3090 559 3173 fabulas,
581 3092 665 3151 fictas
688 3094 775 3152 etiam
799 3111 1021 3172 nonnumquam
1044 3093 1206 3174 incondite,
1229 3092 1303 3151 haec

295 3190 375 3242 aetas
404 3189 504 3241 autem
532 3182 591 3240 iam
617 3179 733 3240 exculta
758 3185 936 3261 pracsertim
963 3182 1086 3244 cludens
1113 3199 1200 3241 omne
1224 3179 1302 3258 qnod

368 3334 607 3402 mmmm

365 3514 398 3562 20
417 3510 597 3577 omniumque
615 3527 669 3565 mss
686 3512 695 3579 ΙΙ
714 3517 748 3565 24
766 3528 816 3581 per
834 3513 937 3567 multos
956 3528 1043 3566 annos
1063 3510 1167 3567 ΑΜ
1184 3513 1193 3580 11
1212 3517 1244 3564 il
1265 3527 1306 3565 re-

292 3578 370 3648 cepit
391 3582 507 3649 neon
531 3579 634 3650 recipit
651 3582 765 3653 Aeeyp
785 3585 796 3651 p
818 3589 852 3637 28
871 3592 904 3639 nt
920 3584 1011 3639 editior
1027 3600 1119 3650 msso3
1142 3583 1307 3652 praesertim

292 3654 530 3789 megpopsspsp}
537 3654 598 3705 tam
616 3652 727 3708 exculta
744 3655 911 3751 praesertim
930 3656 959 3707 et
974 3654 1097 3723 prudens
1113 3653 1243 3726 Mallem
1260 3653 1308 3709 aed

349 3830 406 3860 suo.
420 3830 452 3860 nt
466 3830 512 3860 σιν.
527 3830 575 3861 nnn
599 3822 630 3862 ΙΙ.
1061 3815 1095 3867 36
