3284 4459
561 486 602 526 nn
615 485 758 528 omniun
770 487 826 528 nn1
838 486 864 528 n.
877 487 953 528 xvn.
968 487 991 530 c.
1005 490 1024 529 s.
1114 543 1117 551 Ι
1237 472 1302 536 ‘tlt

286 618 339 680 ille
358 618 498 680 sacerdos
512 629 562 680 est
580 621 725 680 mediator
743 620 796 682 Ilei
818 630 849 682 et
872 621 1034 702 hominum,
1056 621 1145 682 homo
1164 620 1302 682 Christus

288 707 383 768 lesus.
430 707 485 768 Cui
515 707 595 788 plebi
627 708 701 770 dicit
732 709 882 788 apostolos
913 708 1034 770 Petrus:
1067 712 1155 772 Plebs
1182 718 1301 788 sancta,

288 800 396 872 renale
414 800 627 858 sacerdotium.
664 797 803 868 Quamvis
823 797 956 859 nonnulli
978 800 1134 880 „sacrificii
1157 793 1219 859 tni“
1241 801 1302 859 sint

180 940 181 949 ,
288 887 487 966 interpretati,
509 903 570 946 non
590 885 768 967 „sacerdotii
790 881 866 967 tni“;
890 888 968 965 quod
993 887 1083 948 nihilo
1107 889 1205 948 minus
1229 904 1300 946 eun·

180 976 181 979 ’
289 973 357 1034 dem
377 974 523 1052 significat
540 973 683 1054 populum
702 973 912 1035 Christianum.
949 974 1031 1036 Unde
1055 975 1128 1036 dicit
1150 975 1337 1054 apostolns5

288 1061 413 1123 Pardus:
450 1063 531 1124 Uotis
554 1066 663 1143 perh,
690 1081 783 1124 onum
810 1081 922 1141 corpus
951 1067 1038 1125 multi
1058 1081 1168 1124 sumus.
1215 1063 1300 1134 Quod

289 1169 361 1228 ergo
393 1149 516 1211 addidit:
549 1151 744 1212 Manducore
770 1170 898 1228 penem,
927 1154 1013 1212 etiam
1044 1154 1141 1231 ipsum
1164 1153 1301 1212 sacrificii

288 1257 385 1317 genus
415 1238 565 1318 eleganter
597 1241 758 1319 expressit,
789 1239 827 1300 de
860 1259 919 1318 quo
952 1241 1023 1301 dicit
1052 1239 1191 1301 sacerdos
1222 1242 1301 1319 ipse:

289 1329 582 1403 Parthenicum
606 1330 732 1404 dedero,
755 1345 832 1390 coro
855 1346 922 1390 mea
945 1337 990 1390 est
1008 1346 1068 1404 pro
1089 1331 1208 1390 soeculi
1229 1331 1301 1388 ode.

289 1416 391 1494 ipsum
414 1426 461 1476 est
478 1417 669 1495 sacrificium,
692 1434 752 1476 non
775 1416 940 1478 secundum
964 1417 1099 1477 ordinem
1117 1418 1223 1497 Aaron,
1246 1417 1300 1478 sed
1321 1429 1356 1477 10

289 1503 454 1565 secundum
492 1505 626 1564 ordinem
661 1503 894 1585 Melchisedech,
931 1507 982 1584 qui
1017 1505 1105 1586 legit,
1141 1504 1300 1584 intellegat.

288 1592 392 1655 Brevis
422 1595 522 1671 itaque
554 1595 611 1652 ista
644 1593 791 1654 consessio
823 1601 854 1654 et
885 1592 1044 1654 salubriter
1075 1593 1212 1673 humilis,
1243 1611 1301 1672 qna

289 1681 412 1742 dicitur:
441 1682 530 1742 Iacto
561 1699 608 1742 me
642 1684 674 1742 in
697 1690 819 1758 portem
845 1685 1014 1743 sacerdotii
1035 1685 1082 1742 toi
1111 1685 1302 1744 manducare

286 1787 416 1846 ponem
438 1771 501 1848 ipse
520 1778 567 1830 est
584 1768 690 1830 obolus
713 1772 837 1851 argenti,
861 1772 928 1848 quia
952 1780 983 1830 st
1005 1769 1094 1831 breve
1118 1778 1165 1830 est
1188 1778 1218 1830 et
1240 1770 1300 1830 elo-

290 1861 394 1936 quium
422 1856 539 1919 Domini
572 1867 617 1918 est
648 1856 807 1918 habitantis
840 1860 870 1918 in
903 1857 992 1919 corde
1021 1858 1178 1919 credentis.
1225 1858 1354 1930 Quinta

289 1949 368 2008 enim
391 1946 507 2006 dixerat
533 1948 687 2026 superius,
713 1945 831 2006 dedisse
857 1965 889 2006 se
913 1945 995 2007 cibos
1019 1946 1120 2008 domui
1142 1949 1240 2008 Aaron
1262 1946 1300 2007 de

289 2036 417 2096 victimis
440 2036 549 2094 veteris
567 2037 747 2115 testamenti,
771 2033 820 2095 nbi
839 2036 893 2096 ait:
916 2037 997 2096 Dedi
1015 2039 1119 2096 domui
1132 2039 1233 2112 petris
1256 2039 1303 2097 toi

290 2127 400 2197 omnio,
423 2140 503 2198 quae
528 2129 601 2184 sunt
625 2126 706 2198 lunas
729 2126 864 2196 filiorum
893 2125 1006 2198 Israel,
1035 2127 1067 2184 iu
1090 2141 1191 2186 escum
1215 2119 1301 2200 (haec

289 2214 399 2290 qnippe
418 2211 537 2271 inerant
554 2212 698 2271 sacrificia
710 2205 917 2293 ludaeorum):
940 2211 1006 2272 ideo
1030 2211 1079 2272 hic
1102 2211 1188 2273 dixit:
1211 2213 1299 2272 Mort-

290 2303 409 2363 ducore'
433 2317 559 2379 panem,
588 2299 668 2378 quod
697 2301 797 2359 estin
821 2317 896 2360 novo
921 2308 1098 2361 testamento
1122 2301 1300 2361 sacrificium
1320 2313 1355 2362 to

290 2387 534 2450 Christianorum.

693 2577 812 2643 Garun
836 2576 892 2642 VI.

291 2709 338 2768 Be
361 2707 490 2768 Iudaico
512 2709 738 2767 sacerdotioet
760 2723 870 2781 reque,
893 2724 972 2781 quoe
996 2724 1064 2768 com
1088 2710 1119 2768 ita
1143 2716 1300 2770 aeternum

307 2798 455 2857 dicantur
477 2803 600 2869 statute,
623 2812 683 2856 nort
703 2801 892 2875 permoneat,
914 2803 949 2855 ut
971 2798 1034 2856 olio
1057 2799 1281 2878 intelleyoutur,

538 2901 666 2959 quorum
688 2885 855 2960 spondetur
878 2887 1052 2944 aeternitas.
1320 2893 1354 2944 ‘25

380 3005 453 3068 Cum
484 3008 575 3085 igitur
603 3006 675 3066 haec
704 3015 784 3066 tanta
810 3014 883 3066 tunc
911 3006 1065 3068 altitudine
1095 3010 1301 3087 praenuntiata

290 3098 359 3175 sint,
382 3104 464 3155 tanta
485 3113 566 3155 nunc
587 3095 823 3154 manilestatione
847 3094 1018 3176 clarescant,
1041 3113 1101 3155 non
1125 3096 1235 3156 lrustra
1258 3107 1300 3158 ta-

289 3202 359 3244 men
382 3185 495 3243 moveri
523 3185 671 3262 quispiam
693 3190 792 3260 potest
822 3200 856 3242 ac
884 3183 996 3245 dicere:
1032 3183 1096 3254 Quo
1120 3184 1207 3244 modo
1231 3204 1300 3247 con·

289 3272 409 3332 lidimus
428 3274 528 3332 venire
547 3273 653 3351 omnia,
677 3289 752 3349 quae
771 3270 904 3330 inlibris
923 3271 980 3331 illis
1004 3281 1127 3333 ventura
1150 3273 1299 3351 praedicta

291 3368 372 3441 sunt,
395 3362 421 3420 si
438 3359 495 3420 hoc
513 3362 620 3440 ipsum,
643 3359 721 3438 quod
745 3358 786 3419 ibi
809 3359 948 3419 divinitus
972 3360 1083 3420 dictum
1107 3370 1165 3420 est:
1189 3363 1301 3423 Demos
1319 3375 1354 3424 30

291 3458 345 3510 toa
367 3457 398 3509 et
424 3451 529 3508 domm
553 3451 654 3524 petris
682 3451 728 3507 tui
754 3449 928 3508 transibunt
950 3465 1055 3509 coram
1077 3466 1124 3509 me
1147 3452 1179 3509 e're
1202 3458 1299 3512 aeter·

290 3555 373 3618 nom,
396 3538 533 3596 ellectum
556 3535 665 3596 hahere
688 3553 749 3595 non
771 3533 889 3614 potuit?
912 3538 1050 3614 qtroniam
1072 3535 1205 3597 ridemus
1228 3538 1300 3598 illud

363 3647 389 3717 ι)
409 3652 432 3700 1.
447 3645 518 3698 Tim.
538 3651 563 3711 a,
577 3651 601 3699 a.
640 3647 666 3713 a)
686 3650 710 3699 1.
725 3644 798 3698 retr.
819 3649 843 3706 2,
859 3648 883 3696 o.
920 3645 947 3712 a>
969 3648 991 3696 1.
1008 3641 1067 3696 sor.
1089 3645 1183 3710 10‚1a.
1222 3643 1302 3713 s)10.

291 3726 316 3787 s,
332 3724 364 3772 m
380 3720 443 3785 (m).
480 3720 525 3784 ar)
545 3722 568 3769 1.
584 3715 656 3768 Sam.
677 3721 703 3781 2,
718 3720 752 3767 ao
768 3715 868 3784 (Lxx).

289 3802 505 3823 ,μ’-...-

364 3857 379 3905 6
402 3855 467 3918 post
491 3865 586 3900 sumus
611 3847 681 3901 Gau
704 3846 824 3900 addent:
855 3846 883 3899 et
906 3845 1009 3898 iterum
1032 3842 1188 3897 exhibeatis
1211 3843 1305 3911 inquit

292 3936 409 3991 corpora
426 3921 522 3973 nestra
540 3917 663 3970 hostiam
680 3916 777 3968 uinum
797 3916 887 3981 (Rom.
907 3920 952 3979 12,
966 3917 993 3982 1)
