3284 4459
361 492 428 555 490
765 504 788 545 s.
802 504 984 557 euousrrm,

361 649 392 701 ct
419 658 478 701 non
506 639 669 701 adtendunt
697 657 762 700 esse
790 648 889 699 tamen
917 638 1026 718 aliquid
1054 639 1111 699 talc
1143 638 1220 718 quod
1245 656 1372 717 empore
1461 684 1463 701 t

361 730 456 789 maius
479 728 526 788 sit.
571 727 637 807 lpse
666 729 775 807 quippe
804 728 932 808 animuS,
963 729 1048 789 euius
1072 730 1238 807 praesentia
1261 745 1373 806 corpus

361 819 432 877 vivit
450 825 480 877 et
498 817 620 895 regitur,
644 826 674 877 et
692 816 825 877 dolorem
845 818 906 895 pati
923 824 1022 896 potest
1040 824 1071 876 et
1090 818 1166 875 mori
1184 834 1244 876 non
1263 824 1372 895 potest.

362 905 439 965 Ecce
462 907 580 965 inventa
603 923 652 964 res
674 913 734 979 est,
762 922 853 983 quac,
881 922 949 965 cnm
978 922 1099 965 sensnm
1123 904 1233 965 doloris
1255 902 1373 986 babeat,

326 1005 342 1053 e
362 992 525 1053 inmortalis
548 1002 602 1053 est.
647 991 710 1053 lloc
740 995 831 1071 igitur
854 995 912 1054 erit
934 1002 1005 1054 tunc
1029 994 1117 1053 etiam
1140 994 1170 1052 in
1194 991 1373 1071 corporibus
1463 984 1464 991 '

362 1083 582 1161 damnatorum,
609 1081 688 1160 qnod
716 1099 796 1141 nnnc
824 1098 889 1140 esse
913 1083 1024 1142 seimus
1046 1083 1077 1140 in
1101 1082 1206 1141 animis
1229 1083 1372 1141 omnium.

364 1170 395 1230 Si
418 1179 517 1231 antem
535 1169 758 1231 consideremus
780 1168 960 1251 diligentins,
984 1168 1077 1249 dolor,
1099 1171 1150 1247 qui
1173 1168 1283 1229 dicitur
1305 1188 1372 1230 cor·

361 1260 452 1338 poris,
476 1260 568 1337 magis
586 1257 623 1317 ad
641 1260 765 1317 animam
784 1260 922 1335 pertinet.
959 1258 1079 1317 Animae
1099 1266 1144 1317 est
1162 1259 1242 1317 enim
1260 1256 1373 1339 dolere,

362 1365 422 1408 non
454 1349 603 1427 corporis,
635 1347 722 1406 etiam
755 1345 872 1423 qnando
905 1348 932 1405 ei
965 1344 1083 1406 dolendi
1110 1363 1198 1407 causa
1226 1347 1327 1407 existit
1356 1364 1373 1405 a

308 1448 343 1498 ιο
362 1453 496 1515 corpore,
519 1452 589 1494 cum
605 1436 637 1494 in
659 1452 695 1494 eo
718 1434 783 1493 loeo
806 1432 896 1513 dolet,
919 1434 969 1495 ubi
993 1433 1119 1494 laeditur
1141 1450 1259 1512 corpus.
1307 1432 1371 1495 Sic·

361 1532 396 1585 nt
422 1541 494 1602 ergo
526 1523 652 1583 dicimus
679 1539 805 1601 corpora
833 1524 990 1582 sentientia
1020 1530 1051 1581 et
1080 1539 1205 1600 corpora
1234 1523 1372 1603 viventia,

361 1629 430 1673 cum
453 1611 489 1671 ab
512 1612 609 1670 anima
630 1612 670 1670 sit
691 1612 811 1689 corpori
834 1628 940 1671 sensus
963 1618 994 1670 et
1016 1612 1088 1671 vita:
1116 1612 1156 1669 ita
1180 1628 1304 1689 corpora
1329 1610 1372 1671 di·

361 1702 457 1760 cimus
480 1708 510 1759 et
533 1698 677 1778 dolentia,
704 1716 773 1758 cum
796 1697 880 1757 dolor
903 1700 1022 1777 corpori
1045 1699 1102 1758 nisi
1125 1696 1161 1758 ab
1185 1699 1280 1758 anima
1303 1717 1372 1759 esse

362 1805 421 1847 non
445 1788 547 1866 possit.
593 1786 677 1846 Dolet
703 1788 803 1865 itaque
831 1789 926 1847 anima
950 1805 1019 1847 eum
1042 1804 1167 1865 corpore
1191 1788 1221 1846 in
1245 1805 1281 1846 eo
1303 1786 1372 1847 loeo

311 1887 343 1935 15
363 1878 435 1949 eius,
458 1873 510 1935 ubi
532 1874 641 1953 aliquid
662 1877 785 1953 contigit
802 1882 837 1935 nt
855 1874 964 1955 dolcat;
987 1874 1068 1935 dolet
1090 1882 1122 1935 et
1144 1873 1213 1954 sola,
1237 1877 1372 1954 quamvis

362 1966 401 2024 sit
427 1966 458 2023 in
488 1981 630 2043 corpore,
659 1981 727 2023 cnm
755 1962 851 2041 aliqua
880 1981 968 2023 causa
995 1965 1083 2024 etiam
1111 1962 1251 2024 invisibili
1273 1966 1372 2025 tristis

362 2061 408 2112 est
438 2054 502 2131 ipsa
533 2070 659 2131 corpore
686 2050 841 2131 incolumi3
872 2050 951 2111 dolet
979 2054 1067 2111 etiam
1098 2069 1157 2111 non
1185 2054 1214 2111 in
1244 2070 1372 2131 corpore

362 2143 534 2220 constituta3
566 2157 633 2200 nam
665 2141 769 2218 utiquc
801 2138 918 2199 dolebat
950 2138 1031 2199 dives
1062 2138 1111 2200 ille
1142 2140 1218 2219 apud
1248 2140 1373 2221 inferos,

362 2229 478 2308 quando
502 2227 630 2288 dicebat:
661 2228 790 2288 Orucior
818 2230 849 2287 in
873 2230 933 2289 bae
952 2230 1085 2302 flamma.
1132 2226 1247 2306 Corpus
1270 2237 1373 2288 antem

308 2330 342 2379 20
362 2336 417 2378 nee
440 2318 574 2377 exanime
602 2315 682 2377 dolet
712 2334 768 2376 nee
797 2317 958 2377 animatum
986 2319 1049 2376 sine
1080 2318 1175 2375 anima
1203 2314 1291 2377 dolet.
1341 2316 1373 2376 Si

361 2424 432 2485 ergo
461 2424 476 2466 a
504 2404 605 2465 dolore
635 2412 842 2483 argumentum
873 2412 954 2465 reete
982 2412 1152 2465 sumeretur
1174 2403 1210 2464 ad
1235 2412 1373 2485 mortem,

361 2504 395 2554 ut
418 2493 483 2554 ideo
508 2511 588 2553 mors
610 2495 705 2571 possit
727 2490 872 2571 accidere,
896 2494 963 2571 qnia
987 2494 1084 2572 potuit
1106 2491 1241 2552 accidere
1264 2499 1296 2552 et
1319 2493 1372 2553 do·

361 2582 422 2661 lor,
452 2584 544 2660 magis
576 2581 612 2642 ad
640 2583 765 2641 animant
793 2582 959 2658 pertineret
986 2582 1076 2659 mori,
1107 2579 1253 2658 adquam
1277 2584 1373 2661 magis

361 2672 491 2747 pertinet
523 2678 552 2729 et
584 2668 693 2729 dolere.
739 2667 812 2729 Curn
846 2685 915 2729 vero
948 2668 1009 2748 illa,
1042 2686 1116 2747 quae
1147 2669 1239 2747 magis
1268 2667 1373 2730 dolere

308 2768 343 2816 25
361 2766 468 2837 potest,
491 2774 550 2816 non
569 2758 662 2834 possit
681 2759 765 2837 mori,
788 2755 860 2835 qnid
882 2758 1024 2817 momenti
1047 2756 1133 2816 affert
1156 2774 1210 2817 cur
1232 2756 1281 2816 illa
1304 2775 1372 2817 eor·

360 2863 442 2925 pora,
464 2846 604 2922 qnoniam
626 2844 727 2904 lutura
750 2854 821 2905 sunt
843 2846 873 2905 in
897 2843 1058 2923 doloribus,
1082 2843 1148 2904 ideo
1172 2846 1261 2905 etiam
1280 2848 1372 2906 mori·

360 2942 427 2992 tura
454 2950 520 2992 esse
549 2929 726 2991 credamus?
762 2932 906 2993 Dixernnt
934 2932 1052 3011 quidem
1076 2931 1219 2993 Platonici
1250 2950 1286 2993 cx
1309 2941 1374 2994 ter·

360 3023 442 3081 renis
469 3018 644 3098 corporibus
674 3019 917 3099 moribundisque
948 3019 1089 3081 membris
1112 3038 1178 3081 csse
1202 3022 1315 3081 animae
1343 3032 1375 3083 et

361 3118 494 3170 metuere
523 3117 554 3168 et
582 3126 692 3187 cupere
720 3116 750 3168 et
776 3108 877 3169 dolere
907 3118 994 3187 atque
1025 3109 1169 3189 gaudere3
1198 3108 1275 3169 nnde
1299 3106 1373 3170 Ver·

307 3208 342 3259 30
360 3198 462 3278 gilius:
483 3196 597 3278 „Hine,
624 3198 736 3275 inquit,
764 3190 809 3278 (id
833 3206 879 3257 est
902 3216 938 3257 ex
962 3195 1147 3258 moribundis
1169 3199 1281 3257 terreni
1305 3214 1373 3258 cor·

359 3288 441 3367 poris
466 3277 621 3365 membris)
646 3294 782 3345 metuunt
804 3288 1002 3365 cupiuntque,
1031 3284 1131 3345 dolent
1154 3285 1374 3364 gaudentque.“

434 3463 477 3527 tet
495 3460 542 3514 Le.
563 3464 604 3525 te,
622 3462 665 3511 et.
702 3459 747 3526 et)
765 3456 834 3510 Aen.
854 3461 879 3522 e,
900 3462 958 3511 rea.

428 3612 443 3659 8
463 3606 537 3659 enim
555 3607 599 3657 cst
612 3606 683 3659 Ano
696 3606 705 3672 11
721 3609 754 3657 10
772 3620 872 3671 corpus
891 3619 941 3657 om.
958 3605 1055 3672 111112
1075 3604 1104 3656 eb
1120 3619 1236 3672 corpore
1251 3603 1374 3660 dicimus

357 3675 506 3731 dolentior
516 3679 617 3744 (propr.
623 3692 651 3741 p.
661 3679 707 3739 10)
722 3676 731 3742 ΙΙ
746 3680 779 3727 15
790 3673 974 3742 conligitRe3
986 3674 1375 3748 conbingiiAGtabpchll

359 3772 392 3820 16
402 3760 583 3817 inuisibiliter
592 3750 685 3814 Rani
698 3763 707 3827 ΙΙ
722 3766 753 3813 tt
767 3776 823 3813 non
835 3777 885 3815 ona.
897 3760 940 3825 R;
952 3762 1015 3815 item
1025 3762 1050 3827 b,
1058 3762 1106 3815 sed
1115 3761 1175 3815 sine
1181 3778 1234 3831 pro
1243 3762 1274 3816 in
1280 3766 1375 3833 posito
