3284 4459
343 479 409 542 412
742 488 763 529 s.
777 486 942 530 saansaan

344 630 425 689 dicio
456 641 525 688 aum
552 626 751 699 ueneratione
781 626 839 684 ista
869 629 899 683 et
927 623 1142 684 condemnabit
1166 639 1252 693 eam,·
1280 625 1357 697 quia

344 717 426 776 amit
452 731 472 774 a
497 714 609 785 finibus
638 719 742 772 terrae
769 714 880 772 andire
908 713 1089 786 sapientiam
1112 710 1298 784 Salomonis,
1326 717 1358 771 et

345 821 417 865 eece
440 805 510 879 plns
541 818 633 876 qaam
655 799 796 860 Salomon
819 802 878 861 aia.
925 797 1002 858 lluas
1026 816 1075 858 res
1097 797 1155 859 hoa
1177 798 1244 858 loco
1266 797 1356 858 disci·

345 909 427 971 mus,
450 897 481 950 et
503 898 661 949 ventarum
685 905 751 947 esse
774 887 915 948 iudicium
944 897 974 947 et
1006 904 1075 947 cum
1097 896 1285 947 mortuorum
1308 904 1357 946 re-

310 981 532 1044 esurrectione
552 985 717 1037 venturum.
754 973 796 1036 De
815 975 959 1036 Ninevitis
982 977 1062 1035 enim
1085 983 1114 1035 et
1137 977 1239 1053 regina
1253 976 1358 1036 Austri

346 1064 463 1148 quando
493 1068 549 1126 ista
579 1062 709 1144 dicebat,
737 1062 774 1123 de
805 1065 930 1132 mortuis
958 1066 1021 1125 sine
1050 1062 1140 1124 dubio
1168 1062 1357 1143 loquebatur,

347 1174 421 1234 qnos
441 1163 538 1214 tamen
557 1155 588 1213 in
607 1153 654 1212 die
673 1150 775 1212 iudicii
799 1162 989 1212 surrecturos
1013 1170 1078 1212 esse
1100 1152 1256 1230 praedixit.
1292 1150 1357 1211 Nec

345 1243 412 1305 ideo
451 1243 525 1306 dixit
559 1241 852 1326 „oondemnabunt“,
888 1243 969 1320 quia
993 1243 1052 1319 ipsi
1082 1239 1270 1320 iudiaahuut;
1301 1238 1356 1300 sed

346 1334 415 1411 quia
438 1332 630 1410 exipsorum
653 1330 871 1408 comparatione
893 1330 944 1388 isti
966 1330 1073 1388 merito
1096 1326 1323 1388 damnabuntur.

296 1434 328 1484 ιο
434 1418 550 1480 Rursus
572 1416 628 1476 alio
646 1416 721 1496 loco,
744 1434 813 1477 cum
835 1415 871 1477 de
895 1417 1048 1477 hominum
1071 1415 1271 1477 bonorumet
1294 1434 1357 1476 ma·

346 1508 443 1568 lorum
466 1523 545 1566 nunc
567 1507 777 1585 permixtione,
805 1514 907 1583 postea
930 1507 1129 1586 separatione,
1151 1523 1227 1583 quae
1250 1507 1357 1583 utique

347 1596 393 1656 die
416 1593 519 1655 iudicii
541 1593 640 1653 lutura
670 1600 729 1673 est,
756 1593 945 1672 loqueretur,
974 1591 1108 1654 adhibuit
1130 1592 1356 1654 similitudinem

347 1685 383 1744 de
403 1684 501 1743 tritico
520 1683 663 1742 seminato
683 1689 715 1740 ct
731 1682 974 1759 superseminatis
993 1683 1120 1762 zizaniis,
1143 1698 1267 1759 eamque
1292 1683 1357 1741 suis

347 1787 498 1850 exponens
525 1769 690 1848 discipulis:
722 1771 782 1842 Qui
806 1773 947 1844 seminat,
974 1771 1084 1847 inqnit,
1112 1770 1222 1831 domam
1243 1787 1358 1844 semen,

296 1874 328 1924 aa
347 1867 392 1921 est
410 1861 493 1932 silias
515 1859 659 1928 dommim
686 1874 763 1933 aaer
785 1865 886 1918 antem
909 1864 954 1918 est
974 1860 1121 1928 mandam
1151 1859 1260 1919 donam
1282 1875 1358 1919 aero

346 1965 446 2008 semem
473 1949 507 2007 ai
532 1953 603 2006 suat
625 1949 686 2019 filii
712 1949 818 2020 reama}
845 1949 974 2006 zizania
1002 1953 1103 2006 autem
1127 1948 1189 2019 fita·
1208 1954 1280 2006 sant
1302 1965 1356 2008 ae-

347 2053 456 2112 quam;
483 2037 623 2097 inimicas
650 2042 763 2107 autom,
791 2036 846 2109 qai
869 2037 1029 2094 seminavit
1050 2052 1101 2108 ea,
1131 2042 1176 2095 est
1198 2036 1358 2106 diadotas;

347 2127 450 2185 messis
468 2139 539 2184 aero
558 2125 774 2184 consummatio
791 2126 910 2183 saeculi
931 2128 984 2197 est,
1006 2139 1152 2184 messores
1175 2130 1275 2184 antem
1299 2141 1356 2183 aa·
1463 2126 1464 2143 ¹

345 2215 511 2289 aelisam.
557 2210 645 2272 Siaat
671 2228 744 2287 arao
775 2215 961 2285 aoltiaaatar
983 2214 1112 2270 zizania
1135 2217 1165 2272 et
1187 2214 1254 2285 iani
1275 2227 1356 2272 oom—
1463 2224 1464 2237 ¹

295 2317 329 2367 uo
348 2303 515 2362 durantur:
532 2301 578 2360 sia
596 2303 657 2360 orit
673 2302 705 2360 im
724 2302 979 2360 consummatione
996 2302 1119 2359 saecoli.
1157 2300 1257 2360 Mittet
1270 2302 1359 2372 filias

347 2391 476 2451 hominis
503 2391 627 2463 aaaalos
653 2405 737 2462 snos,
765 2393 796 2448 et
817 2390 964 2461 colliaaat
986 2389 1024 2447 de
1046 2405 1141 2463 raama
1165 2390 1229 2448 aias
1252 2391 1357 2448 omnia

348 2480 498 2539 scandata
522 2482 551 2536 at
573 2493 635 2551 eos,
663 2479 717 2551 qui
734 2475 859 2551 saciant
881 2478 1082 2550 iniquitatem,
1110 2482 1140 2536 et
1161 2479 1283 2536 mittant
1305 2493 1359 2536 eos

348 2569 380 2626 ia
413 2567 564 2625 caminam
597 2567 692 2638 tanim
721 2565 765 2624 idi
795 2567 856 2624 erit
882 2565 973 2637 [letas
1005 2570 1035 2624 et
1064 2566 1180 2625 stridor
1211 2567 1357 2624 dentiam.

352 2653 435 2713 Tana
463 2655 536 2712 insti
561 2651 723 2726 fataebaat
749 2654 831 2711 sicat
858 2655 904 2713 sol
932 2655 962 2713 ia
990 2669 1085 2727 reama
1108 2655 1210 2728 patris
1241 2668 1357 2713 eoram.

296 2756 329 2807 ns
352 2742 412 2814 (lai
428 2742 520 2800 dabat
537 2757 638 2818 aures,
661 2742 776 2799 audiat.
822 2737 876 2798 Hic
900 2739 1042 2799 iudicium
1066 2740 1184 2817 quidem
1208 2739 1253 2799 vel
1275 2738 1358 2800 diem
1463 2724 1464 2801 ἶ

347 2827 449 2889 iudicii
472 2845 531 2887 uon
554 2830 730 2906 nominavit,
753 2826 805 2888 sed
830 2845 897 2887 euru
921 2828 1013 2888 multo
1037 2827 1145 2888 alarius
1168 2830 1241 2906 ipsis
1263 2827 1358 2889 rebus
1463 2816 1464 2903 Ξ

349 2917 494 2995 expressit
516 2923 547 2975 et
569 2917 599 2974 in
624 2916 680 2975 tine
705 2914 814 2975 saeculi
837 2916 971 2975 luiturum
994 2933 1060 2976 osse
1083 2917 1236 2997 praedixit.

437 3003 510 3063 ltern
533 3003 686 3081 discipulis
709 3006 785 3064 suis:
808 3006 915 3077 Amen,
938 3006 1044 3084 inqiut,
1068 3006 1136 3066 dico
1160 3006 1251 3080 uobis
1274 3008 1360 3080 quod
1463 3004 1464 3067 T

348 3110 408 3166 aas,
437 3095 491 3166 qai
513 3095 612 3151 secati
638 3095 709 3152 estis
735 3109 790 3165 me,
819 3096 850 3152 ia
877 3095 1118 3167 conclamatione,
1146 3109 1215 3155 cam
1241 3096 1359 3154 sederit

296 3197 329 3246 aa
346 3183 429 3254 filias
456 3180 584 3240 dominis
612 3182 643 3240 ia
670 3183 741 3242 sede
767 3183 934 3240 maiestatis
962 3198 1052 3254 sane,
1084 3183 1226 3242 sedebitis
1253 3188 1283 3242 et
1304 3199 1358 3243 aas
1463 3172 1464 3199 ¹

347 3285 440 3344 saper
462 3269 547 3327 sedes
571 3269 729 3328 duodecim
752 3270 923 3329 iudicantes
946 3271 1104 3329 duodecim
1126 3271 1225 3330 tribus
1248 3270 1357 3329 Israel.

413 3391 440 3460 a)
458 3387 508 3441 Mt.
529 3393 571 3455 aa,
585 3392 618 3441 41
630 3405 669 3456 sq.
726 3387 770 3456 aa)
789 3385 829 3440 lb.
851 3390 1012 3456 aa,srsqq.
1068 3388 1113 3455 31)
1130 3386 1170 3440 lb.
1191 3391 1233 3454 aa,
1248 3391 1290 3440 as.
1342 3366 1345 3369 ’

414 3535 429 3583 't
449 3546 517 3583 surr.
532 3529 595 3594 Ru
615 3544 715 3582 resurr.
730 3527 790 3581 AG
808 3528 866 3582 rell.
880 3544 898 3582 o
910 3529 920 3597 fl
933 3532 967 3580 21
977 3543 1014 3595 aa.
1034 3525 1172 3595 colligunt
1190 3569 1196 3582 .
1212 3567 1219 3581 .
1238 3527 1359 3581 mittunt

342 3601 425 3671 any
444 3607 476 3654 at
494 3601 585 3653 Palat.
607 3599 720 3654 Vindob.
742 3598 799 3664 (sed
817 3598 851 3665 af.
870 3601 1018 3666 428,13);
1041 3597 1176 3667 colligens
1194 3640 1200 3652 .
1217 3640 1223 3653 .
1242 3598 1359 3652 mittent

344 3671 539 3796 glplpeliladpobvfl
570 3675 604 3723 to
638 3683 718 3722 sures
750 3667 954 3738 ananam>
986 3670 1087 3738 (prom
1116 3686 1146 3737 p.
1179 3671 1244 3736 13),·
1275 3685 1357 3723 aures
