3284 4459
561 521 602 562 oc
616 520 761 562 omrnuu
775 522 829 562 nm
842 523 869 561 n,
881 522 932 562 xv.
945 521 968 562 c.
981 524 1002 562 4.
1244 507 1289 571 63

276 663 375 734 tatur,
406 655 500 734 qualis
533 674 598 717 esse
631 656 668 716 de
701 653 809 717 talibus
840 655 951 716 laetitia
978 656 1070 717 rebus
1098 663 1205 736 potest.
1249 655 1289 718 Et

276 746 418 823 quoniam
446 761 505 805 non
534 751 580 805 est
608 743 666 804 tale
698 742 825 824 bonum,
854 751 889 804 ut
910 743 1005 805 nullas
1028 747 1178 824 angustias
1200 746 1288 806 iaciat

276 831 459 892 amatoribus
473 835 545 912 suis,
563 832 630 893 ideo
641 834 747 912 civitas
766 834 823 892 ista
840 832 982 894 adversus
999 851 1033 893 se
1050 835 1145 912 ipsam
1157 833 1287 913 plerum·

277 939 335 1000 que
363 920 506 982 dividitur
539 919 695 1002 litigando,
721 920 858 981 bellando
886 928 974 1000 atque
1002 921 1160 1000 pugnando
1184 929 1288 982 etant

276 1008 447 1069 mortiferas
470 1017 522 1070 aut
544 1017 626 1070 certe
656 1009 796 1070 mortales
819 1011 957 1071 victorias
979 1009 1168 1088 requirendo.
1213 1009 1286 1070 Nam
1305 1020 1323 1070 5

276 1115 312 1158 ex
332 1115 518 1175 quacumque
539 1099 586 1158 sui
603 1105 687 1177 parte
711 1097 854 1157 adversus
877 1097 1000 1158 alteram
1023 1100 1070 1158 sui
1092 1106 1207 1177 partem
1225 1097 1286 1159 bel·

276 1183 363 1246 lando
394 1188 574 1266 sturererit,
602 1188 719 1264 quaerit
748 1203 814 1246 esse
842 1187 948 1246 victrix
977 1187 1127 1268 gentium,
1157 1204 1226 1248 cum
1248 1188 1287 1247 sit

279 1275 392 1352 captiva
422 1275 576 1355 vitiorum3
609 1281 639 1334 et
662 1277 688 1335 si
711 1272 846 1354 quidem,
879 1291 947 1334 cum
976 1275 1096 1355 vicerit,
1127 1273 1287 1354 superbius

279 1361 443 1443 extollitur,
472 1363 561 1423 etiam
583 1364 751 1444 mortilera3
779 1365 805 1422 si
832 1380 904 1422 vero
927 1361 1131 1423 condicionem
1154 1365 1286 1442 cogitans

280 1468 424 1530 casusque
444 1467 616 1512 communes
634 1454 728 1530 magis
751 1469 827 1529 quae
849 1449 985 1511 accidere
1007 1459 1134 1531 possunt
1155 1451 1286 1511 adversis
1306 1463 1340 1512 to

280 1540 406 1618 angitur,
429 1555 517 1618 quam
541 1541 584 1599 eis
608 1556 682 1619 quae
705 1546 908 1619 provenerunt
930 1539 1068 1599 secundis
1091 1538 1181 1599 rebus
1203 1539 1285 1600 inlla·

279 1635 341 1708 tur,
372 1628 576 1688 tantummodo
604 1627 735 1688 mortalis
759 1635 805 1688 est
826 1630 883 1688 ista
906 1629 1036 1687 victoria.
1081 1625 1184 1707 Neque
1207 1630 1286 1688 enim

278 1733 397 1794 semper
424 1715 568 1776 dominari
594 1718 706 1795 poterit
736 1714 937 1795 permanendo
966 1717 1022 1796 eis,
1051 1731 1126 1794 quos
1155 1718 1288 1795 potuerit

278 1801 437 1882 subiugarc
467 1803 620 1864 vincendo.
670 1804 736 1865 Non
766 1812 865 1864 autern
895 1812 977 1864 recte
1007 1802 1115 1864 dicitur
1145 1823 1178 1864 ea
1208 1803 1285 1864 bona

242 1885 245 1896 ’
277 1909 337 1952 non
368 1910 450 1971 esse,
481 1910 556 1972 quae
586 1894 771 1972 concupiscit
797 1892 870 1952 haec
898 1894 1016 1972 civitas,
1046 1891 1163 1970 quando
1186 1901 1233 1952 cst
1255 1901 1286 1953 et
1305 1905 1340 1954 15

275 1983 340 2059 ipsa
371 1982 403 2041 in
434 1997 488 2040 suo
517 1980 647 2041 humano
680 1998 789 2059 genere
824 1981 936 2040 melior.
987 1980 1177 2059 concupiscit
1207 1982 1286 2040 enim

277 2076 430 2129 terrenam
468 2069 613 2146 quandam
645 2086 701 2147 pro
735 2067 826 2129 rebus
861 2071 970 2129 infimis
1000 2087 1116 2150 pacem3
1152 2068 1189 2129 ad
1221 2087 1286 2129 eam

276 2174 405 2236 namque
435 2156 584 2218 desiderat
609 2158 766 2236 pervenire
794 2156 942 2237 helland03
972 2160 1110 2236 quoniam
1133 2159 1159 2218 si
1182 2159 1287 2218 vicerit

277 2253 308 2306 et
331 2247 384 2323 qui
406 2248 526 2306 resistat
547 2263 607 2305 non
630 2247 735 2325 luerit,
764 2263 820 2324 pax
843 2247 916 2320 erit,
946 2263 1034 2324 quam
1056 2264 1116 2306 non
1138 2245 1286 2306 habebant

276 2341 378 2412 partes
402 2335 434 2393 in
452 2335 547 2394 vicem
565 2333 755 2394 adversantes
778 2341 809 2394 ct
831 2351 886 2412 pro
908 2333 956 2393 his
978 2332 1078 2415 rebus,
1101 2351 1175 2413 quas
1197 2334 1286 2395 simul
1305 2348 1341 2397 20

278 2420 389 2482 habere
420 2439 480 2481 non
509 2429 663 2501 poterant,
695 2421 806 2482 infelici
838 2429 969 2499 egestate
1001 2430 1158 2482 certantes.
1202 2421 1286 2482 lianc

280 2527 383 2588 pacem
413 2512 572 2588 requirunt
601 2509 748 2570 laboriosa
781 2509 870 2589 bella,
902 2510 978 2570 hanc
1007 2508 1180 2589 adipiscitur
1201 2527 1285 2589 ⁴quae

280 2605 402 2676 putatur
438 2597 564 2676 gloriosa
601 2600 731 2659 victoria.
782 2596 906 2668 Quando
942 2605 1041 2658 autem
1076 2600 1200 2658 vincunt
1235 2599 1287 2676 qui

281 2703 368 2746 causa
395 2688 520 2747 iustiore
547 2686 730 2768 pugnabant,
754 2689 819 2765 quis
852 2684 969 2747 dubitet
994 2686 1196 2764 gratulandam
1219 2703 1285 2746 esse

278 2774 432 2836 victoriam
465 2783 497 2836 et
532 2777 703 2854 provenisse
738 2772 909 2853 optabilem·
928 2770 1053 2854 pacem?
1098 2773 1185 2834 Haeo
1209 2772 1286 2834 laona
1304 2786 1340 2838 25

279 2870 350 2924 sunt
381 2869 412 2923 et
448 2865 512 2923 sine
550 2862 640 2924 dubio
671 2861 725 2923 uei
755 2862 833 2922 dona
865 2870 943 2922 sunt.
994 2861 1053 2922 Sed
1085 2864 1111 2922 si
1143 2862 1286 2941 neglectis

279 2949 466 3032 melioribus,
499 2969 574 3031 quae
605 2950 640 3012 ad
672 2967 830 3030 supernam
859 2952 1011 3030 pertinent
1039 2951 1202 3032 civitatem,
1233 2949 1285 3010 ubi

279 3041 337 3099 erit
359 3041 481 3100 victoria
503 3042 535 3100 in
558 3046 677 3100 aeterna
700 3046 731 3100 et
753 3055 868 3098 summa
891 3057 962 3118 pace
986 3056 1104 3118 secura,
1131 3038 1208 3099 bona
1229 3041 1286 3099 ista

279 3129 322 3187 sic
349 3130 615 3208 concupiscuntur,
642 3137 676 3188 ot
707 3126 753 3187 vel
781 3127 843 3186 sola
871 3144 938 3188 esse
968 3126 1128 3216 credantur
1156 3126 1202 3186 rel
1230 3127 1286 3206 his,

280 3233 354 3292 quae
385 3215 505 3277 meliora
536 3216 714 3294 creduntur,
743 3214 870 3293 amplius
891 3214 1064 3293 diligantur:
1094 3232 1217 3276 necesse
1241 3223 1287 3275 est
1304 3231 1340 3280 30

279 3305 398 3364 miseria
420 3311 620 3383 consequatur
643 3313 673 3363 et
695 3316 769 3382 quae
792 3305 890 3362 inerat
910 3311 1060 3381 augeatur.

347 3519 364 3568 4
377 3510 570 3582 belligerando
581 3512 609 3566 R
622 3513 631 3581 u
646 3516 678 3565 11
692 3510 876 3580 prouenerint
891 3510 996 3568 Gob¹o
1008 3513 1018 3581 ΙΙ
1032 3517 1067 3566 14
1081 3511 1214 3566 dicuntur
1225 3530 1265 3568 oo
1278 3515 1288 3584 Ι

276 3590 310 3640 lo
329 3587 359 3639 et
376 3585 440 3653 ipsa
457 3599 507 3638 om.
529 3582 574 3637 Ge
