3284 4459
323 418 388 484 232
582 433 584 438 ·
722 431 744 472 s.
758 431 923 474 arcuerim

322 566 407 627 idem
421 575 537 646 tempus
560 568 644 644 regni
664 565 752 626 david
777 567 845 645 luit3
869 584 902 626 ac
924 583 980 644 per
1002 565 1059 626 hcc
1082 584 1142 627 non
1164 566 1335 627 diceretur:

329 656 386 715 Ubi
402 663 473 714 snnt
485 657 692 714 miserationes
711 662 782 714 tnoe
800 658 953 729 antiquae,
972 655 1107 726 Domine,
1125 673 1201 730 qnos
1219 658 1337 715 inrosti

324 745 426 804 Baoid
452 746 483 802 in
511 746 638 802 veritate
665 745 737 802 tnn?
768 744 825 802 nisi
848 761 951 802 eorum
973 760 1131 822 personam
1153 745 1184 802 in
1207 760 1239 802 se
1262 761 1334 821 pro·

323 830 422 910 phetia
441 831 673 910 transfiguraret,
696 832 746 909 qui
766 830 853 908 longe
870 840 973 909 postea
991 831 1084 891 luituri
1104 839 1198 910 erant,
1221 830 1331 909 quibus

288 919 380 979 eboc
403 929 520 998 tempus
548 927 628 978 esset
650 921 819 997 antiquum,
844 919 960 996 quando
984 921 1047 996 regi
1070 918 1160 979 [lavid
1182 921 1239 978 ista
1261 935 1330 998 prc-

324 1010 413 1067 missa
432 1016 511 1068 suut.
546 1005 657 1066 'Potest
675 1017 773 1066 autem
794 1006 924 1084 intellegi
947 1005 1054 1067 millias
1077 1016 1188 1088 gentes,
1211 1006 1331 1084 quando

325 1095 506 1155 Christianos
535 1094 808 1174 persequebantur,
848 1094 1042 1173 exprobrasse
1074 1095 1131 1155 illis
1161 1097 1331 1174 passionem

325 1184 449 1262 Christi,
479 1200 566 1261 quam
598 1179 743 1262 scriptura
777 1185 1036 1243 commutationem
1064 1191 1161 1262 vocat,
1191 1185 1332 1261 quoniam

227 1297 232 1304 ·
326 1270 477 1332 moriendo
510 1271 673 1330 inmortalis
705 1281 750 1332 est
781 1273 886 1331 iactus.
940 1270 1042 1331 Potest
1077 1280 1108 1331 et
1138 1273 1333 1331 commutatio

271 1373 305 1420 to
324 1359 435 1420 Christi
462 1358 623 1419 secundum
652 1359 708 1418 hoc
740 1363 834 1438 accipi
862 1357 1038 1439 exprobrata
1066 1359 1220 1439 israelitis,
1252 1361 1334 1438 quia,

324 1466 397 1508 crim·
425 1464 527 1507 eorum
560 1457 729 1524 speraretur
760 1449 893 1530 iuturus,
925 1449 1020 1508 iactus
1048 1457 1092 1507 est
1122 1450 1268 1528 gentium,
1300 1455 1334 1506 et

323 1537 380 1596 boc
404 1538 446 1596 eis
470 1552 549 1595 nrruc
573 1532 752 1612 exprobrant
774 1534 883 1595 multae
905 1545 1018 1615 gentes,
1040 1553 1114 1614 quae
1139 1535 1335 1596 crediderunt

324 1627 354 1684 in
378 1642 446 1684 cum
469 1641 522 1702 per
552 1629 769 1682 testamentum
784 1640 905 1703 novum,
931 1623 1043 1683 illisio
1067 1632 1216 1684 vetustate
1235 1641 1332 1683 rema*

324 1712 476 1791 uentibus,
503 1719 537 1771 ut
564 1711 630 1772 ideo
661 1710 788 1772 dicatur:
816 1711 978 1784 Memento,
1009 1713 1146 1787 Domine,
1173 1714 1336 1789 opprobrii

274 1815 304 1860 ts
323 1817 479 1862 servornm
508 1807 640 1873 tnornm,
673 1801 823 1877 quianon
848 1817 899 1859 eos
921 1798 1125 1880 obliviscente,
1155 1799 1207 1859 sed
1230 1801 1335 1878 potius

324 1891 482 1949 miserante
507 1887 630 1947 Domino
658 1895 688 1946 et
714 1889 771 1967 ipsi
797 1896 865 1966 post
893 1888 948 1947 hoc
972 1887 1163 1967 opprobrium
1187 1888 1332 1948 credituri

270 1996 296 2020 ι’
325 1986 402 2037 sunt.
452 1975 510 2035 Sed
544 1975 605 2054 ille,
642 1993 730 2053 quem
759 1978 842 2054 prins
874 1977 974 2054 posui,
1005 1978 1227 2036 convenientior
1259 1975 1332 2036 mibi

325 2081 429 2126 sensus
448 2061 571 2124 videtur.
607 2062 738 2123 lnimicis
760 2065 839 2123 enim
854 2063 972 2144 Christi,
995 2064 1102 2142 quibus
1125 2064 1332 2144 exprobratur,

325 2153 403 2233 quod
431 2170 482 2212 eos
510 2151 545 2212 ad
573 2158 676 2229 gentes
698 2153 847 2211 transiens
874 2152 1029 2230 reliquerit
1052 2152 1200 2227 Christus,
1227 2156 1330 2213 inccn-

272 2255 306 2302 20
320 2259 398 2320 -grue
430 2259 488 2306 vox·
516 2242 573 2300 ista
605 2246 770 2318 coaptatur:
803 2240 968 2314 Memento,
1001 2242 1141 2315 Domine,
1173 2243 1332 2319 opprobrii

324 2346 479 2393 servornm
506 2337 643 2399 tnornm;
670 2345 729 2388 non
758 2330 836 2388 enim
862 2331 941 2390 servi
964 2327 1017 2388 Dei
1048 2329 1237 2408 nuncupandi
1260 2337 1333 2394 sunt

324 2418 397 2484 tales
421 2416 533 2496 ludaei3
557 2413 609 2476 sed
632 2417 674 2476 eis
698 2415 785 2475 verba
808 2418 865 2476 ista
888 2426 1063 2496 conpetunt,
1087 2420 1153 2496 qui,
1174 2435 1242 2478 cum
1265 2436 1330 2495 gra-

295 2497 299 2508 ’
324 2525 375 2570 ves
402 2503 582 2566 humilitates
610 2506 852 2582 persecutionum
879 2502 975 2583 <pr0>
999 2503 1108 2565 Christi
1138 2508 1256 2565 nomine
1275 2523 1330 2583 pa·

324 2602 475 2670 terentur,
504 2591 655 2651 recordari
685 2601 849 2670 potuerunt
882 2592 1032 2657 excelsum
1067 2611 1191 2672 reguum
1224 2595 1330 2653 semini

271 2695 304 2745 25
324 2681 414 2750 [levid
447 2681 538 2740 luisse
571 2674 766 2758 promissum,
798 2689 828 2740 et
860 2682 930 2740 eius.
951 2678 1098 2740 desiderio
1127 2680 1239 2761 dicere,
1269 2699 1330 2741 nou

325 2763 528 2849 desperando,
549 2766 600 2826 sed
628 2767 755 2846 petendo
788 2769 956 2846 quaerendo
983 2761 1140 2847 pulsando:
1178 2771 1235 2830 Ubi
1259 2777 1332 2830 sunt

325 2860 532 2940 miserationes
555 2847 632 2916 tnoe'
648 2860 804 2931 antiquae,
833 2858 971 2930 Domine,
998 2875 1074 2932 qnos
1097 2860 1209 2918 iurasti
1230 2858 1334 2922 onom

325 2951 356 3008 in
379 2948 506 3006 veritate
529 2947 604 3008 tna?
645 2943 807 3018 Memento,
836 2946 973 3020 Domine,
996 2947 1154 3022 opprobrii
1173 2963 1332 3008 servornm

325 3042 458 3107 tnornm,
490 3033 571 3107 qnod
598 3035 734 3092 continui
760 3035 790 3096 in
818 3036 886 3093 sinu
914 3050 978 3105 meo
1005 3037 1168 3093 mnttornm
1195 3037 1333 3108 pentinm

273 3136 307 3184 30
327 3117 397 3204 (boc
413 3128 471 3201 est,
493 3121 523 3178 iu
542 3117 734 3181 interioribus
752 3115 1002 3198 meis-'patienter¹
1013 3115 1152 3202 pertuli),
1165 3116 1256 3197 'qnod
1278 3140 1331 3182 en*

320 3203 548 3292 probrooernnt
571 3210 686 3268 inimici
708 3211 768 3281 tni,
791 3209 933 3280 Domine5
956 3211 1038 3294 qnod
1057 3210 1332 3287 exprobraverunt,

325 3299 584 3360 commutationem
611 3297 724 3364 Christi
750 3299 810 3367 tni;
838 3313 898 3356 non
921 3313 985 3355 eam
1008 3305 1147 3374 putantes
1170 3307 1331 3363 commuta-

324 3389 435 3446 tionem
463 3401 542 3464 esse,
570 3383 620 3443 sed
650 3385 913 3462 consumptionem.
960 3382 1035 3453 Quid
1060 3393 1105 3444 est
1127 3394 1239 3446 autem:
1266 3386 1331 3447 Me-

331 3512 333 3517 !
356 3515 373 3534 ι’
396 3554 411 3602 2
434 3545 642 3601 misericordiae
660 3546 705 3598 Ae
727 3547 739 3614 ll
760 3550 775 3596 3
794 3520 943 3614 prophetie
960 3543 1087 3600 ΒΑΜ
1105 3545 1158 3598 olii
1179 3561 1245 3610 mem
1264 3516 1335 3613 'pro-

323 3619 411 3690 pheta
433 3637 486 3689 pu,-
509 3619 543 3684 cf.
562 3621 659 3683 230,6
681 3618 690 3684 ΙΙ
714 3621 746 3668 13
769 3617 942 3685 permanent.
959 3616 988 3670 R
1009 3617 1020 3684 11
1041 3620 1075 3668 23
1098 3631 1149 3684 pro
1171 3631 1222 3669 om.
1242 3616 1332 3682 R¹G;

323 3692 365 3758 eil.¹
375 3693 391 3745 i.
403 3695 419 3746 5
434 3707 455 3745 e.
464 3693 502 3744 23
511 3695 577 3743 emir.
592 3689 606 3757 ll
615 3692 649 3740 33
663 3701 723 3740 esse
738 3687 780 3754 Ii;
799 3703 849 3742 om.
868 3687 924 3740 rell.
939 3688 977 3755 ol}
991 3686 1258 3746 consummationem
1271 3687 1334 3742 Aa
