3284 4459
556 515 597 556 aa
610 515 753 556 omnmo
767 514 821 555 mu
834 515 860 555 n.
874 515 937 556 xvx.
951 514 973 555 c.
989 516 1021 557 io.
1232 499 1294 564 167

289 653 364 710 mimi
388 665 513 710 carmem
533 651 691 724 praeputii
711 653 812 724 uestri,
836 657 866 710 et
888 653 948 710 erit
965 653 1001 709 ¹iu
1023 652 1111 725 staua
1129 653 1300 710 testamenti

290 742 373 798 inter
399 753 446 798 me
472 744 504 798 et
528 753 593 797 aas..
638 738 678 796 Et
700 755 782 813 puer
808 745 877 798 acto
904 740 1022 798 dierum
1050 739 1297 812 circumcidetur,

291 833 424 886 oestrum
445 842 532 886 omme
554 829 754 886 masculinum
777 829 807 886 iu
829 829 992 902 proaemies
1014 833 1139 887 uestras,
1183 826 1307 887 Verum

292 917 379 974 culus
407 920 438 974 el
458 916 616 990 empticius
639 915 678 972 ab
701 917 784 974 omui
801 917 866 986 filio
890 917 1004 988 aliero,
1035 917 1090 988 qui
1109 931 1170 974 uam
1194 922 1238 975 est
1260 917 1299 976 dc

289 1005 404 1062 semime
418 1009 483 1075 luo,
496 1005 730 1063 circumcisione
744 1004 983 1062 circumcidetur
996 1004 1180 1063 vernaculus
1194 1005 1298 1063 damus
1317 1012 1332 1061 5

292 1100 365 1150 tuoe
392 1096 422 1150 et
443 1093 607 1166 empticius.
653 1090 694 1150 Et
715 1094 777 1150 erit
798 1097 1004 1150 testamcutum
1027 1107 1124 1150 meum
1148 1093 1179 1150 im
1203 1107 1300 1151 carme

291 1184 396 1239 uestra
418 1180 449 1238 iu
473 1184 648 1238 testamento
670 1185 803 1238 aeterno.
841 1179 880 1238 Et
897 1181 951 1252 qul
968 1195 1028 1238 mou
1048 1177 1148 1252 suerit
1168 1181 1298 1239 circum·

291 1269 375 1326 aisus
398 1270 557 1337 masculus,
580 1269 634 1339 aui
654 1283 713 1326 non
737 1269 976 1326 circumcidetur
999 1282 1123 1327 carmem
1143 1268 1302 1342 praeputii

289 1358 344 1414 sui
365 1361 473 1413 octaua
497 1356 554 1428 die,
578 1354 714 1413 interibit
736 1357 839 1414 amima
863 1357 915 1414 illa
939 1357 977 1414 de
992 1371 1108 1428 pariere
1130 1358 1203 1429 eius,
1227 1358 1299 1428 quia

291 1448 502 1502 testamentum
529 1458 626 1502 meum
653 1444 818 1517 dissipauit.
864 1442 904 1500 El
930 1442 1115 1503 dixilDeus
1137 1441 1351 1502 adAbra·1‘0

291 1532 379 1590 llam:
401 1530 483 1589 Sara
505 1547 588 1590 uxor
610 1537 672 1602 tua,
695 1547 754 1591 nou
778 1531 981 1606 appellabitur
999 1547 1105 1591 nomen
1129 1533 1194 1591 eius
1208 1530 1299 1605 Sara,

291 1621 351 1679 sed
372 1618 474 1678 Sarra
496 1621 556 1679 erit
577 1635 683 1678 nomeu
707 1621 780 1678 eius.
826 1617 1010 1678 Benedioam
1033 1625 1133 1679 autem
1162 1621 1242 1679 illam
1271 1625 1301 1681 el

292 1707 375 1766 dabo
402 1706 458 1766 abi
483 1723 525 1766 ex
551 1723 589 1766 ea
613 1708 723 1785 filium,
755 1712 786 1766 et
807 1705 984 1767 benedicam
1008 1710 1102 1780 illum,
1135 1713 1165 1768 et
1186 1709 1247 1768 erit
1268 1711 1299 1768 im

291 1797 446 1866 motiones,
478 1802 508 1854 et
535 1811 625 1868 repes
651 1796 785 1868 acutium
817 1811 858 1854 ex
887 1811 921 1855 eo
951 1801 1049 1855 eruut.
1099 1795 1140 1856 Et
1164 1798 1301 1870 procidit

294 1884 452 1942 Abrabam
478 1899 570 1957 super
595 1881 708 1956 faeiem
735 1898 821 1942 suam
849 1889 880 1942 et
901 1885 971 1942 risit
993 1889 1024 1943 et
1044 1883 1125 1942 dixit
1146 1885 1177 1942 iu
1200 1886 1301 1944 auimo
1321 1895 1353 1942 15

292 1987 350 2030 sua
382 1972 501 2030 diceus:
537 1969 573 2029 Si
602 1971 678 2029 milti
714 1977 833 2030 centum
866 1987 962 2030 aumas
998 1971 1123 2031 babenti
1157 1979 1302 2031 nascetur

293 2054 432 2136 <filius>,
463 2064 494 2118 et
513 2061 542 2117 si
563 2057 665 2117 Sarra
686 2074 837 2118 annorum
859 2060 1026 2132 monoptota
1046 2061 1168 2134 pariet?
1214 2060 1303 2119 llicit

292 2152 396 2206 autem
410 2146 566 2206 Abrabam
588 2146 759 2206 addeum:
781 2146 893 2206 Ismael
913 2147 964 2206 llic
986 2150 1068 2206 amal
1090 2149 1120 2207 iu
1139 2155 1301 2222 conspectu

292 2241 355 2294 tuo.
402 2234 492 2292 Dixit
516 2240 616 2293 autem
639 2234 721 2294 Deus
748 2235 792 2293 ad
812 2235 984 2294 Abrabam:
1016 2234 1079 2308 Ila,
1106 2251 1178 2295 ecee
1200 2235 1301 2296 Sarra

294 2337 379 2382 uxor
401 2327 455 2381 tua
474 2325 580 2397 pariet
600 2322 658 2381 tibi
675 2324 781 2395 filium,
804 2329 835 2382 el
852 2323 973 2382 vocabis
992 2339 1098 2383 namen
1117 2325 1182 2383 eius
1197 2321 1301 2394 Isaac;
1319 2329 1354 2383 20

293 2416 328 2470 el
352 2415 485 2469 statuam
513 2415 721 2469 testamentum
748 2426 846 2469 meum
869 2412 912 2469 ad
933 2413 1016 2470 illum
1040 2413 1071 2470 in
1095 2416 1301 2471 testamentum

293 2503 468 2570 aeternum,
498 2513 561 2557 esse
587 2500 634 2557 illi
656 2498 738 2557 Deus
765 2504 796 2558 et
815 2501 925 2557 semlai
946 2501 1010 2558 eius
1029 2505 1098 2574 pasl
1120 2501 1210 2558 illum.
1256 2499 1302 2560 De

296 2586 411 2646 Ismael
435 2591 535 2645 autem
561 2602 634 2646 ecca
661 2587 807 2645 exaudiui
833 2592 879 2656 te;
910 2603 983 2647 ecce
1009 2587 1154 2647 benedixi
1179 2603 1246 2646 eum
1273 2594 1303 2648 el

293 2674 449 2749 ampliabo
479 2675 561 2732 illum
590 2681 621 2733 et
649 2674 853 2749 multiplicabo
886 2691 953 2734 eum
985 2676 1081 2734 ualde.
1135 2673 1301 2735 Duodecim

291 2767 401 2837 pentes
421 2761 590 2835 peuerabit
613 2768 644 2821 et
665 2762 743 2821 dabo
766 2764 849 2821 illum
872 2764 904 2821 in
927 2779 1067 2836 mappam
1088 2769 1215 2836 pentem.
1250 2763 1302 2825 Te·
1321 2773 1355 2823 96

293 2856 476 2910 slamemtum
499 2856 600 2909 autem
622 2864 719 2909 meum
741 2856 873 2909 statuam
896 2852 940 2909 ad
961 2850 1066 2923 Isaac,
1093 2867 1180 2924 quem
1200 2855 1304 2927 pariet

295 2939 353 2997 tibi
376 2937 477 2996 Sarra
501 2939 531 2996 im
555 2943 688 3012 tempore
709 2939 769 2997 boc
791 2939 835 2996 ad
856 2955 969 2998 aunum
991 2946 1169 3012 sequentem.

386 3023 441 3084 Hic
464 3026 609 3103 apertiora
633 3027 778 3103 promissa
802 3033 872 3084 sunt
894 3023 931 3084 de
950 3028 1102 3085 vocatione
1120 3029 1252 3104 gentium
1271 3029 1303 3088 in

295 3112 391 3192 isaac,
414 3111 443 3172 id
468 3114 566 3172 estin
589 3111 649 3172 filio
672 3114 890 3192 promissionis,
914 3131 973 3191 quo
997 3113 1179 3190 significatur
1201 3117 1302 3192 gratia,

296 3219 357 3261 oon
380 3209 493 3280 natura,
517 3202 585 3278 quia
608 3199 645 3260 de
668 3217 739 3261 sone
761 3208 793 3261 et
815 3217 873 3260 anu
897 3200 992 3261 sterili
1009 3203 1193 3280 promittitur
1215 3202 1302 3264 illius.
1321 3215 1356 3264 30

368 3373 414 3439 it)
433 3368 501 3424 Gon.
522 3374 598 3435 17,1
617 3385 677 3438 sqq.

371 3563 485 3633 loigno
503 3580 557 3618 uteo
574 3569 681 3645 praeter
699 3562 715 3615 b
732 3559 775 3630 (ir
793 3555 896 3642 empsim
914 3555 971 3612 aad.
986 3556 1090 3623 Alea.);
1114 3552 1226 3622 signum
1245 3551 1308 3619 bob
1403 3636 1406 3643 Ι

296 3633 428 3688 tuliano
449 3649 516 3697 mem
544 3633 704 3702 alienigena
722 3647 739 3686 a
760 3633 770 3700 u
794 3631 859 3683 lin
879 3613 1078 3682 testamentum
1103 3622 1308 3688 aebemumul

297 3707 441 3758 autina
463 3704 546 3774 RFp
569 3707 675 3771 (86,1,
688 3707 721 3768 6,·
735 3707 769 3767 8,·
788 3703 899 3767 169,,·6
913 3702 986 3765 17);
1005 3698 1105 3751 octaua
1130 3691 1309 3760 VAGepol

300 3741 1309 3843 1761111661ΥΒΑΓΡ(61168,18;17814ΙΙ94θιιωπιεες·ίΠιιωυ
