3284 4459
329 518 395 583 484
731 528 753 571 s.
768 528 933 570 incusum

330 684 413 727 suam
448 667 578 744 portanti
608 673 640 725 ct
669 664 700 724 in
732 664 812 742 ligno
845 665 903 723 iam
935 662 1077 741 pendenti
1110 664 1212 741 utiquc
1243 662 1339 724 insul·

329 762 473 815 taverunt.
518 751 647 813 Proinde
674 754 949 830 interpretationem
973 768 1032 810 non
1056 759 1216 829 sequentes
1238 768 1340 831 unam,

329 842 381 902 sed
413 848 568 919 utramque
598 842 770 920 iungentes,
800 856 868 899 cum
901 847 931 899 et
958 841 1179 899 insultaverant
1208 847 1238 899 et
1266 856 1339 901 con·

325 934 466 1003 ficerunt
494 929 634 1009 legimus,
668 928 784 1007 plenius
813 929 967 987 veritatem
998 927 1162 986 dominicae
1191 929 1340 1005 passionis

295 1019 523 1097 cognoscimus.

418 1104 492 1167 Cum
515 1123 586 1183 ergo
604 1106 635 1164 iu
653 1103 835 1183 propheticis
858 1103 965 1163 litteris
988 1101 1024 1162 ad
1047 1104 1239 1164 novissimum
1263 1104 1339 1163 iudi·

329 1196 408 1255 cium
431 1194 598 1253 iaciendum
617 1191 696 1252 Deus
718 1191 827 1270 legitur
850 1209 915 1251 esse
939 1199 1092 1270 venturus,
1115 1193 1172 1251 etsi
1195 1193 1259 1252 eius
1283 1192 1340 1251 alia

329 1282 480 1343 distinctio
509 1300 568 1341 non
596 1289 737 1360 ponatur,
764 1279 967 1339 tantummodo
995 1287 1119 1357 propter
1141 1281 1239 1357 ipsum
1262 1280 1339 1339 iudi-

329 1373 409 1431 cium
438 1369 574 1430 Christus
602 1368 690 1428 debet
716 1367 863 1446 intellegi,
891 1369 960 1445 quia
990 1368 1046 1428 etsi
1069 1365 1157 1429 Pater
1186 1367 1339 1446 iudicabit,

278 1473 383 1537 lupen
406 1458 562 1519 adventum
586 1456 638 1516 diii
660 1456 787 1516 hominis
810 1455 959 1516 iudicabit.
1005 1454 1078 1514 Nam
1101 1456 1164 1533 ipse
1188 1474 1243 1534 per
1266 1474 1339 1516 suae

329 1548 512 1626 praesentiae
540 1545 806 1605 manifestationem
836 1561 895 1604 non
924 1545 1041 1604 iudicat
1063 1560 1256 1618 quemquam,
1284 1547 1342 1605 sed

329 1652 416 1695 omne
442 1636 589 1694 iodicium
616 1634 813 1705 dedititiae,
843 1634 894 1710 qui
922 1630 1158 1691 manifestabitur
1181 1631 1269 1691 immo
1292 1634 1338 1692 iu-

329 1722 491 1801 dicaturus,
514 1724 592 1781 sicut
609 1720 697 1780 homo
717 1728 763 1779 est
785 1719 939 1780 iudicatus.
986 1718 1059 1789 Quis
1083 1729 1129 1779 est
1151 1722 1230 1780 euim
1253 1720 1340 1800 alius,

330 1810 367 1871 do
390 1828 449 1888 qrro
471 1813 542 1870 item
562 1808 640 1869 Deus
663 1808 794 1887 loquitur
816 1826 871 1886 per
890 1806 1005 1866 Esaiam
1029 1807 1084 1867 sub
1109 1810 1226 1868 nomine
1250 1808 1340 1868 iacob

279 1912 312 1961 15
331 1907 361 1959 et
383 1897 483 1977 lsrael,
506 1897 542 1957 de
562 1900 647 1957 cirins
671 1899 782 1957 semine
806 1914 916 1974 corpus
940 1892 1076 1974 accepit?
1099 1895 1176 1974 quod
1201 1898 1242 1956 ita
1265 1899 1339 1957 scri-

330 1994 414 2066 ptum
434 1994 495 2045 est:
519 1987 612 2046 Iacob
627 2002 708 2062 puer
731 2002 821 2058 meus,
844 1987 1009 2059 suscipiam
1033 1987 1132 2055 illum
1157 1985 1258 2045 Israel
1279 1989 1338 2045 ele-

331 2082 397 2135 ctus
423 2091 519 2148 meus,
546 2076 713 2149 adsumpsit
739 2089 806 2133 eum
835 2076 937 2132 aalma
966 2089 1041 2133 meo.
1088 2073 1169 2133 Dedi
1190 2073 1340 2148 Spiritum

330 2179 427 2223 meum
450 2165 481 2221 in
500 2165 591 2234 illum,
615 2163 762 2221 iodicium
780 2162 922 2235 pentibus
941 2158 1088 2235 proferet.
1135 2162 1201 2222 Non
1224 2163 1339 2221 cloma-

331 2252 374 2311 dit
395 2267 491 2325 neque
513 2252 643 2311 cessabit
664 2266 761 2324 neque
784 2250 928 2308 audietur
947 2246 1027 2323 soris
1050 2265 1109 2309 vox
1132 2252 1204 2309 etus.
1249 2250 1339 2309 Calo-

279 2352 312 2401 20
330 2356 410 2399 mum
436 2346 611 2412 quassatum
637 2354 697 2399 noa
724 2344 860 2398 conteret
889 2343 918 2396 et
941 2339 1035 2396 linum
1054 2335 1178 2412 sumans
1200 2354 1260 2397 oon
1284 2356 1339 2398 ex-

331 2430 463 2502 tiopuet;
489 2429 545 2487 sed
570 2430 602 2487 in
629 2429 758 2486 veritate
784 2422 925 2500 proferet
957 2427 1111 2485 iudicium.
1163 2425 1341 2500 Resulqebit

331 2522 362 2576 et
381 2533 442 2576 non
465 2513 689 2589 consrinpetor,
717 2516 813 2574 donec
839 2515 989 2588 portatio
1013 2520 1099 2573 terro
1123 2516 1286 2585 iudicium
1309 2523 1341 2575 et
1426 2550 1428 2553 -

331 2605 591 2663 annominemus
616 2608 721 2677 pentes
747 2602 922 2676 sperabunt.
968 2598 1002 2659 ln
1025 2599 1160 2661 Hebraeo
1184 2620 1244 2662 non
1266 2602 1339 2681 legi-

331 2697 381 2750 tur
404 2691 498 2751 Iacob
524 2698 556 2749 et
578 2691 695 2761 Israel;
721 2690 773 2749 sed
803 2688 881 2767 quod
909 2687 951 2747 ibi
979 2687 1087 2766 legitur
1113 2707 1219 2750 servus
1246 2707 1340 2765 meus,

279 2792 312 2839 25
332 2779 471 2837 nimirum
499 2779 684 2856 septuaginta
710 2780 889 2855 interpretes
917 2776 1049 2836 volentes
1078 2776 1236 2837 admonere
1267 2797 1340 2856 qua-

333 2874 419 2925 tenus
450 2864 481 2923 id
510 2864 713 2944 accipiendum
741 2866 792 2946 sit,
825 2867 892 2943 quia
920 2864 1034 2925 scilicet
1059 2874 1183 2944 propter
1213 2866 1341 2926 sormam

332 2954 410 3013 servi
433 2952 545 3013 dictum
568 2960 626 3032 est,
653 2954 683 3012 in
707 2971 819 3031 quase
843 2952 1010 3013 ditissimus
1033 2952 1230 3013 humillimum
1253 2972 1340 3033 prae·

332 3039 404 3121 buit,
418 3042 513 3120 ipsius
526 3039 654 3101 hominis
668 3058 776 3100 nomen
790 3040 826 3101 ad
842 3058 910 3100 eum
925 3040 1149 3118 significandum
1163 3051 1341 3123 posuerunt,

332 3128 368 3189 de
391 3131 477 3190 cuius
499 3146 609 3207 genere
636 3128 737 3189 eadem
768 3130 846 3188 servi
869 3130 961 3188 torma
986 3138 1123 3208 suscepta
1146 3138 1201 3189 est,
1247 3129 1342 3191 Datus

278 3225 378 3278 coest
408 3219 439 3277 in
467 3234 535 3278 eum
566 3216 694 3295 Spiritus
722 3225 856 3296 sanctus,
889 3215 967 3294 quod
995 3225 1025 3277 et
1055 3216 1207 3277 columbae
1239 3221 1341 3297 specie

332 3304 481 3384 cvangelio
511 3313 587 3365 teste
617 3313 812 3365 monstratum
841 3313 900 3383 est;
929 3305 1071 3365 iudicium
1102 3305 1240 3383 gentibus
1270 3324 1342 3384 prn-

404 3496 447 3561 12)
466 3493 505 3547 10.
524 3496 550 3560 s,
567 3497 611 3546 aa.
648 3493 694 3559 se)
710 3490 783 3545 usai.
802 3497 845 3558 42,
867 3497 881 3544 1
901 3507 960 3559 sqq.
997 3494 1042 3561 ao)
1062 3493 1112 3548 Mc.
1131 3499 1157 3559 s,
1178 3498 1218 3548 1c.

404 3727 436 3774 19
461 3734 550 3787 nequo
574 3691 705 3789 cessabit]
732 3734 820 3785 neque
844 3718 988 3772 contendit
1009 3734 1027 3788 9
1048 3720 1166 3786 (Iustina.
1192 3722 1295 3792 Tryph.
1320 3740 1343 3777 c.

332 3794 403 3857 1233
422 3789 518 3843 Sabat.
538 3789 581 3843 II
593 3806 623 3858 p.
643 3793 713 3854 584;
730 3790 775 3843 scd
794 3789 827 3855 cs.
846 3794 910 3855 485,
929 3794 960 3857 3)
975 3792 985 3860 ll
1003 3797 1035 3844 21
1054 3793 1161 3861 profert
1181 3795 1271 3865 Gmbp
