3284 4459
510 531 549 572 nn
563 517 707 572 orsmaro
721 531 775 572 our
789 532 815 572 n.
830 532 893 573 xrx.
904 532 928 573 o.
942 534 975 574 ao
989 534 1022 575 aa.
1036 535 1070 576 ac,
1231 519 1295 583 401

291 683 349 726 non
381 665 485 725 obierat
514 667 571 727 nisi
605 665 806 726 tantummodo
831 665 900 746 sibi,
929 673 959 727 et
988 685 1042 747 per
1064 668 1121 730 hoc
1143 670 1173 730 in
1196 667 1244 729 iila
1267 676 1298 730 et

290 755 407 814 animus
435 755 553 833 corpori
579 756 713 832 ratioque
741 755 819 814 vitiis
848 762 929 814 recte
959 772 992 815 ac
1016 755 1141 817 fideliter
1163 758 1298 838 imperet,

290 849 373 904 caret
395 843 524 904 iustitiae
548 845 678 903 veritate.

675 1083 792 1152 Oarur
811 1087 914 1153 XXV.

318 1215 486 1286 Ouetiston
506 1216 625 1290 possint
646 1213 691 1273 ibi
711 1231 804 1275 verae
826 1233 891 1276 ecoe
913 1218 1052 1294 virtutes,
1074 1216 1129 1276 ubi
1148 1233 1209 1277 non
1232 1223 1277 1278 est
1317 1226 1333 1274 5

691 1319 765 1362 vcra
789 1305 905 1378 reticio.

381 1423 549 1496 Quamlibet
563 1426 643 1486 enim
657 1424 791 1486 videatur
809 1427 925 1486 animus
943 1429 1062 1506 corpori
1079 1434 1110 1487 et
1127 1428 1202 1487 ratio
1221 1427 1299 1487 vitiis

290 1511 477 1576 laudabiliter
507 1516 670 1594 imperare,
699 1516 725 1574 si
753 1512 813 1574 Deo
844 1516 960 1575 animus
989 1525 1019 1575 et
1046 1517 1120 1576 ratio
1148 1516 1212 1594 ipsa
1239 1533 1299 1575 non

291 1603 400 1682 servit,
432 1604 509 1664 siout
540 1600 597 1663 sibi
626 1619 692 1663 csse
721 1600 909 1664 serviendum
936 1605 1001 1683 ipse
1027 1601 1106 1663 bens
1138 1605 1298 1683 praecepit,

292 1690 484 1752 nullomodo
511 1692 630 1770 corpori
657 1692 793 1769 vitiisque
823 1698 906 1752 recte
929 1693 1062 1771 imperat
1106 1690 1180 1752 Nam
1204 1691 1298 1770 qualis
1318 1703 1351 1752 ιο

292 1781 427 1860 eorporis
455 1786 542 1857 atque
578 1781 717 1840 vitiorum
749 1787 848 1858 potest
882 1797 948 1840 esse
975 1797 1059 1839 mens
1089 1779 1206 1842 domina
1236 1782 1300 1841 veri

292 1867 346 1927 bei
374 1869 473 1928 nescia
499 1884 556 1928 uec
583 1869 648 1928 eius
674 1868 798 1945 imperio
827 1865 994 1947 subiugata,
1021 1867 1074 1928 sed
1104 1871 1300 1930 vitiosissimis

292 1954 485 2018 daemonibus
509 1955 767 2034 corrumpentibus
790 1951 970 2034 prostituta?
1013 1954 1141 2016 Proinde
1165 1959 1299 2037 virtutes,

293 2060 367 2122 quas
390 2042 498 2104 habere
518 2041 574 2103 sibi
597 2042 721 2123 videtur,
743 2060 797 2121 pcr
820 2060 894 2121 quas
917 2045 1042 2123 imperat
1064 2047 1183 2124 corpori
1206 2053 1236 2105 et
1257 2047 1299 2105 vi·

293 2134 359 2211 tiis,
388 2130 421 2192 ad
453 2130 605 2209 quodlibet
634 2129 855 2210 adipiscendum
887 2131 932 2191 vel
960 2132 1120 2192 tenendum
1150 2132 1299 2194 rettulerit
1319 2143 1352 2193 15

295 2221 352 2279 nisi
371 2219 406 2280 ad
425 2218 528 2299 Deum,
551 2221 638 2279 etiam
658 2221 738 2298 ipsae
758 2221 827 2279 vitia
846 2228 915 2279 sunt
933 2222 1031 2298 potius
1055 2238 1142 2298 quam
1166 2223 1299 2282 virtutes.

294 2307 368 2367 Nam
386 2306 455 2368 licet
478 2325 494 2367 a
518 2306 693 2386 quibusdam
716 2316 787 2367 tuno
810 2325 896 2367 verae
919 2315 1007 2386 atque
1030 2306 1170 2368 honestae
1194 2317 1299 2389 puten-

294 2406 344 2456 tur
362 2413 427 2456 esse
446 2397 579 2476 virtutes,
602 2413 670 2457 cum
689 2395 861 2456 referuntur
883 2394 919 2455 ad
942 2413 973 2456 se
997 2398 1076 2475 ipsas
1099 2414 1154 2457 nec
1177 2405 1300 2476 propter
1355 2437 1357 2450 ·

295 2482 374 2544 aliud
405 2493 597 2562 expetuntur:
624 2485 713 2544 etiam
741 2491 812 2544 tunc
840 2483 955 2543 inflatae
984 2501 1017 2544 ac
1045 2483 1190 2564 superbae
1221 2495 1299 2566 sunt,

294 2573 361 2632 ideo
389 2589 448 2633 non
472 2574 609 2652 virtutes,
635 2570 687 2631 sed
715 2573 783 2631 vitia
811 2570 966 2632 iudicanda
989 2581 1067 2633 sunt.
1114 2571 1198 2635 Sicut
1220 2575 1300 2635 enim
1319 2586 1353 2634 to

295 2678 354 2721 non
383 2666 429 2721 est
457 2677 473 2720 a
501 2677 588 2720 carue
617 2659 668 2720 scd
696 2676 787 2738 super
815 2676 950 2741 carnem,
982 2659 1061 2738 quod
1089 2679 1208 2723 carnem
1231 2663 1300 2722 facit

294 2751 406 2808 rivere:
429 2750 472 2807 sic
495 2755 619 2808 nonest
642 2746 677 2807 ab
704 2747 822 2807 bomine
852 2746 903 2808 sed
927 2765 1017 2827 super
1040 2749 1199 2832 bominem,
1221 2751 1300 2829 quod

294 2836 445 2897 bominem
475 2836 544 2895 iacit
575 2834 660 2896 beate
693 2837 804 2915 vivere3
837 2853 893 2896 neo
925 2836 1020 2897 solum
1051 2837 1215 2920 bominem,
1248 2839 1300 2899 sed

294 2926 384 2986 etiam
406 2921 567 3002 quamlibet
588 2931 766 3004 potestatem
789 2925 988 3003 virtutemque
1012 2925 1176 2988 caelestem.

665 3165 784 3233 Garur
801 3167 919 3234 XXVI.
1318 3185 1354 3235 ao

296 3297 342 3358 De
361 3314 441 3374 pace
464 3299 571 3373 popuii
597 3298 725 3356 alienati
746 3313 766 3356 o
789 3295 866 3376 Deo,
896 3314 957 3372 qua
979 3301 1076 3357 utitur
1098 3299 1141 3358 ati
1157 3301 1300 3375 pietatem

366 3389 496 3462 populus
518 3385 584 3458 Dei,
608 3386 679 3444 dum
702 3385 734 3444 in
756 3385 814 3446 boc
833 3388 1017 3461 percuriosus
1039 3392 1085 3446 est
1105 3387 1224 3448 mundo.

385 3506 530 3579 Quocirca
544 3515 578 3568 ut
591 3507 649 3567 vita
668 3509 765 3567 carnis
784 3510 879 3569 anima
898 3515 953 3587 est,
971 3510 1011 3569 ita
1029 3505 1113 3568 beata
1131 3510 1189 3569 vita
1207 3508 1300 3571 homi·

297 3596 344 3656 nis
366 3593 444 3657 Deus
468 3605 526 3676 est,
555 3593 591 3656 de
615 3613 673 3674 quo
697 3593 800 3656 dicunt
823 3611 922 3655 sacrae
945 3595 1060 3657 litterae
1084 3594 1300 3659 Hebraeorum:

352 3738 399 3787 Ι16
417 3733 480 3802 ipsa
494 3747 548 3786 msc
565 3733 574 3801 ΙΙ
593 3735 627 3784 20
643 3729 709 3784 ideo
723 3729 797 3784 R¹A
811 3729 874 3795 (bb.
889 3729 907 3782 3
920 3742 943 3782 c.
957 3729 991 3780 u
1008 3725 1058 3779 sub
1071 3724 1137 3791 piac
1153 3723 1199 3777 M
1211 3737 1232 3775 c.
1243 3725 1306 3788 25);

294 3807 324 3861 ei
341 3805 406 3859 ideo
426 3802 651 3873 R¹eaaoe9po

347 3912 405 3945 uuo.
419 3911 452 3943 on
466 3911 511 3942 crv.
525 3909 574 3940 nur.
596 3899 626 3939 n
1061 3887 1094 3938 26
