3284 4459
739 534 763 575 8.
776 533 945 577 AUGUS‘HM

715 734 832 803 (isnnr
850 734 970 802 XXIV.

342 866 431 939 Quod
448 867 580 926 insontes
597 867 730 925 homines
749 871 779 925 et
795 868 902 925 merito
921 862 1132 925 oboedientiae
1150 866 1181 923 in
1195 866 1349 941 paradiso

386 960 600 1030 permanentes
623 957 666 1013 ito
686 954 873 1028 pensantibus
895 952 1035 1012 membris
1056 955 1146 1012 usuri
1163 951 1296 1027 fuissent

321 1032 323 1039 ’
427 1044 471 1101 od
489 1044 718 1117 peneretionem
737 1044 848 1116 prolis,
875 1043 956 1101 siout
977 1043 1088 1101 ceteris
1110 1041 1154 1100 od
1175 1042 1256 1101 orbi-

302 1139 319 1188 b
700 1130 791 1189 trium
814 1131 983 1189 voluntatis.

428 1256 595 1319 seminaret
616 1256 709 1333 igitur
730 1252 845 1333 prolem
868 1255 922 1332 vir,
945 1254 1112 1332 susciperet
1133 1254 1243 1313 femina
1265 1256 1347 1332 geni-

339 1344 446 1406 talibus
469 1341 626 1423 membris‚
659 1341 775 1421 quando
798 1340 828 1401 id
853 1360 927 1420 opus
951 1350 1030 1401 esset
1052 1348 1083 1401 et
1106 1350 1248 1419 quantum
1270 1359 1349 1420 opus

339 1442 434 1514 esset,
465 1432 615 1493 voluntate
648 1432 750 1511 motis,
780 1448 841 1490 non
872 1428 993 1490 libidine
1026 1431 1189 1490 concitatis.
1242 1429 1348 1508 Neque

339 1523 418 1581 enim
436 1539 472 1582 ea
490 1521 551 1582 sola
568 1516 702 1580 membra
723 1536 877 1579 movemus
899 1517 936 1577 ad
959 1526 1074 1597 nutum,
1096 1535 1172 1595 quae
1195 1520 1348 1597 eonpaetis

286 1619 321 1669 10
339 1609 491 1670 articulata
519 1617 589 1668 snnt
617 1606 747 1687 ossibus,
775 1608 853 1666 sient
880 1624 987 1666 manus
1009 1613 1041 1665 et
1061 1604 1154 1684 pedes
1176 1614 1206 1665 et
1228 1606 1349 1686 digitos,
1462 1655 1464 1668 .

339 1715 444 1757 verum
466 1698 553 1757 etiam
572 1695 629 1776 illa,
652 1712 728 1773 quae
746 1693 885 1755 mollibus
907 1696 1031 1755 remissa
1054 1702 1124 1753 sunt
1147 1696 1255 1773 nervis,
1278 1712 1348 1755 cum

338 1784 489 1864 volumus,
511 1801 664 1844 movemus
687 1782 824 1861 agitando
846 1790 877 1843 et
899 1781 1077 1861 porrigendo
1101 1782 1294 1861 producimus
1316 1790 1348 1843 et

339 1872 506 1952 torquendo
535 1871 681 1933 flectimus
712 1879 743 1931 et
773 1869 1002 1948 constringendo
1026 1869 1182 1950 duramus,
1212 1873 1289 1931 sieut
1312 1889 1349 1931 ea

339 1970 418 2041 sunt,
441 1978 516 2039 quae
539 1962 571 2021 in
593 1977 644 2019 ore
668 1976 702 2020 ae
725 1959 809 2039 facie,
832 1966 974 2036 quantum
997 1966 1105 2038 potest,
1127 1957 1262 2019 voluntas
1284 1977 1347 2019 mo·

288 2060 320 2110 15
339 2059 396 2111 vet.
440 2048 599 2109 Pulmones
629 2047 756 2126 denique
784 2047 843 2125 ipsi
877 2047 1024 2127 omnium,
1055 2048 1114 2106 nisi
1143 2046 1350 2127 medullarum,

339 2138 503 2199 mollissimi
530 2138 676 2197 viscerum
705 2143 736 2195 et
763 2133 800 2193 ob
824 2133 881 2193 hoe
903 2142 989 2195 antro
1011 2136 1142 2213 pectoris
1164 2138 1350 2215 communiti,
1462 2129 1465 2156 ¹

339 2227 374 2287 ad
394 2227 531 2306 spiritum
549 2223 716 2284 ducendum
736 2240 769 2283 ac
792 2222 1003 2284 remittendum
1026 2240 1187 2302 vocemque
1211 2225 1348 2284 emitten-

339 2316 406 2375 dam
428 2332 482 2374 seu
505 2311 745 2390 modificandam,
775 2311 853 2371 siout
874 2309 959 2370 tolles
981 2308 1133 2371 fabrorum
1155 2310 1201 2371 vel
1223 2329 1346 2391 organo·

340 2421 422 2483 rum,
449 2401 563 2475 flantis,
594 2400 782 2477 respirantis,
815 2398 978 2477 loquentis,
1006 2397 1173 2480 clamantis,
1200 2402 1348 2460 cantantis
1463 2387 1466 2396 ¹

285 2503 321 2552 20
341 2493 474 2553 serviunt
506 2488 656 2549 voluntati.
713 2485 824 2547 Omitto
859 2486 937 2564 quod
967 2485 1141 2548 animalibus
1170 2487 1348 2566 quibusdam

340 2578 514 2641 naturaliter
522 2575 648 2637 inditum
663 2582 717 2655 est,
730 2584 765 2635 ut
774 2583 901 2653 tegmen,
915 2592 974 2652 quo
988 2592 1097 2653 eorpus
1111 2592 1198 2635 omne
1213 2578 1351 2657 vestitur,

340 2670 365 2727 si
389 2666 460 2745 quid
482 2667 515 2725 in
538 2680 725 2742 quocumque
749 2661 814 2723 loeo
838 2664 903 2721 eins
925 2664 1074 2723 senserint
1096 2660 1282 2745 abigendum,
1305 2664 1348 2725 ibi

339 2763 455 2815 tantum
469 2759 614 2831 moveant,
632 2749 684 2811 ubi
702 2752 845 2829 sentiunt,
863 2767 918 2809 nec
932 2749 1029 2810 solnm
1042 2750 1205 2812 insidentes
1219 2770 1349 2833 muscas,

340 2860 444 2903 verum
472 2842 560 2902 etiam
592 2839 749 2899 haerentes
777 2838 875 2898 hastas
907 2839 984 2899 eutis
1015 2846 1146 2900 tremore
1178 2839 1347 2901 discutiant.

287 2943 322 2991 25
341 2929 490 3008 Numquid
518 2929 585 3006 qnia
615 2926 643 2987 id
667 2944 726 2987 non
749 2934 849 3005 potest
870 2925 973 3006 homo,
1002 2925 1069 2987 ideo
1093 2926 1215 2988 Creator
1238 2927 1349 3006 quibus

340 3018 432 3077 voluit
459 3013 655 3077 animantibus
685 3014 794 3074 donare
818 3032 877 3074 non
900 3010 1018 3093 potuit?
1063 3013 1113 3075 Sic
1136 3034 1206 3095 ergo
1230 3025 1261 3076 et
1281 3018 1349 3095 ipse

340 3106 428 3166 homo
450 3105 547 3183 potuit
570 3101 786 3163 oboedientiam
814 3103 902 3162 etiam
925 3102 1101 3163 inferiorum
1122 3102 1232 3165 babere
1254 3122 1348 3165 mem·

341 3194 481 3271 brorum,
509 3208 598 3269 quiam
625 3208 678 3249 sna
705 3188 922 3250 inoboedientia
952 3190 1089 3268 perdidit.
1134 3191 1237 3271 Neque
1267 3195 1349 3254 enim

341 3280 402 3342 Deo
421 3278 539 3341 difficile
557 3279 614 3339 suit
631 3280 675 3339 sie
692 3277 775 3338 illum
794 3278 931 3358 condere,
954 3286 987 3338 nt
1004 3280 1036 3338 in
1058 3280 1123 3339 eins
1146 3297 1235 3340 earne
1258 3282 1349 3341 etiam

287 3383 323 3433 ao
341 3369 413 3431 illud
441 3385 501 3428 non
529 3368 587 3427 nisi
616 3368 681 3427 eius
702 3366 852 3427 voluntate
875 3373 1056 3441 moveretur,
1085 3367 1163 3445 quod
1186 3386 1266 3429 nune
1289 3369 1349 3429 nisi

341 3456 461 3518 libidine
485 3473 543 3515 non
567 3462 710 3515 movetur.

385 3598 389 3605 .
428 3545 501 3606 Nam
525 3552 555 3603 et
582 3542 734 3604 hominum
762 3541 948 3621 quorundam
969 3551 1090 3603 naturas
1112 3546 1248 3605 novimus
1270 3544 1346 3605 mul·

341 3642 404 3695 tum
431 3633 539 3693 ceteris
568 3630 701 3710 dispares
731 3637 761 3690 et
789 3632 854 3709 ipsa
881 3631 1001 3690 raritate
1029 3630 1178 3693 mirabiles
1205 3631 1372 3694 nonnulla·

413 3800 447 3848 24
465 3794 570 3849 inhaer.
590 3796 633 3862 A;
651 3796 698 3850 aed
715 3795 749 3861 of.
769 3794 813 3848 lib.
829 3798 847 3847 4
865 3811 887 3849 o.
901 3797 938 3847 18
954 3794 1005 3847 snb
1022 3795 1070 3860 fio.
