3284 4459
337 468 402 531 446
741 480 943 523 seponamus

337 616 410 677 libet
426 616 562 675 Infirmus
581 616 653 676 uiris
670 614 751 675 iliius
774 616 910 694 civitatis,
933 615 986 675 sed
1008 614 1088 676 idem
1110 618 1174 695 ipse
1199 615 1345 676 Iohannes

337 708 368 766 in
392 703 516 783 epistula
535 721 588 764 sua
606 702 724 765 elamat:
748 704 784 764 Si
805 705 983 777 demeremus,
1006 706 1079 779 quia
1099 712 1262 780 peecatum
1284 722 1345 765 uon

336 794 494 867 habemus,
520 809 575 853 nos
603 794 681 867 ipsos
709 794 882 853 seducimus
915 800 945 852 et
977 796 1092 853 veritos
1121 795 1154 855 in
1176 794 1263 854 nobis
1285 810 1346 854 non

337 887 389 943 est.
434 879 474 943 Et
494 882 525 941 in
549 879 606 940 hoe
629 878 748 958 quidem
770 879 857 960 libro,
879 882 966 941 euius
989 898 1096 941 nomen
1121 890 1167 941 est
1191 879 1344 960 apocalyp-

303 971 389 1050 osis,
416 968 543 1030 obscure
576 967 668 1029 muita
701 968 855 1049 dicuutur,
887 978 921 1029 ut
951 978 1079 1029 mentem
1108 969 1233 1048 legentis
1259 967 1345 1029 exer-

339 1065 433 1138 ceant,
456 1064 487 1118 et
504 1074 597 1136 pauca
615 1059 646 1117 in
669 1075 705 1117 eo
728 1065 807 1137 suut,
830 1074 867 1117 ex
889 1074 1018 1136 quorum
1041 1057 1278 1118 manifestatione
1301 1059 1346 1117 in-

338 1145 483 1224 dagentur
519 1153 618 1206 cetera
655 1162 723 1205 oum
756 1143 870 1225 labore3
907 1148 1031 1206 maxime
1064 1147 1132 1225 quia
1165 1148 1209 1207 sio
1243 1145 1347 1205 eadem

338 1234 438 1294 multis
467 1234 563 1294 modis
589 1235 711 1314 repetit,
738 1240 772 1293 ut
799 1231 855 1293 alia
882 1242 970 1311 atque
1001 1232 1055 1294 alia
1079 1233 1178 1295 dicere
1202 1234 1346 1313 videatur,

338 1340 407 1384 eum
425 1322 511 1383 aliter
529 1329 618 1401 atque
636 1321 722 1381 aliter
739 1320 812 1381 haec
831 1323 896 1400 ipsa
913 1322 1012 1381 dicere
1031 1324 1202 1401 vestigetur.
1235 1320 1347 1382 Verum

288 1426 320 1473 10
338 1412 370 1471 in
402 1410 449 1472 his
480 1410 592 1489 verbis,
623 1408 675 1471 uhi
702 1411 757 1471 ait:
784 1411 945 1485 Absterpet
973 1427 1088 1472 omnem
1115 1414 1275 1471 lacrimam
1307 1412 1347 1471 ab

339 1503 434 1560 oeulis
457 1515 573 1572 eorum,
601 1505 632 1559 et
656 1515 738 1559 mors
760 1501 822 1559 ium
844 1515 905 1559 non
927 1500 988 1560 ert't
1008 1515 1105 1573 neque
1127 1502 1348 1573 luctataeque

338 1591 469 1667 elamor,
500 1589 556 1647 sed
581 1604 639 1647 nee
666 1589 754 1648 dolor
780 1590 875 1660 ullus,
905 1592 986 1647 tanta
1013 1584 1079 1647 luce
1107 1586 1185 1646 dicta
1216 1594 1287 1647 suut
1308 1585 1346 1645 de

342 1673 459 1735 saeculo
465 1675 564 1735 futuro
576 1682 606 1735 et
619 1674 655 1735 de
667 1674 879 1735 inmortalitate
892 1680 979 1751 atque
992 1674 1167 1736 aeternitate
1175 1682 1347 1735 sanctorum

339 1756 426 1843 (tune
453 1768 533 1823 enim
560 1766 656 1823 soimu
687 1770 775 1841 atque
802 1761 845 1822 Ibi
872 1762 967 1823 solum
996 1765 1052 1823 ista
1076 1781 1135 1822 non
1159 1756 1281 1843 eruut),
1313 1771 1348 1823 ut

288 1865 320 1913 15
340 1850 419 1910 uuila
456 1849 615 1912 debeamus
651 1854 682 1911 in
719 1849 825 1911 litteris
862 1852 954 1911 sacris
990 1868 1134 1929 quaerere
1168 1850 1213 1911 vel
1246 1850 1346 1930 legere

339 1938 505 2019 manIiesta,
529 1940 555 1999 si
577 1939 650 2001 haec
673 1941 875 2019 putaverimus
898 1937 1034 1999 obseura.

714 2179 832 2246 Curua
853 2181 974 2246 XVIII.

419 2314 500 2385 Quid
521 2313 672 2387 apostolus
695 2310 805 2370 Petrus
828 2312 866 2369 de
888 2312 1046 2371 novissimo
1069 2311 1129 2371 Dei
1151 2313 1264 2371 indicto

741 2399 943 2473 praedicarat.

287 2556 321 2602 ,υ
428 2523 512 2584 Nune
536 2526 593 2583 iam
616 2522 775 2599 videamus,
799 2520 869 2599 quid
893 2523 980 2582 etiam
1004 2522 1154 2601 apostolus
1177 2521 1285 2583 Petrus
1308 2523 1346 2583 de

339 2612 395 2671 hoo
418 2611 527 2672 iudicio
551 2612 722 2689 scripserit:
752 2609 888 2683 Ventent,
912 2611 1020 2691 inquit,
1046 2613 1258 2672 innovissimo
1282 2613 1346 2673 die·
1458 2598 1459 2655 ἓ

339 2717 408 2759 rum
436 2702 584 2759 inlusione
611 2701 794 2772 inludentes,
826 2700 992 2758 seeundum
1015 2701 1161 2775 proprios
1187 2703 1346 2775 eoncupis-

340 2790 455 2848 cento'os
477 2804 550 2847 suus
568 2792 671 2847 euntes
689 2793 720 2847 et
737 2788 884 2849 dieentes:
912 2786 969 2847 Ubi
989 2794 1034 2847 est
1050 2790 1233 2863 promt'ssum
1253 2806 1346 2863 prue-
1458 2766 1459 2849 Ῠ

339 2878 454 2936 sentiae
485 2876 599 2950 ipsius?
643 2874 694 2934 Ex
724 2892 782 2951 quo
814 2877 893 2935 enim
920 2881 1027 2951 putres
1065 2877 1267 2951 dormierunt,
1300 2880 1348 2937 sio

287 2994 320 3043 25
340 2966 441 3024 omnia
460 2968 660 3039 perseverant
677 2962 716 3022 ab
739 2965 825 3023 initio
849 2970 1021 3024 creatorae,
1067 2964 1157 3024 Latet
1178 2966 1257 3025 enim
1280 2966 1348 3025 illos

339 3053 397 3113 Inoo
419 3055 558 3126 volentes,
581 3053 655 3125 quio
673 3054 754 3111 coeli
775 3057 865 3112 erum
887 3054 956 3111 olim
979 3058 1009 3112 et
1031 3057 1119 3120 terra
1143 3054 1180 3112 de
1203 3069 1293 3126 aqua,
1317 3060 1349 3113 et

336 3157 396 3216 per
414 3156 524 3215 apuam
542 3140 706 3200 constituto
725 3140 784 3199 Dei
799 3140 900 3219 aerbo,
919 3157 978 3215 per
996 3157 1083 3216 quae,
1106 3143 1161 3214 oui
1182 3147 1255 3201 tuoe
1277 3148 1349 3201 erat

339 3230 477 3302 mundus,
500 3243 583 3302 aqua
601 3228 767 3287 inundatus
786 3229 923 3303 deperiit.
974 3229 1033 3300 Qui
1050 3235 1255 3306 autem-none
1277 3236 1348 3289 suot
1458 3262 1459 3265 κ

340 3320 420 3377 caeli
436 3311 467 3378 et
484 3323 579 3389 terra,
602 3316 705 3375 eodem
723 3315 813 3375 verbo
830 3318 958 3392 reposuit·
977 3323 1055 3389 suot,
1079 3318 1146 3392 iqui
1166 3318 1349 3376 reservandi
1458 3306 1459 3325 ³

406 3424 433 3492 4)
454 3430 476 3477 1.
495 3422 533 3475 Io.
554 3427 578 3489 1,
593 3426 617 3475 8.

408 3560 421 3607 1
450 3554 574 3606 infirmus
601 3553 712 3621 Raoep
735 3555 814 3618 (309,
834 3556 885 3619 30;
912 3556 980 3618 33⁶,
998 3558 1051 3621 26;
1078 3559 1145 3623 425,
1164 3560 1208 3625 9);
1236 3557 1349 3611 infimus

336 3625 463 3692 AGopu
480 3626 490 3692 ΙΙ
508 3623 569 3691 ipse
583 3623 632 3677 Ro
651 3623 697 3688 (cf.
713 3626 841 3689 415,10;
859 3627 923 3688 418,
937 3627 998 3691 30);
1017 3625 1071 3679 iaie
1086 3626 1224 3696 Auem
1242 3644 1292 3683 om.
1308 3640 1324 3677 ·.
1340 3632 1349 3698 u

336 3702 353 3749 3
372 3694 526 3763 decipimus
545 3693 616 3746 Aah
635 3693 644 3759 ΙΙ
664 3697 696 3744 10
718 3691 953 3760 assurgemus
972 3711 1000 3760 υς
1024 3697 1058 3762 ef.
1078 3700 1206 3763 444,17,·
1228 3702 1289 3765 445,
1304 3703 1322 3753 o
1340 3702 1349 3769 ΙΙ

338 3771 370 3822 13
390 3766 437 3890 de1
443 3781 512 3865 oaef;
529 3777 610 3817 oneo
631 3764 640 3830 ΙΙ
660 3766 694 3814 27
712 3776 763 3828 per
781 3778 853 3829 quae
868 3762 1014 3832 Rp'oicit'
1031 3761 1093 3834 ὦν);
1113 3783 1163 3835 per
1179 3774 1279 3836 quse-u
1297 3786 1349 3838 per

337 3842 391 3907 que
442 3850 513 3906 091²
