3284 4459
312 488 320 506 ³
364 486 429 551 612
760 500 783 541 s.
797 498 961 542 annosum

364 638 458 717 mine,
487 634 566 714 quod
596 642 642 695 est
668 634 774 695 animal
802 634 942 696 rationale
970 642 1002 695 et
1028 652 1066 695 ex
1092 634 1149 694 boc
1172 636 1290 695 cunctis
1312 642 1374 695 ter-

363 726 444 786 renis
471 722 669 785 animantibus
697 722 889 785 excellentius
912 731 1000 801 atque
1023 724 1236 803 praestantius,
1263 720 1373 782 sedin

363 811 494 892 qualibet
515 813 713 872 minutissima
740 810 873 872 muscula
895 810 972 872 bene
995 810 1195 872 consideranti
1216 818 1372 889 stuporem

363 902 470 961 mentis
493 902 609 979 ingerat
630 898 806 978 laudemque
828 902 924 978 pariat
946 898 1104 960 Creatoris.

328 998 344 1047 ὁ
450 987 517 1067 lpse
535 990 634 1066 itaque
653 990 766 1049 animae
789 986 934 1048 hnmanae
952 996 1083 1048 mentem
1106 986 1196 1067 dedit,
1218 985 1271 1048 ubi
1295 990 1372 1048 ratio

363 1083 394 1136 et
415 1076 616 1155 intellegentia
637 1078 670 1136 in
692 1076 804 1137 infante
828 1078 923 1155 sopita
946 1084 993 1136 est
1015 1074 1143 1154 quodam
1165 1073 1261 1157 modo,
1286 1079 1373 1155 quasi

363 1162 443 1225 nulla
460 1167 508 1245 sit,
530 1164 682 1225 excitanda
701 1164 816 1225 scilieet
834 1171 922 1242 atque
940 1164 1087 1225 exerenda
1111 1165 1215 1224 aetatis
1238 1182 1373 1243 accessu,

363 1270 421 1331 qua
448 1255 487 1315 sit
513 1255 653 1314 scientiae
681 1269 772 1331 capax
800 1260 889 1331 atque
912 1252 1063 1313 doctrinae
1087 1261 1117 1312 et
1138 1250 1245 1312 babilis
1267 1270 1372 1331 perce·

332 1398 335 1405 ,
362 1343 457 1422 ptioni
478 1342 609 1402 veritatis
632 1348 663 1401 et
685 1343 794 1401 amoris
816 1339 900 1420 boni3
923 1359 981 1420 qua
1003 1341 1164 1419 capacitate
1186 1339 1303 1401 hauriat
1327 1358 1372 1400 sa-

312 1439 344 1488 to
361 1432 503 1510 pientiam
521 1427 739 1508 virtutibusque
758 1430 797 1489 sit
818 1428 960 1508 praedita,
983 1427 1092 1507 quibus
1114 1427 1289 1507 prudenter,
1312 1428 1372 1488 for-

364 1520 448 1600 titer,
479 1526 680 1596 temperanter
712 1524 742 1577 ct
773 1518 851 1578 iuste
883 1517 1025 1578 adversus
1057 1533 1176 1577 errores
1207 1524 1239 1577 et
1271 1526 1372 1577 cetera

362 1607 532 1685 ingenerata
560 1608 628 1666 vitia
656 1604 778 1665 dimicet
804 1623 899 1683 eaque
925 1604 1036 1666 nullius
1063 1606 1108 1665 rei
1135 1603 1284 1665 desiderio
1312 1606 1372 1665 nisi

362 1694 433 1754 boni
461 1692 540 1754 illius
574 1695 681 1753 summi
711 1701 799 1772 atque
829 1692 1011 1754 inmutabilis
1040 1694 1146 1753 vincat.
1197 1691 1283 1763 Quod
1314 1696 1372 1753 etsi

363 1800 423 1842 non
445 1781 540 1862 faciat,
562 1783 626 1860 ipsa
645 1780 746 1842 talium
764 1780 911 1842 bonorum
929 1783 1074 1860 capacitas
1097 1784 1128 1842 in
1151 1788 1256 1841 natura
1280 1784 1370 1842 ratio-

312 1880 344 1928 15
363 1868 421 1929 nali
448 1868 587 1929 divinitus
614 1871 751 1929 instituta
781 1878 924 1948 quantum
951 1871 990 1931 sit
1012 1868 1096 1949 boni,
1124 1886 1212 1948 qnam
1235 1868 1371 1931 mirabile

364 1955 581 2035 Omnipotentis
604 1975 695 2036 opus,
718 1959 786 2034 quis
809 1966 1014 2036 competenter
1036 1958 1143 2018 effatur
1165 1966 1216 2019 aut
1239 1953 1372 2035 cogitat?

362 2044 484 2105 Praeter
511 2047 589 2105 enim
617 2053 696 2105 artes
723 2044 799 2106 bene
828 2045 943 2106 vivendi
971 2055 1002 2107 et
1028 2045 1064 2107 ad
1093 2044 1281 2106 inmortalem
1302 2064 1371 2124 per·

362 2131 498 2194 veniendi
528 2132 712 2211 felicitatem,
743 2151 818 2211 quae
845 2136 970 2195 virtutes
997 2142 1140 2194 vocantur
1166 2142 1198 2194 et
1225 2133 1288 2194 sola
1316 2132 1371 2193 Dei

362 2223 471 2301 gratia,
503 2239 578 2300 quae
605 2223 636 2281 in
665 2219 782 2281 Christo
810 2228 872 2302 est,
901 2221 969 2281 liliis
996 2223 1201 2300 promissionis
1224 2224 1370 2301 regnique

309 2321 344 2369 eo
362 2310 518 2389 donantur,
541 2326 639 2369 nonne
656 2307 785 2370 humano
807 2312 926 2389 ingenio
948 2318 994 2370 tot
1015 2318 1174 2389 tantaeque
1196 2318 1277 2370 artes
1300 2319 1371 2371 sunt

362 2400 498 2459 inventae
521 2404 551 2457 et
574 2398 734 2477 exercitae,
765 2399 873 2475 partim
895 2400 1079 2459 necessariae
1106 2399 1215 2477 partim
1237 2398 1370 2478 volupta-

362 2488 439 2565 riae,
472 2492 505 2546 ut
533 2493 592 2545 tam
620 2483 767 2545 excellens
795 2487 840 2545 vis
865 2488 974 2547 mentis
1000 2491 1090 2566 atque
1117 2488 1240 2547 rationis
1268 2488 1299 2548 in
1322 2487 1371 2547 bis

363 2576 449 2635 etiam
473 2572 577 2652 rebus,
601 2590 673 2652 quas
697 2573 876 2654 superfluas,
899 2576 988 2634 immo
1012 2582 1043 2634 et
1065 2574 1247 2654 periculosas
1270 2577 1370 2654 perni-
1457 2651 1458 2654 Ἴ

363 2664 517 2740 oiosasque
536 2663 657 2741 appetit,
679 2669 822 2740 quantum
840 2661 951 2722 bonum
970 2661 1076 2724 habeat
1098 2665 1130 2722 in
1152 2671 1266 2743 natura,
1289 2664 1370 2723 unde

309 2762 343 2811 15
362 2752 418 2809 ista
435 2751 533 2828 potuit
550 2749 596 2809 vel
613 2751 746 2811 invenire
770 2749 816 2810 vel
839 2749 954 2811 discere
977 2750 1021 2810 vel
1045 2769 1195 2832 exercere,
1218 2748 1370 2812 testetur?

361 2834 611 2897 vestimentorum
638 2847 667 2897 et
695 2837 896 2899 aedificiorum
924 2838 960 2898 ad
990 2857 1080 2917 opera
1103 2857 1192 2919 quam
1214 2838 1369 2919 mirabilia,

363 2942 450 3003 quam
469 2920 617 3002 stupenda
632 2924 776 2987 industria
799 2924 926 2986 humana
948 2930 1131 3007 pervenerit3
1155 2946 1214 3007 quo
1236 2930 1268 2987 in
1291 2929 1367 3006 agri-

318 3074 320 3079 ,
362 3012 486 3092 cultura,
509 3030 569 3091 quo
587 3016 618 3071 in
637 3015 819 3090 navigatione
837 3014 1011 3095 profecerit,
1032 3018 1157 3093 quaein
1176 3014 1369 3076 fabricatione

362 3116 547 3180 quorumque
578 3118 714 3161 vasorum
741 3101 787 3162 vel
816 3104 904 3163 etiam
932 3111 1096 3166 statuarum
1124 3111 1155 3164 et
1182 3106 1369 3183 picturarum

309 3202 343 3250 30
362 3190 500 3249 varietate
520 3190 728 3267 excogitaverit
746 3196 776 3249 et
794 3189 972 3271 impleverim
995 3210 1070 3269 quae
1088 3194 1119 3253 in
1138 3190 1261 3253 theatris
1280 3194 1368 3253 mira-

360 3275 430 3337 bilia
453 3276 670 3357 spectantibus,
692 3276 880 3339 audientibus
902 3278 1087 3340 incredibilia
1109 3280 1242 3340 faoienda
1264 3287 1296 3340 et
1318 3299 1368 3341 ex·

361 3363 486 3428 hibenda
515 3364 613 3425 molita
642 3367 692 3445 sit3
721 3367 752 3425 in
780 3367 930 3444 capiendis
952 3367 1123 3428 occidendis
1145 3367 1299 3429 domandis
1322 3371 1368 3429 in.-

360 3452 552 3513 ratioualibus
579 3452 776 3513 animantibus
803 3472 878 3532 quae
908 3462 939 3515 et
967 3464 1076 3533 quanta
1104 3458 1287 3535 reppererit3
1319 3461 1369 3517 ad·

373 3689 378 3701 .
428 3625 442 3672 ‘1
457 3621 849 3746 exerende(exser.)1laepo;
864 3628 1156 3700 exercendeAGobp
1168 3632 1178 3698 d
1191 3636 1225 3684 21
1239 3626 1375 3702 uolupta-

356 3690 558 3770 nnchtbgn
587 3695 665 3758 (613,
688 3696 731 3759 4);
757 3696 867 3775 pounb.
896 3698 1021 3769 RAaep
1042 3701 1053 3769 ΙΙ
1076 3705 1109 3755 31
1138 3703 1246 3771 expeob
1269 3701 1376 3767 Raro,-

357 3760 391 3823 cf„
407 3760 454 3821 leb,
467 3765 501 3814 11
516 3778 538 3815 c.
553 3766 589 3815 16
602 3768 668 3816 extr.
683 3766 739 3831 1131
754 3766 1002 3822 amationabilibue
1016 3786 1085 3836 mem
1102 3772 1149 3826 aed
1162 3772 1198 3838 cf.
1213 3776 1276 3840 613,
1290 3777 1373 3844 Mag.
