3284 4459
334 476 396 541 158
733 490 755 532 s.
769 490 951 544 scansam

332 628 551 705 comparatione
584 625 781 686 multitudinis
812 627 971 705 impiorum
1002 624 1136 704 prolecto
1168 627 1199 686 in
1237 627 1345 705 paucis

332 723 390 794 est3
414 718 546 793 quamvis
568 722 599 776 et
620 716 678 794 ipsi
699 717 786 792 pauci
809 713 918 775 laniant
939 712 1184 774 innumerabilem
1207 713 1342 775 multitu-

331 801 429 863 dinem
460 820 557 884 suam,
576 821 664 882 .quae
694 803 856 881 significata
886 810 933 863 est
965 801 1129 878 secundum
1144 801 1343 884 ,hyperbolen

330 909 385 971 per
407 891 548 952 harenam
570 898 675 953 terrae.
723 889 798 950 Sane
822 892 878 950 ista
900 889 1072 971 multitudo,
1095 908 1170 968 quae
1193 893 1342 970 promitti·

296 987 382 1040 ntur
404 978 550 1060 Abrabae,
577 997 636 1040 non
660 978 721 1039 lleo
749 987 795 1039 est
817 977 1057 1058 innumerabilis,
1080 977 1132 1038 sed
1155 978 1343 1060 hominibus,

331 1066 392 1128 Deo
414 1076 513 1130 autem
536 1086 591 1130 nec
613 1066 724 1128 harena
745 1075 852 1127 terrae.
897 1066 1025 1126 Proinde
1049 1068 1117 1144 quia
1141 1084 1206 1126 non¹
1224 1074 1343 1128 tantum

331 1173 404 1235 gens
421 1155 591 1237 lsraelitica,
614 1154 666 1216 sed
685 1157 857 1216 universum
881 1171 981 1215 semen
1001 1152 1143 1235 Abrabae,
1167 1153 1218 1216 ubi
1241 1163 1287 1215 est
1311 1165 1344 1216 et

331 1246 487 1324 promissio
512 1262 571 1304 non
594 1243 758 1305 secundum
781 1259 916 1323 carnem,
939 1241 990 1302 sed
1014 1242 1178 1303 secundum
1202 1245 1344 1322 spiritum

330 1331 460 1411 plurium
487 1331 630 1412 illiorum,
658 1333 871 1410 congruentius
897 1330 1024 1391 harenae
1056 1330 1237 1392 multitudini
1260 1349 1352 1392 com-¹.

279 1434 312 1482 10
330 1430 466 1500 paratur:
487 1429 587 1499 potest
604 1420 652 1480 bic
671 1418 801 1498 intellegi
825 1421 981 1497 utriusque
1004 1421 1049 1480 rei
1072 1420 1148 1481 lacta
1171 1421 1342 1498 promissio.

331 1508 390 1569 Sed
412 1509 479 1569 ideo
501 1507 642 1588 diximus,
670 1507 748 1586 quod
778 1525 838 1567 non
861 1506 1014 1568 evidenter
1037 1517 1188 1588 appareat,
1216 1510 1284 1586 qula
1309 1518 1342 1568 et

329 1596 410 1657 illius
428 1599 525 1675 gentis
543 1598 632 1657 unius
651 1594 818 1675 multitudo,
842 1613 917 1674 quae
940 1595 1104 1656 secundum
1128 1613 1248 1656 carnem
1271 1605 1343 1657 nata

330 1692 376 1745 est
399 1702 435 1744 ex
458 1683 603 1744 Abraham
625 1702 680 1764 per
704 1686 768 1745 eius
791 1693 930 1763 nepotem
952 1683 1053 1764 laoob,
1082 1686 1113 1744 in
1137 1692 1251 1745 tantum
1274 1701 1344 1745 cre*

330 1775 385 1854 vlt,
415 1779 450 1832 ut
481 1785 574 1852 paene
606 1790 708 1833 omnes
741 1781 841 1851 partes
872 1771 953 1832 orbis
985 1772 1157 1851 impleverit.
1203 1771 1241 1832 Et
1270 1772 1342 1833 ideo

280 1874 311 1922 15
330 1862 427 1940 potuit
455 1870 486 1922 et
513 1863 576 1940 ipsa
604 1860 768 1923 secundum
795 1859 977 1940 hyperbolen
1005 1860 1131 1922 harenae
1155 1860 1353 1922 multitudini.

330 1951 508 2030 comparari,
530 1951 599 2028 quia
622 1958 653 2011 et
674 1949 747 2010 baec
770 1948 831 2010 sola
853 1951 1008 2009 innumera
1032 1959 1078 2010 est
1100 1947 1219 2010 bomini.
1266 1948 1341 2009 Ter·

330 2055 393 2097 ram
425 2046 506 2098 certe
538 2036 616 2098 illam
649 2036 741 2098 solam
773 2038 979 2117 significatam,
1011 2055 1085 2115 quae
1118 2037 1261 2116 appellata
1291 2048 1344 2099 est

331 2124 476 2207 Chanaan,
498 2125 620 2206 ambigit
637 2142 733 2186 nemo.
779 2124 838 2186 Sed
857 2125 936 2203 quod
954 2125 1065 2186 dictum
1085 2134 1143 2188 est:
1170 2125 1236 2186 Tibi
1257 2127 1342 2188 dabo

330 2231 397 2276 eom
428 2221 459 2275 et
485 2216 594 2276 semini
624 2221 675 2275 tuo
706 2230 801 2288 usqae
831 2216 863 2274 in
893 2216 1060 2288 saeculum,
1089 2222 1188 2293 potest
1217 2231 1344 2275 movere

277 2316 312 2363 20
331 2301 496 2383 nonnullos,
519 2304 545 2363 si
562 2301 658 2378 usqae
675 2305 708 2362 in
724 2305 880 2363 saeculam
897 2300 1070 2380 intellegant
1087 2303 1137 2382 „in
1156 2297 1341 2364 aeternum“.

331 2390 363 2452 Si
385 2401 483 2452 autem
505 2395 660 2452 saeculam
683 2390 739 2451 boc
762 2389 827 2450 loco
851 2391 894 2450 sic
917 2391 1075 2470 accipiant,
1104 2407 1191 2468 quem
1215 2390 1250 2450 ad
1273 2407 1342 2450 ruo-¹

329 2479 399 2539 drrm
422 2478 549 2540 fideliter
571 2486 713 2540 tenemus
740 2479 858 2538 initium
880 2477 974 2538 futuri
998 2477 1108 2539 saeculi
1130 2496 1147 2538 a
1169 2478 1227 2538 dne
1251 2495 1339 2558 prae·
1380 2523 1381 2526 ,

330 2570 423 2628 sentis
450 2566 556 2647 ordiri,
588 2566 661 2626 nibil
687 2583 741 2627 eos
768 2565 911 2645 movebit3
934 2567 1016 2646 quia,
1044 2568 1100 2626 etsi
1128 2565 1243 2645 expulsi
1267 2577 1341 2628 sunt

328 2654 477 2716 lsraelitae
499 2654 536 2715 de
559 2651 784 2736 Hierosolymis,
807 2661 928 2714 manent
950 2661 1048 2714 umen
1071 2655 1102 2714 in
1125 2653 1189 2715 aliis
1212 2656 1339 2716 civitati-

277 2753 310 2803 ·25
329 2742 386 2803 bus
404 2751 501 2803 terrae
520 2741 666 2824 Chanaan,
689 2750 719 2803 et
737 2759 832 2820 usque
854 2743 886 2803 in
909 2741 998 2802 finem
1020 2740 1195 2822 manebunt3
1218 2751 1249 2803 et
1270 2746 1339 2803 nni-

328 2848 413 2891 versa
430 2839 511 2891 terra
528 2830 577 2890 illa
595 2848 663 2891 cum
681 2849 698 2890 a
717 2829 892 2891 Christianis
914 2829 1103 2912 inhabitatur,
1126 2832 1214 2890 etiam
1237 2832 1340 2909 ipsum

329 2936 431 2979 semen
454 2926 501 2979 est
522 2917 663 2979 Abrabae.

714 3106 832 3174 (larua
851 3107 956 3173 XXII.

329 3217 375 3279 De
396 3221 548 3293 superatis
571 3218 610 3278 ab
633 3219 788 3279 Abrabam
815 3219 949 3280 hostibus
972 3219 1184 3294 Sodomorum,
1212 3220 1339 3294 quando

275 3317 310 3367 30
396 3313 426 3367 et
447 3305 522 3366 Lotb
547 3307 585 3367 de
607 3309 783 3382 captivitate
806 3309 927 3382 eripuit,
950 3313 981 3367 et
1002 3324 1021 3365 a
1045 3305 1269 3369 Melchisedech

615 3395 774 3456 sacerdote
797 3395 972 3456 benedictas
995 3401 1045 3455 est.

418 3499 481 3560 lloc
513 3516 655 3579 responso
689 3500 894 3579 promissionis
924 3509 1045 3579 accepto
1080 3501 1215 3580 migravit
1244 3501 1337 3562 Abra·

329 3587 396 3648 barn
424 3594 455 3648 et
481 3589 589 3648 mansit
615 3589 647 3647 in
675 3587 730 3647 alio
759 3588 892 3648 eiusdem
915 3597 1012 3648 terrae
1035 3587 1113 3664 loco,
1140 3590 1221 3651 iuxta
1246 3608 1332 3669 quer·

330 3697 371 3705 —-
402 3698 542 3705 -——--—

403 3740 436 3789 18
451 3735 527 3804 quod
539 3752 589 3790 om.
598 3731 652 3805 'Vll
665 3741 697 3790 21
713 3753 784 3792 saec.
799 3739 1031 3812 VRFG'aabeffl
1046 3741 1075 3795 in
1086 3757 1156 3797 saec.
1167 3743 1342 3816 poHoffm.t

331 3810 366 3861 30
385 3806 432 3876 de]
451 3806 542 3877 alt'lg
559 3809 568 3876 ll
587 3811 620 3859 33
640 3807 719 3860 iuxta
739 3810 832 3875 Μὴ
851 3810 881 3863 id
900 3812 942 3864 est
960 3811 1038 3865 iuxta
1058 3813 1293 3884 RFGolr²egpo
