3284 4459
347 479 412 543 468
757 492 778 532 e.
792 491 956 533 nodosum

348 648 466 709 quoque
489 627 613 706 apostoli
635 627 730 707 Petri,
759 626 809 687 ubi
836 644 911 706 aqua
937 626 1098 687 inundatus
1121 630 1173 705 qui
1195 637 1268 688 tune
1292 637 1358 689 erat
1465 644 1466 707 l

346 720 461 797 perisse
483 717 580 777 dietus
603 725 649 775 est
666 716 803 789 mundus,
827 718 897 775 satis
921 715 1032 776 olorum
1056 724 1112 796 est,
1134 724 1165 775 et
1187 734 1262 794 quae
1285 735 1357 795 pars

347 806 450 865 mundi
472 822 490 865 a
511 813 573 865 toto
597 805 773 884 significato,
795 812 827 863 et
849 811 995 881 quotenus
1017 806 1131 882 perisse
1154 806 1194 864 sit
1216 804 1302 885 dieto,
1326 814 1358 865 et

347 896 398 972 qui
422 893 495 953 eoeli
518 895 641 971 repositi
668 894 730 972 igni
756 892 927 952 reservandi
954 895 985 953 in
1008 891 1087 952 diem
1111 891 1213 953 iudioii
1236 901 1266 953 et
1287 912 1357 971 per-

312 980 467 1042 5ditionis
494 981 647 1041 hominum
673 982 846 1060 impiorum3
878 988 908 1040 et
941 982 972 1040 in
1001 998 1036 1039 eo
1065 980 1144 1058 quod
1172 980 1259 1060 paulo
1286 990 1358 1060 post
1465 958 1466 1011 ³

347 1072 401 1130 ait:
430 1070 534 1131 Veniet
556 1072 620 1131 dies
643 1070 765 1131 Domini
784 1076 819 1129 nt
838 1067 907 1143 sur,
931 1071 1044 1143 inquo
1067 1072 1148 1129 coeli
1168 1086 1278 1144 maeno
1301 1073 1357 1131 im·

344 1166 418 1235 peto
440 1165 667 1232 transcurrent,
695 1161 840 1217 elementa
869 1163 969 1217 autern
992 1159 1136 1218 ardentio
1157 1162 1359 1239 resolventur,
1465 1200 1466 1237 ;

347 1255 378 1308 et
394 1253 482 1308 terro
499 1254 530 1307 et
546 1264 626 1321 quoe
644 1249 675 1307 in
694 1250 761 1321 ipso
779 1252 849 1306 sunt
867 1262 961 1321 opero
980 1253 1168 1317 exurentem
1190 1264 1226 1306 oo
1248 1246 1358 1307 deinde
1465 1296 1466 1313 n

348 1333 487 1395 subiecit:
524 1336 579 1395 His
611 1336 747 1395 omnibns
776 1335 973 1409 pereuntibus
1007 1336 1111 1407 quoles
1143 1341 1261 1409 oportet
1292 1353 1360 1396 esse

296 1434 329 1483 ιο
347 1426 419 1483 nos?
441 1431 567 1502 possunt
584 1422 627 1482 illi
645 1421 719 1482 coeli
736 1420 868 1499 intellegi
890 1424 1025 1501 perituri,
1048 1440 1122 1500 quos
1146 1422 1220 1482 dixit
1242 1426 1358 1502 reposi-
1465 1434 1466 1469 l

347 1520 394 1571 tos
416 1514 478 1589 igni
500 1511 707 1589 reservandos,
737 1518 768 1570 et
790 1528 825 1569 ea
848 1509 993 1570 elementa
1016 1512 1110 1588 accipi
1133 1528 1250 1589 arsrrra,
1279 1530 1358 1590 quoe

347 1601 378 1658 in
410 1598 464 1659 hoo
496 1602 553 1658 ime
585 1598 688 1659 mundi
720 1606 803 1677 porte
836 1596 1002 1658 subsistunt
1033 1598 1198 1677 procellosa
1230 1607 1261 1660 et
1292 1608 1357 1659 tur-

347 1686 479 1766 bulente,
501 1688 533 1745 in
556 1704 613 1763 qua
636 1686 756 1746 eosdem
779 1686 876 1746 coelos
898 1685 972 1746 dixit
994 1704 1060 1746 esse
1083 1689 1244 1767 repositos,
1267 1687 1357 1748 solvis

346 1774 404 1834 illis
423 1774 628 1853 superioribus
646 1783 676 1834 et
693 1776 724 1834 in
744 1792 797 1834 sua
815 1777 984 1853 integritate
1008 1774 1204 1855 manentibus,
1227 1778 1258 1835 in
1281 1794 1357 1854 quo·

296 1873 328 1922 15
349 1880 414 1922 rum
433 1862 617 1922 firmamento
636 1871 707 1923 stunt
725 1862 821 1922 sidero
841 1865 1007 1924 constitute.
1044 1862 1117 1923 Nam
1136 1872 1166 1923 et
1183 1863 1256 1923 illud
1275 1864 1357 1941 qtrod

347 1952 492 2029 seriptum
515 1959 573 2030 est,
601 1950 701 2011 stelles
724 1950 760 2011 de
783 1950 864 2011 eaelo
887 1969 953 2011 esse
977 1968 1110 2031 castoras,
1133 1952 1357 2030 praeterquod

347 2046 446 2117 potest
468 2038 560 2099 multo
579 2038 760 2117 probabilius
784 2047 814 2098 et
837 2038 921 2099 aliter
943 2039 1084 2119 intellegi,
1108 2042 1201 2119 nugis
1223 2040 1356 2101 ostendit

347 2144 503 2187 mansuros
526 2145 592 2187 esse
621 2127 688 2187 illos
711 2126 819 2207 coelos,
847 2129 873 2186 si
894 2136 994 2187 tamen
1017 2127 1116 2187 stellae
1140 2128 1208 2187 inde
1232 2146 1356 2189 casinae

348 2224 430 2295 suut3
462 2233 530 2276 eum
558 2215 604 2275 vel
630 2218 744 2294 tropice
772 2218 810 2275 sit
837 2214 960 2294 locutio,
992 2216 1071 2293 qrrod
1100 2224 1145 2275 est
1175 2216 1357 2297 credibilius,

294 2314 329 2363 20
347 2303 392 2363 vel
415 2306 446 2364 in
464 2306 521 2363 isto
540 2307 599 2363 inno
618 2303 698 2363 eaelo
722 2304 857 2364 futurum
880 2306 927 2381 sit,
951 2306 1053 2382 utique
1077 2304 1241 2365 mirabilius
1265 2323 1355 2383 quarn

347 2410 427 2453 nune
449 2393 492 2452 fit.
536 2391 618 2451 Unde
642 2400 673 2452 et
694 2391 743 2451 illa
766 2391 849 2451 stella
872 2390 1036 2469 Vergiliana

434 2516 531 2575 facem
553 2517 662 2576 ducens
685 2517 781 2576 mulin
803 2535 871 2575 eum
893 2517 959 2576 luee
982 2518 1124 2593 cucurrit,

347 2646 379 2698 et
404 2637 490 2697 idaea
516 2656 548 2698 se
576 2639 707 2699 condidit
734 2639 813 2699 silva.
859 2638 921 2699 Hoc
950 2646 1048 2698 autem
1079 2640 1157 2717 quod
1180 2640 1217 2701 de
1240 2642 1355 2721 psalmo

349 2729 588 2805 commemoravi,
615 2726 729 2787 nullum
756 2726 904 2787 caelorum
928 2727 1044 2787 videtur
1067 2727 1252 2811 relinquere,
1274 2733 1355 2809 quod

296 2825 331 2872 25
348 2815 515 2891 periturum
544 2832 610 2875 esse
639 2833 698 2874 non
731 2816 847 2876 dixerit.
898 2814 955 2875 Ubi
985 2817 1063 2875 enim
1084 2815 1217 2879 dieitur:
1253 2820 1356 2895 Opera

348 2918 492 2961 monnmn
516 2908 638 2962 tuorum
660 2911 731 2964 sunt
753 2906 845 2977 coeli,
872 2906 931 2979 ipsi
948 2905 1106 2979 peribunt,
1131 2924 1218 2984 quarn
1241 2908 1356 2971 nullum

349 3006 453 3049 eorum
476 2987 512 3048 ab
535 3007 625 3067 opere
648 2989 710 3071 Dei,
733 3000 791 3051 tam
817 2990 930 3051 nullum
954 3009 1058 3051 eorum
1080 3010 1096 3052 a
1119 2994 1285 3072 perditione
1309 3015 1355 3057 se·

349 3079 490 3137 cernitur.
536 3077 601 3137 Non
630 3080 709 3138 enim
736 3079 935 3157 dignabuntur
963 3079 999 3139 de
1022 3078 1102 3139 Petri
1127 3083 1251 3160 apostoli
1273 3083 1355 3146 loeu-

350 3167 445 3246 tioue,
472 3183 560 3243 quem
587 3165 778 3227 vehementer
800 3167 942 3247 oderunt,
968 3165 1171 3230 Hebraeorum
1195 3170 1355 3235 defendere

296 3267 330 3313 30
348 3255 497 3334 pietatem,
519 3254 644 3314 deorum
666 3273 789 3315 suorum
812 3254 940 3315 oraculis
963 3254 1162 3337 adprobatam,
1186 3268 1219 3319 ut
1242 3260 1355 3341 saltem,

349 3358 388 3402 ue
410 3349 491 3402 totus
514 3341 643 3403 muudus
659 3344 812 3422 periturus
836 3361 901 3403 esse
925 3342 1072 3418 credatur,
1095 3347 1138 3405 sie
1161 3363 1178 3406 a
1200 3357 1262 3408 toto
1284 3368 1355 3428 pars

418 3468 444 3533 o)
468 3472 491 3519 2.
515 3465 588 3519 Petr.
613 3470 642 3531 3,
662 3471 725 3534 deq.
786 3466 892 3537 1o)1b.
916 3486 940 3523 v.
966 3473 1049 3538 10sq.
1106 3471 1223 3540 1e)Mt.
1249 3478 1358 3539 24,no.

347 3538 391 3605 22)
410 3536 492 3605 Verg.
511 3536 579 3589 Aen.
600 3542 624 3602 2,
640 3542 698 3589 694.

419 3681 450 3728 11
471 3690 505 3729 ea
523 3674 556 3728 el.
577 3690 633 3728 aee.
654 3692 706 3728 ars.
722 3677 806 3743 Rnrn
825 3693 859 3731 eo
878 3694 927 3732 orn.
943 3681 1100 3751 AGbe9p3
1120 3698 1155 3735 eo
1173 3698 1225 3737 ors.
1246 3700 1302 3737 aee.
1323 3685 1359 3740 el.

346 3749 386 3801 ed.
403 3747 492 3813 prino.
511 3746 521 3813 Ι)
539 3751 571 3797 21
592 3745 675 3799 stella
692 3762 769 3815 uerg.
788 3764 853 3814 neon
874 3748 949 3819 Virg.
971 3750 1053 3804 stella
1072 3770 1088 3807 u
1106 3755 1115 3822 Ι)
1133 3758 1167 3806 29
1187 3771 1272 3822 quum
1290 3756 1318 3809 A
