3284 4459
567 510 763 551 oaorvrrnru
776 510 869 550 omn.
883 510 933 551 xx.
947 510 1003 551 cs.
1222 493 1287 557 417

281 655 338 725 est,
361 648 511 724 pertinere
529 662 693 724 possemus.
738 644 781 703 dd
800 644 876 705 hauc
894 646 973 705 enim
991 646 1115 723 primam
1139 662 1198 704 non
1222 663 1287 723 per-

282 737 395 813 tinent,
427 735 486 794 nisi
512 735 563 811 qui
591 732 669 793 beati
697 743 785 792 erum
812 734 843 791 in
870 742 1042 811 aeternum3
1069 731 1106 792 ad
1129 732 1289 793 secundam

281 841 367 901 vero,
397 822 433 883 de
457 840 515 900 qua
538 839 604 881 mox
629 820 783 881 locuturus
806 829 865 899 est,
887 830 917 881 et
940 820 1041 881 beatos
1064 822 1214 899 pertinere
1237 820 1288 879 do·

282 910 363 971 cebit
386 919 416 971 et
434 912 567 970 miseros.
602 908 662 970 lsta
684 919 730 970 est
753 908 980 987 misericordiae,
1003 908 1052 969 iila
1075 908 1185 969 iudicii.
1217 908 1288 968 Pro·

282 1007 351 1077 pter
372 997 452 1077 quod
475 1001 505 1058 in
534 997 645 1077 psalmo
669 1000 813 1076 scriptum
836 1006 895 1058 est:
922 998 1170 1059 Misericordiam
1192 1005 1222 1058 et
1244 1001 1324 1058 iun

282 1090 397 1148 dicium
419 1088 550 1148 cantabo
572 1088 635 1158 titi,
659 1087 792 1147 Domine.

372 1174 414 1235 iio
442 1192 500 1253 quo
528 1175 636 1235 iudicio
667 1181 885 1252 consequenter
908 1173 1041 1234 adiunxit
1063 1182 1151 1252 atque
1175 1176 1228 1234 ait:
1251 1175 1292 1234 Et

280 1271 458 1341 potestatem
485 1265 570 1324 dedit
596 1266 627 1324 ei
651 1265 797 1323 iudicium
818 1261 941 1337 faeere,
965 1266 1037 1337 quia
1057 1266 1141 1335 fitius
1163 1264 1291 1323 nominis

284 1359 338 1413 est.
382 1351 437 1411 Hic
464 1350 609 1428 ostendit,
638 1350 717 1429 quod
746 1352 776 1410 in
805 1369 841 1410 ea
864 1369 951 1411 carne
975 1352 1074 1411 veniet
1095 1350 1289 1425 iudicaturus,

284 1443 315 1499 in
343 1458 400 1519 qua
429 1449 548 1499 venerat
574 1438 757 1499 iudicandus.
802 1438 844 1498 nd
872 1439 928 1499 hoc
956 1440 1111 1500 enimait:
1144 1440 1290 1512 Quoniam
1310 1452 1343 1499 10

281 1532 367 1601 filius
395 1531 524 1589 nominis
551 1535 602 1589 est.
648 1531 689 1587 Ac
716 1527 822 1587 deinde
850 1526 1033 1605 subiungens
1062 1527 1141 1588 unde
1165 1529 1290 1605 agimus:

285 1618 392 1691 Nolite,
409 1619 516 1695 iuquit,
533 1619 645 1677 mirmi
656 1619 722 1690 trac,
739 1619 812 1691 auia
831 1620 931 1677 veniet
947 1618 1034 1694 nora,
1053 1619 1084 1677 in
1102 1633 1164 1691 aua
1182 1632 1291 1694 omnes,

284 1708 340 1781 aui
356 1708 388 1764 in
405 1706 602 1767 monumentis
619 1712 698 1779 sunt,
721 1707 848 1765 audient
863 1721 966 1765 rocem
984 1707 1049 1765 eius
1067 1712 1098 1765 et
1115 1706 1291 1780 procedent,

285 1797 341 1869 aui
371 1795 451 1855 tona
477 1792 632 1868 secuunt,
664 1796 696 1852 in
725 1796 980 1854 resurrectionem
1008 1796 1107 1864 aitae;
1137 1796 1192 1869 qui
1220 1809 1291 1853 aero

286 1886 368 1942 maia
396 1889 535 1955 eperunt,
563 1884 595 1941 in
621 1884 877 1942 resurrectionem
904 1883 1020 1941 iudicii.
1066 1879 1128 1941 Hoc
1151 1890 1198 1942 est
1220 1880 1291 1941 iilud
1312 1892 1344 1941 15

287 1970 445 2048 iudicium,
472 1969 551 2048 quod
574 1968 660 2048 paulo
688 1977 771 2046 aute,
803 1971 880 2029 sicut
902 1986 998 2047 nunc,
1027 1985 1082 2047 pro
1105 1968 1291 2029 damnatione

287 2066 427 2137 posuerat
453 2057 574 2119 dicens:
606 2059 665 2130 Qui
692 2059 815 2118 amium
842 2074 939 2117 meum
965 2058 1054 2117 audit
1081 2065 1111 2118 et
1141 2060 1242 2118 credit
1264 2060 1294 2118 ei

287 2149 342 2222 qui
363 2150 443 2207 misit
463 2164 523 2218 me,
550 2148 641 2207 tabet
662 2149 754 2205 uitam
776 2152 933 2206 aeternam
956 2152 986 2205 et
1007 2148 1040 2205 in
1063 2147 1209 2207 iudicium
1232 2162 1291 2206 non

288 2238 381 2314 uenit,
409 2236 463 2295 sed
489 2238 611 2295 transiit
637 2252 657 2293 a
679 2241 775 2294 morte
798 2236 829 2293 in
851 2236 956 2311 attam,
980 2232 1009 2292 id
1033 2242 1093 2312 est,
1116 2232 1292 2311 pertinendo

289 2324 325 2383 ad
352 2325 476 2402 primam
504 2324 770 2399 resurrectionem,
800 2339 857 2399 qua
885 2339 964 2381 ntrnc
992 2323 1135 2381 transitur
1158 2338 1174 2379 a
1197 2329 1347 2381 morteto

288 2412 324 2472 ad
355 2414 459 2490 vitam,
487 2413 519 2470 in
542 2410 759 2470 damnationem
788 2428 848 2470 non
871 2411 981 2488 veniet,
1011 2426 1099 2487 quam
1121 2408 1294 2485 significarit

289 2498 483 2578 appellatione
512 2499 629 2577 iudicii,
660 2500 738 2559 sicut
764 2500 853 2557 etiam
880 2497 936 2557 hoc
963 2496 1045 2576 loco,
1072 2495 1199 2557 abiait:
1237 2497 1296 2567 Qui

287 2581 404 2663 (uero)
417 2588 499 2643 maia
513 2591 651 2659 eperunt,
665 2587 697 2644 in
711 2588 967 2645 resurrectionem
980 2586 1099 2659 iudicii,
1112 2582 1144 2643 id
1158 2590 1204 2643 ost
1215 2583 1294 2643 dam-

293 2674 427 2732 nationis.
472 2670 619 2750 Resurget
644 2690 716 2750 orgo
746 2674 777 2731 in
804 2674 898 2751 prima
905 2718 914 2750 ,
942 2672 994 2750 qui
1020 2689 1079 2732 non
1108 2671 1169 2732 vuit
1196 2675 1227 2732 in
1250 2689 1295 2731 se-

292 2758 388 2819 cunda
410 2762 630 2821 resurrectione
652 2759 792 2820 damnari.
846 2760 932 2820 Venit
952 2762 1031 2819 enim
1053 2762 1140 2834 hora,
1163 2767 1194 2821 et
1214 2778 1297 2821 nunc
1315 2774 1349 2821 at

291 2856 352 2922 est,
383 2850 505 2922 quando
541 2852 654 2909 mortui
689 2851 816 2909 audient
850 2865 951 2908 nocem
985 2851 1045 2921 iiiii
1075 2850 1147 2923 nei,
1184 2856 1215 2910 et
1244 2851 1299 2924 qui

293 2939 460 3010 audierint,
493 2939 604 3009 uiuent,
636 2936 666 2995 id
694 2946 753 3014 est,
784 2938 815 2996 in
844 2936 1059 2996 damnationem
1088 2955 1147 2997 non
1171 2939 1297 3015 venient,

293 3042 368 3102 quae
392 3024 520 3085 secunda
539 3042 619 3083 mors
642 3024 763 3103 dicitur,
787 3027 818 3083 in
842 3042 929 3101 quam
953 3032 1079 3084 mortem
1102 3035 1169 3103 post
1192 3042 1296 3085 secun·

292 3112 368 3192 dam,
392 3130 466 3191 quac
486 3130 644 3190 corporum
663 3112 763 3172 futura
781 3120 836 3191 est,
854 3115 1104 3172 resurrectionem
1122 3114 1295 3191 praecipita·

292 3199 413 3279 buntur,
437 3203 488 3278 qui
505 3202 537 3259 in
556 3201 660 3278 prima,
683 3217 758 3277 quae
780 3202 945 3259 animarum
968 3208 1022 3281 est,
1044 3218 1103 3259 non
1127 3210 1298 3277 resurgunt.
1316 3215 1350 3262 3ο

299 3288 406 3349 Veniet
432 3291 512 3349 enim
541 3290 619 3348 tora
646 3282 712 3365 (ubi
739 3306 798 3347 non
826 3290 879 3348 ait:
907 3288 948 3347 Et
973 3305 1055 3348 nunc
1082 3295 1143 3362 est,
1175 3290 1244 3365 quia
1267 3290 1297 3346 in

290 3482 335 3548 27)
352 3407 451 3533 Iuppi}
472 3412 571 3474 100,1.
631 3407 715 3476 a)10.
734 3414 816 3475 sen
875 3408 976 3478 15)1b.
997 3413 1081 3477 aasq.
1138 3410 1181 3475 19)
1199 3408 1239 3462 tb.
1260 3416 1303 3463 ae.

362 3642 377 3689 1
391 3653 536 3706 possemus
548 3637 716 3704 RAanm
730 3638 869 3708 possimus
883 3655 967 3721 appa
979 3640 989 3707 d
1004 3643 1037 3692 19
1050 3637 1304 3708 nentium-ram>

290 3710 452 3776 (415‚1a);
480 3708 577 3763 ueniet
602 3707 773 3781 R’Aepaid
793 3712 803 3780 d
824 3711 939 3763 transui
961 3709 1058 3780 R¹9¹u
1083 3708 1303 3781 (peroptimas),

288 3794 410 3849 transiet
427 3793 614 3865 R’Ae921t'3
631 3797 736 3851 transit
750 3786 864 3866 (3er
881 3800 891 3867 d
909 3798 938 3867 a]
958 3797 993 3852 de
1007 3799 1053 3852 Aa
1070 3798 1080 3867 ΙΙ
1097 3796 1139 3869 in]
1159 3798 1197 3852 ad
1210 3799 1277 3855 noe
1294 3800 1304 3869 Ι

289 3871 324 3919 21
344 3865 393 3937 ad]
412 3865 442 3919 in
460 3876 501 3936 'tp
519 3869 529 3937 fl
547 3872 581 3921 28
599 3883 666 3921 uero
687 3868 749 3934 Gv;
767 3884 817 3923 om.
836 3868 1053 3940 Rnatuaptt

343 3972 401 4004 Aua.
415 3973 447 4004 nl
461 3974 508 4005 orv.
521 3974 570 4004 1211.
593 3965 624 4004 11.
1057 3961 1089 4010 27
