<?xml version="1.0" encoding="UTF-8"?>
<!DOCTYPE html PUBLIC "-//W3C//DTD XHTML 1.0 Transitional//EN"
    "http://www.w3.org/TR/xhtml1/DTD/xhtml1-transitional.dtd">
<html xmlns="http://www.w3.org/1999/xhtml" xml:lang="en" lang="en">
 <head>
  <title>
</title>
<meta http-equiv="Content-Type" content="text/html;charset=utf-8" />
  <meta name='ocr-system' content='tesseract 3.04.00' />
  <meta name='ocr-capabilities' content='ocr_page ocr_carea ocr_par ocr_line ocrx_word'/>
</head>
<body>
  <div class='ocr_page' id='page_1' title='image "./sanctiaureliiau11augugoog_0442.png"; bbox 0 0 3284 4459; ppageno 0'>
   <div class='ocr_carea' id='block_1_1' title="bbox 334 491 935 554">
    <p class='ocr_par' dir='ltr' id='par_1_1' title="bbox 334 491 935 554">
     <span class='ocr_line' id='line_1_1' title="bbox 334 491 935 554; baseline -0.003 -12"><span class='ocrx_word' id='word_1_1' title='bbox 334 491 400 554; x_wconf 78' lang='grc'>422</span> <span class='ocrx_word' id='word_1_2' title='bbox 735 501 935 544; x_wconf 69' lang='lat' dir='ltr'>senensem</span> 
     </span>
    </p>
   </div>
   <div class='ocr_carea' id='block_1_2' title="bbox 283 635 1347 3185">
    <p class='ocr_par' dir='ltr' id='par_1_2' title="bbox 283 635 1347 3185">
     <span class='ocr_line' id='line_1_2' title="bbox 335 635 1340 718; baseline -0.004 -19"><span class='ocrx_word' id='word_1_3' title='bbox 335 638 460 718; x_wconf 82' lang='lat' dir='ltr'>ridetur,</span> <span class='ocrx_word' id='word_1_4' title='bbox 482 639 561 716; x_wconf 88' lang='lat' dir='ltr'>quod</span> <span class='ocrx_word' id='word_1_5' title='bbox 580 637 730 698; x_wconf 86' lang='lat' dir='ltr'>occultum</span> <span class='ocrx_word' id='word_1_6' title='bbox 748 656 814 698; x_wconf 86' lang='lat' dir='ltr'>esse</span> <span class='ocrx_word' id='word_1_7' title='bbox 833 637 933 717; x_wconf 76' lang='lat' dir='ltr'>velerit,</span> <span class='ocrx_word' id='word_1_8' title='bbox 956 638 1007 715; x_wconf 89' lang='lat' dir='ltr'>qui</span> <span class='ocrx_word' id='word_1_9' title='bbox 1026 639 1194 714; x_wconf 91' lang='lat' dir='ltr'>pertineant</span> <span class='ocrx_word' id='word_1_10' title='bbox 1217 635 1252 696; x_wconf 84' lang='lat' dir='ltr'>ad</span> <span class='ocrx_word' id='word_1_11' title='bbox 1277 654 1340 713; x_wconf 88' lang='lat' dir='ltr'>par-</span> 
     </span>
     <span class='ocr_line' id='line_1_3' title="bbox 335 723 1340 806; baseline -0.003 -19"><span class='ocrx_word' id='word_1_12' title='bbox 335 736 395 787; x_wconf 90' lang='lat' dir='ltr'>tem</span> <span class='ocrx_word' id='word_1_13' title='bbox 418 725 539 806; x_wconf 86' lang='lat' dir='ltr'>diaboli,</span> <span class='ocrx_word' id='word_1_14' title='bbox 565 728 670 804; x_wconf 87' lang='lat' dir='ltr'>etqui</span> <span class='ocrx_word' id='word_1_15' title='bbox 699 744 760 786; x_wconf 90' lang='lat' dir='ltr'>non</span> <span class='ocrx_word' id='word_1_16' title='bbox 782 727 957 804; x_wconf 86' lang='lat' dir='ltr'>pertineant.</span> <span class='ocrx_word' id='word_1_17' title='bbox 1006 723 1068 784; x_wconf 94' lang='lat' dir='ltr'>lloc</span> <span class='ocrx_word' id='word_1_18' title='bbox 1092 726 1200 803; x_wconf 89' lang='lat' dir='ltr'>quippe</span> <span class='ocrx_word' id='word_1_19' title='bbox 1225 728 1254 784; x_wconf 91' lang='lat' dir='ltr'>in</span> <span class='ocrx_word' id='word_1_20' title='bbox 1280 742 1340 784; x_wconf 87' lang='lat' dir='ltr'>sae·</span> 
     </span>
     <span class='ocr_line' id='line_1_4' title="bbox 335 810 1340 893; baseline -0.003 -18"><span class='ocrx_word' id='word_1_21' title='bbox 335 814 402 875; x_wconf 93' lang='lat' dir='ltr'>culo</span> <span class='ocrx_word' id='word_1_22' title='bbox 424 817 482 875; x_wconf 88' lang='lat' dir='ltr'>isto</span> <span class='ocrx_word' id='word_1_23' title='bbox 505 832 630 892; x_wconf 89' lang='lat' dir='ltr'>prorsus</span> <span class='ocrx_word' id='word_1_24' title='bbox 653 813 736 893; x_wconf 80' lang='lat' dir='ltr'>latet,</span> <span class='ocrx_word' id='word_1_25' title='bbox 766 816 835 892; x_wconf 85' lang='lat' dir='ltr'>quia</span> <span class='ocrx_word' id='word_1_26' title='bbox 858 822 888 873; x_wconf 89' lang='lat' dir='ltr'>et</span> <span class='ocrx_word' id='word_1_27' title='bbox 910 814 962 891; x_wconf 89' lang='lat' dir='ltr'>qui</span> <span class='ocrx_word' id='word_1_28' title='bbox 985 810 1101 872; x_wconf 87' lang='lat' dir='ltr'>videtur</span> <span class='ocrx_word' id='word_1_29' title='bbox 1124 820 1218 893; x_wconf 87' lang='lat' dir='ltr'>stare,</span> <span class='ocrx_word' id='word_1_30' title='bbox 1242 822 1340 872; x_wconf 88' lang='lat' dir='ltr'>utrum</span> 
     </span>
     <span class='ocr_line' id='line_1_5' title="bbox 335 902 1343 983; baseline -0.002 -20"><span class='ocrx_word' id='word_1_31' title='bbox 335 906 374 963; x_wconf 91' lang='lat' dir='ltr'>sit</span> <span class='ocrx_word' id='word_1_32' title='bbox 396 920 529 983; x_wconf 81' lang='lat' dir='ltr'>casurus,</span> <span class='ocrx_word' id='word_1_33' title='bbox 552 911 583 963; x_wconf 92' lang='lat' dir='ltr'>et</span> <span class='ocrx_word' id='word_1_34' title='bbox 605 903 657 980; x_wconf 90' lang='lat' dir='ltr'>qui</span> <span class='ocrx_word' id='word_1_35' title='bbox 679 902 796 961; x_wconf 87' lang='lat' dir='ltr'>videtur</span> <span class='ocrx_word' id='word_1_36' title='bbox 819 903 929 973; x_wconf 90' lang='lat' dir='ltr'>iacere,</span> <span class='ocrx_word' id='word_1_37' title='bbox 953 909 1054 960; x_wconf 89' lang='lat' dir='ltr'>utrum</span> <span class='ocrx_word' id='word_1_38' title='bbox 1077 902 1116 960; x_wconf 92' lang='lat' dir='ltr'>sit</span> <span class='ocrx_word' id='word_1_39' title='bbox 1139 909 1343 980; x_wconf 85' lang='lat' dir='ltr'>surrecturus,</span> 
     </span>
     <span class='ocr_line' id='line_1_6' title="bbox 300 987 1343 1066; baseline -0.004 -13"><span class='ocrx_word' id='word_1_40' title='bbox 300 994 482 1053; x_wconf 79' lang='lat' dir='ltr'>oincertum</span> <span class='ocrx_word' id='word_1_41' title='bbox 514 1000 567 1052; x_wconf 85' lang='lat' dir='ltr'>est.</span> <span class='ocrx_word' id='word_1_42' title='bbox 613 989 657 1049; x_wconf 78' lang='lat' dir='ltr'>Ab</span> <span class='ocrx_word' id='word_1_43' title='bbox 689 993 732 1050; x_wconf 91' lang='lat' dir='ltr'>eis</span> <span class='ocrx_word' id='word_1_44' title='bbox 761 1000 860 1049; x_wconf 88' lang='lat' dir='ltr'>autem</span> <span class='ocrx_word' id='word_1_45' title='bbox 887 987 1025 1066; x_wconf 85' lang='lat' dir='ltr'>gentibus</span> <span class='ocrx_word' id='word_1_46' title='bbox 1053 988 1230 1049; x_wconf 81' lang='lat' dir='ltr'><strong>seducendis</strong></span> <span class='ocrx_word' id='word_1_47' title='bbox 1253 988 1343 1049; x_wconf 93' lang='lat' dir='ltr'>huius</span> 
     </span>
     <span class='ocr_line' id='line_1_7' title="bbox 335 1075 1343 1155; baseline -0.001 -17"><span class='ocrx_word' id='word_1_48' title='bbox 335 1080 486 1139; x_wconf 80' lang='lat' dir='ltr'>interdicti</span> <span class='ocrx_word' id='word_1_49' title='bbox 515 1078 632 1139; x_wconf 85' lang='lat' dir='ltr'>viriculo</span> <span class='ocrx_word' id='word_1_50' title='bbox 663 1088 694 1138; x_wconf 92' lang='lat' dir='ltr'>et</span> <span class='ocrx_word' id='word_1_51' title='bbox 723 1078 852 1138; x_wconf 88' lang='lat' dir='ltr'>claustro</span> <span class='ocrx_word' id='word_1_52' title='bbox 882 1076 1016 1137; x_wconf 88' lang='lat' dir='ltr'>diabolus</span> <span class='ocrx_word' id='word_1_53' title='bbox 1045 1075 1222 1155; x_wconf 78' lang='lat' dir='ltr'>prohibetur</span> <span class='ocrx_word' id='word_1_54' title='bbox 1254 1088 1343 1155; x_wconf 86' lang='lat' dir='ltr'>atque</span> 
     </span>
     <span class='ocr_line' id='line_1_8' title="bbox 335 1164 1344 1248; baseline -0.001 -21"><span class='ocrx_word' id='word_1_55' title='bbox 335 1167 503 1248; x_wconf 83' lang='lat' dir='ltr'>cohibetur,</span> <span class='ocrx_word' id='word_1_56' title='bbox 531 1185 604 1245; x_wconf 86' lang='lat' dir='ltr'>quas</span> <span class='ocrx_word' id='word_1_57' title='bbox 633 1170 818 1245; x_wconf 88' lang='lat' dir='ltr'>pertinentes</span> <span class='ocrx_word' id='word_1_58' title='bbox 841 1164 877 1225; x_wconf 90' lang='lat' dir='ltr'>ad</span> <span class='ocrx_word' id='word_1_59' title='bbox 901 1164 1051 1225; x_wconf 86' lang='lat' dir='ltr'>Christum</span> <span class='ocrx_word' id='word_1_60' title='bbox 1074 1165 1235 1225; x_wconf 81' lang='lat' dir='ltr'>seducebat</span> <span class='ocrx_word' id='word_1_61' title='bbox 1258 1175 1344 1226; x_wconf 89' lang='lat' dir='ltr'>antea</span> 
     </span>
     <span class='ocr_line' id='line_1_9' title="bbox 336 1253 1344 1331; baseline 0.001 -18"><span class='ocrx_word' id='word_1_62' title='bbox 336 1254 381 1317; x_wconf 90' lang='lat' dir='ltr'>vel</span> <span class='ocrx_word' id='word_1_63' title='bbox 403 1256 530 1317; x_wconf 87' lang='lat' dir='ltr'>tenebat.</span> <span class='ocrx_word' id='word_1_64' title='bbox 576 1255 635 1314; x_wconf 90' lang='lat' dir='ltr'>llas</span> <span class='ocrx_word' id='word_1_65' title='bbox 665 1257 743 1314; x_wconf 91' lang='lat' dir='ltr'>enim</span> <span class='ocrx_word' id='word_1_66' title='bbox 767 1253 847 1314; x_wconf 85' lang='lat' dir='ltr'>Deus</span> <span class='ocrx_word' id='word_1_67' title='bbox 870 1253 959 1331; x_wconf 82' lang='lat' dir='ltr'>elegit</span> <span class='ocrx_word' id='word_1_68' title='bbox 982 1262 1050 1313; x_wconf 91' lang='lat' dir='ltr'>ante</span> <span class='ocrx_word' id='word_1_69' title='bbox 1074 1253 1176 1313; x_wconf 82' lang='lat' dir='ltr'>rnurrdi</span> <span class='ocrx_word' id='word_1_70' title='bbox 1199 1257 1344 1314; x_wconf 87' lang='lat' dir='ltr'>constitu·</span> 
     </span>
     <span class='ocr_line' id='line_1_10' title="bbox 336 1342 1345 1421; baseline -0.003 -16"><span class='ocrx_word' id='word_1_71' title='bbox 336 1347 446 1405; x_wconf 89' lang='lat' dir='ltr'>tionem</span> <span class='ocrx_word' id='word_1_72' title='bbox 479 1362 584 1404; x_wconf 87' lang='lat' dir='ltr'>eruere</span> <span class='ocrx_word' id='word_1_73' title='bbox 614 1343 651 1403; x_wconf 90' lang='lat' dir='ltr'>de</span> <span class='ocrx_word' id='word_1_74' title='bbox 679 1350 826 1421; x_wconf 82' lang='lat' dir='ltr'>potestate</span> <span class='ocrx_word' id='word_1_75' title='bbox 854 1342 1042 1402; x_wconf 91' lang='lat' dir='ltr'>tenebrarum</span> <span class='ocrx_word' id='word_1_76' title='bbox 1073 1350 1103 1401; x_wconf 87' lang='lat' dir='ltr'>et</span> <span class='ocrx_word' id='word_1_77' title='bbox 1126 1342 1290 1403; x_wconf 82' lang='lat' dir='ltr'>transferre</span> <span class='ocrx_word' id='word_1_78' title='bbox 1313 1345 1345 1402; x_wconf 90' lang='lat' dir='ltr'>in</span> 
     </span>
     <span class='ocr_line' id='line_1_11' title="bbox 284 1429 1345 1511; baseline -0.003 -17"><span class='ocrx_word' id='word_1_79' title='bbox 284 1447 316 1494; x_wconf 92' lang='lat'>10</span> <span class='ocrx_word' id='word_1_80' title='bbox 335 1451 460 1511; x_wconf 85' lang='lat' dir='ltr'>regnum</span> <span class='ocrx_word' id='word_1_81' title='bbox 493 1432 544 1491; x_wconf 85' lang='lat' dir='ltr'>filii</span> <span class='ocrx_word' id='word_1_82' title='bbox 576 1433 706 1490; x_wconf 88' lang='lat' dir='ltr'>caritatis</span> <span class='ocrx_word' id='word_1_83' title='bbox 738 1448 824 1509; x_wconf 86' lang='lat' dir='ltr'>suae,</span> <span class='ocrx_word' id='word_1_84' title='bbox 857 1433 935 1490; x_wconf 90' lang='lat' dir='ltr'>sicut</span> <span class='ocrx_word' id='word_1_85' title='bbox 966 1430 1116 1508; x_wconf 89' lang='lat' dir='ltr'>apostolus</span> <span class='ocrx_word' id='word_1_86' title='bbox 1144 1429 1223 1490; x_wconf 90' lang='lat' dir='ltr'>dicit.</span> <span class='ocrx_word' id='word_1_87' title='bbox 1270 1429 1345 1491; x_wconf 91' lang='lat' dir='ltr'>Nam</span> 
     </span>
     <span class='ocr_line' id='line_1_12' title="bbox 336 1518 1345 1596; baseline -0.003 -15"><span class='ocrx_word' id='word_1_88' title='bbox 336 1520 478 1581; x_wconf 84' lang='lat' dir='ltr'>seducere</span> <span class='ocrx_word' id='word_1_89' title='bbox 507 1519 591 1579; x_wconf 89' lang='lat' dir='ltr'>illum</span> <span class='ocrx_word' id='word_1_90' title='bbox 617 1528 721 1596; x_wconf 79' lang='lat' dir='ltr'>gentes</span> <span class='ocrx_word' id='word_1_91' title='bbox 750 1521 837 1578; x_wconf 88' lang='lat' dir='ltr'>etiam</span> <span class='ocrx_word' id='word_1_92' title='bbox 868 1536 948 1579; x_wconf 93' lang='lat' dir='ltr'>nunc</span> <span class='ocrx_word' id='word_1_93' title='bbox 978 1526 1008 1577; x_wconf 90' lang='lat' dir='ltr'>et</span> <span class='ocrx_word' id='word_1_94' title='bbox 1036 1536 1136 1578; x_wconf 89' lang='lat' dir='ltr'>secum</span> <span class='ocrx_word' id='word_1_95' title='bbox 1166 1518 1285 1579; x_wconf 89' lang='lat' dir='ltr'>trahere</span> <span class='ocrx_word' id='word_1_96' title='bbox 1314 1522 1345 1579; x_wconf 95' lang='lat' dir='ltr'>in</span> 
     </span>
     <span class='ocr_line' id='line_1_13' title="bbox 336 1607 1346 1685; baseline -0.001 -17"><span class='ocrx_word' id='word_1_97' title='bbox 336 1616 485 1668; x_wconf 84' lang='lat' dir='ltr'>aeternam</span> <span class='ocrx_word' id='word_1_98' title='bbox 517 1625 659 1685; x_wconf 82' lang='lat' dir='ltr'>poenam,</span> <span class='ocrx_word' id='word_1_99' title='bbox 692 1607 742 1666; x_wconf 92' lang='lat' dir='ltr'>sed</span> <span class='ocrx_word' id='word_1_100' title='bbox 777 1625 835 1666; x_wconf 92' lang='lat' dir='ltr'>non</span> <span class='ocrx_word' id='word_1_101' title='bbox 867 1607 1100 1684; x_wconf 89' lang='lat' dir='ltr'>praedestinatas</span> <span class='ocrx_word' id='word_1_102' title='bbox 1132 1609 1163 1665; x_wconf 92' lang='lat' dir='ltr'>in</span> <span class='ocrx_word' id='word_1_103' title='bbox 1193 1615 1346 1667; x_wconf 90' lang='lat' dir='ltr'>aeternam</span> 
     </span>
     <span class='ocr_line' id='line_1_14' title="bbox 336 1691 1345 1774; baseline 0.001 -20"><span class='ocrx_word' id='word_1_104' title='bbox 336 1698 433 1769; x_wconf 88' lang='lat' dir='ltr'>vitam,</span> <span class='ocrx_word' id='word_1_105' title='bbox 457 1698 523 1774; x_wconf 89' lang='lat' dir='ltr'>quis</span> <span class='ocrx_word' id='word_1_106' title='bbox 548 1694 642 1754; x_wconf 85' lang='lat' dir='ltr'>tidelis</span> <span class='ocrx_word' id='word_1_107' title='bbox 665 1691 801 1773; x_wconf 81' lang='lat' dir='ltr'>ignorat?</span> <span class='ocrx_word' id='word_1_108' title='bbox 837 1693 899 1755; x_wconf 91' lang='lat' dir='ltr'>Nec</span> <span class='ocrx_word' id='word_1_109' title='bbox 922 1705 1046 1774; x_wconf 84' lang='lat' dir='ltr'>moveat,</span> <span class='ocrx_word' id='word_1_110' title='bbox 1069 1694 1147 1774; x_wconf 91' lang='lat' dir='ltr'>quod</span> <span class='ocrx_word' id='word_1_111' title='bbox 1172 1713 1259 1773; x_wconf 83' lang='lat' dir='ltr'>saepe</span> <span class='ocrx_word' id='word_1_112' title='bbox 1284 1695 1345 1755; x_wconf 92' lang='lat' dir='ltr'>dia·</span> 
     </span>
     <span class='ocr_line' id='line_1_15' title="bbox 336 1782 1346 1864; baseline -0.001 -20"><span class='ocrx_word' id='word_1_113' title='bbox 336 1783 422 1844; x_wconf 88' lang='lat' dir='ltr'>bolus</span> <span class='ocrx_word' id='word_1_114' title='bbox 449 1784 564 1844; x_wconf 88' lang='lat' dir='ltr'>seducit</span> <span class='ocrx_word' id='word_1_115' title='bbox 592 1786 682 1844; x_wconf 87' lang='lat' dir='ltr'>etiam</span> <span class='ocrx_word' id='word_1_116' title='bbox 708 1782 787 1864; x_wconf 87' lang='lat' dir='ltr'>illos,</span> <span class='ocrx_word' id='word_1_117' title='bbox 815 1786 866 1861; x_wconf 92' lang='lat' dir='ltr'>qui</span> <span class='ocrx_word' id='word_1_118' title='bbox 894 1786 1060 1861; x_wconf 84' lang='lat' dir='ltr'>regenerati</span> <span class='ocrx_word' id='word_1_119' title='bbox 1089 1784 1200 1843; x_wconf 90' lang='lat' dir='ltr'>iamin</span> <span class='ocrx_word' id='word_1_120' title='bbox 1225 1782 1346 1844; x_wconf 83' lang='lat' dir='ltr'>Christo</span> 
     </span>
     <span class='ocr_line' id='line_1_16' title="bbox 285 1870 1347 1950; baseline -0.003 -16"><span class='ocrx_word' id='word_1_121' title='bbox 285 1887 316 1934; x_wconf 79' lang='lat'>15</span> <span class='ocrx_word' id='word_1_122' title='bbox 335 1874 396 1932; x_wconf 91' lang='lat' dir='ltr'>vias</span> <span class='ocrx_word' id='word_1_123' title='bbox 413 1872 622 1950; x_wconf 83' lang='lat' dir='ltr'>ingrediuntur</span> <span class='ocrx_word' id='word_1_124' title='bbox 639 1870 700 1932; x_wconf 84' lang='lat' dir='ltr'>bei.</span> <span class='ocrx_word' id='word_1_125' title='bbox 734 1872 823 1932; x_wconf 84' lang='lat' dir='ltr'>Novit</span> <span class='ocrx_word' id='word_1_126' title='bbox 839 1873 917 1931; x_wconf 91' lang='lat' dir='ltr'>enim</span> <span class='ocrx_word' id='word_1_127' title='bbox 937 1872 1082 1932; x_wconf 81' lang='lat' dir='ltr'>Dominus</span> <span class='ocrx_word' id='word_1_128' title='bbox 1100 1874 1154 1946; x_wconf 78' lang='lat' dir='ltr'>qui</span> <span class='ocrx_word' id='word_1_129' title='bbox 1169 1879 1242 1932; x_wconf 84' lang='lat' dir='ltr'>sunt</span> <span class='ocrx_word' id='word_1_130' title='bbox 1259 1876 1347 1943; x_wconf 83' lang='lat' dir='ltr'>eios;</span> 
     </span>
     <span class='ocr_line' id='line_1_17' title="bbox 337 1958 1346 2021; baseline 0.001 -1"><span class='ocrx_word' id='word_1_131' title='bbox 337 1979 373 2020; x_wconf 87' lang='lat' dir='ltr'>ex</span> <span class='ocrx_word' id='word_1_132' title='bbox 405 1960 451 2020; x_wconf 89' lang='lat' dir='ltr'>his</span> <span class='ocrx_word' id='word_1_133' title='bbox 483 1961 514 2020; x_wconf 91' lang='lat' dir='ltr'>in</span> <span class='ocrx_word' id='word_1_134' title='bbox 545 1970 695 2020; x_wconf 90' lang='lat' dir='ltr'>aeternam</span> <span class='ocrx_word' id='word_1_135' title='bbox 725 1959 942 2019; x_wconf 88' lang='lat' dir='ltr'>damnationem</span> <span class='ocrx_word' id='word_1_136' title='bbox 971 1962 1118 2019; x_wconf 91' lang='lat' dir='ltr'>neminem</span> <span class='ocrx_word' id='word_1_137' title='bbox 1145 1958 1194 2020; x_wconf 91' lang='lat' dir='ltr'>ille</span> <span class='ocrx_word' id='word_1_138' title='bbox 1219 1959 1346 2021; x_wconf 90' lang='lat' dir='ltr'>seducit.</span> 
     </span>
     <span class='ocr_line' id='line_1_18' title="bbox 338 2046 1347 2128; baseline -0.001 -19"><span class='ocrx_word' id='word_1_139' title='bbox 338 2048 387 2108; x_wconf 89' lang='lat' dir='ltr'>Sic</span> <span class='ocrx_word' id='word_1_140' title='bbox 415 2051 493 2109; x_wconf 91' lang='lat' dir='ltr'>enim</span> <span class='ocrx_word' id='word_1_141' title='bbox 521 2067 573 2109; x_wconf 90' lang='lat' dir='ltr'>eos</span> <span class='ocrx_word' id='word_1_142' title='bbox 601 2050 681 2108; x_wconf 84' lang='lat' dir='ltr'>norit</span> <span class='ocrx_word' id='word_1_143' title='bbox 708 2047 865 2128; x_wconf 84' lang='lat' dir='ltr'>Dominus,</span> <span class='ocrx_word' id='word_1_144' title='bbox 898 2058 931 2107; x_wconf 91' lang='lat' dir='ltr'>ut</span> <span class='ocrx_word' id='word_1_145' title='bbox 959 2046 1053 2127; x_wconf 88' lang='lat' dir='ltr'>Deus,</span> <span class='ocrx_word' id='word_1_146' title='bbox 1085 2066 1174 2125; x_wconf 86' lang='lat' dir='ltr'>quem</span> <span class='ocrx_word' id='word_1_147' title='bbox 1203 2047 1244 2108; x_wconf 93' lang='lat' dir='ltr'>nil</span> <span class='ocrx_word' id='word_1_148' title='bbox 1273 2048 1347 2108; x_wconf 89' lang='lat' dir='ltr'>latet</span> 
     </span>
     <span class='ocr_line' id='line_1_19' title="bbox 337 2135 1346 2216; baseline 0.001 -20"><span class='ocrx_word' id='word_1_149' title='bbox 337 2139 425 2197; x_wconf 88' lang='lat' dir='ltr'>etiam</span> <span class='ocrx_word' id='word_1_150' title='bbox 444 2138 623 2216; x_wconf 81' lang='lat' dir='ltr'>futurorum,</span> <span class='ocrx_word' id='word_1_151' title='bbox 645 2154 705 2196; x_wconf 91' lang='lat' dir='ltr'>non</span> <span class='ocrx_word' id='word_1_152' title='bbox 724 2146 757 2196; x_wconf 88' lang='lat' dir='ltr'>ut</span> <span class='ocrx_word' id='word_1_153' title='bbox 776 2136 873 2215; x_wconf 89' lang='lat' dir='ltr'>bomo,</span> <span class='ocrx_word' id='word_1_154' title='bbox 897 2138 947 2213; x_wconf 89' lang='lat' dir='ltr'>qui</span> <span class='ocrx_word' id='word_1_155' title='bbox 970 2135 1119 2195; x_wconf 90' lang='lat' dir='ltr'>hominem</span> <span class='ocrx_word' id='word_1_156' title='bbox 1143 2135 1178 2194; x_wconf 89' lang='lat' dir='ltr'>ad</span> <span class='ocrx_word' id='word_1_157' title='bbox 1201 2154 1346 2215; x_wconf 87' lang='lat' dir='ltr'>praesens</span> 
     </span>
     <span class='ocr_line' id='line_1_20' title="bbox 338 2218 1346 2307; baseline 0.001 -24"><span class='ocrx_word' id='word_1_158' title='bbox 338 2225 416 2286; x_wconf 91' lang='lat' dir='ltr'>videt</span> <span class='ocrx_word' id='word_1_159' title='bbox 438 2221 478 2307; x_wconf 88' lang='lat' dir='ltr'>(si</span> <span class='ocrx_word' id='word_1_160' title='bbox 501 2236 599 2285; x_wconf 90' lang='lat' dir='ltr'>tamen</span> <span class='ocrx_word' id='word_1_161' title='bbox 623 2224 710 2305; x_wconf 79' lang='lat' dir='ltr'>videt,</span> <span class='ocrx_word' id='word_1_162' title='bbox 733 2226 818 2283; x_wconf 92' lang='lat' dir='ltr'>cuius</span> <span class='ocrx_word' id='word_1_163' title='bbox 842 2242 893 2283; x_wconf 90' lang='lat' dir='ltr'>cor</span> <span class='ocrx_word' id='word_1_164' title='bbox 916 2242 975 2284; x_wconf 92' lang='lat' dir='ltr'>non</span> <span class='ocrx_word' id='word_1_165' title='bbox 1000 2218 1102 2304; x_wconf 86' lang='lat' dir='ltr'>videt),</span> <span class='ocrx_word' id='word_1_166' title='bbox 1125 2224 1220 2301; x_wconf 89' lang='lat' dir='ltr'>qualis</span> <span class='ocrx_word' id='word_1_167' title='bbox 1244 2234 1346 2284; x_wconf 72' lang='lat' dir='ltr'>alitem</span> 
     </span>
     <span class='ocr_line' id='line_1_21' title="bbox 283 2311 1345 2393; baseline -0.004 -17"><span class='ocrx_word' id='word_1_168' title='bbox 283 2328 318 2376; x_wconf 78' lang='lat'>20</span> <span class='ocrx_word' id='word_1_169' title='bbox 336 2323 438 2393; x_wconf 91' lang='lat' dir='ltr'>postea</span> <span class='ocrx_word' id='word_1_170' title='bbox 457 2316 496 2374; x_wconf 91' lang='lat' dir='ltr'>sit</span> <span class='ocrx_word' id='word_1_171' title='bbox 513 2315 633 2375; x_wconf 86' lang='lat' dir='ltr'>iuturus</span> <span class='ocrx_word' id='word_1_172' title='bbox 651 2330 706 2372; x_wconf 92' lang='lat' dir='ltr'>nec</span> <span class='ocrx_word' id='word_1_173' title='bbox 725 2330 758 2371; x_wconf 91' lang='lat' dir='ltr'>se</span> <span class='ocrx_word' id='word_1_174' title='bbox 779 2314 877 2390; x_wconf 88' lang='lat' dir='ltr'>ipsum</span> <span class='ocrx_word' id='word_1_175' title='bbox 900 2311 987 2372; x_wconf 89' lang='lat' dir='ltr'>videt.</span> <span class='ocrx_word' id='word_1_176' title='bbox 1033 2311 1076 2371; x_wconf 84' lang='lat' dir='ltr'>Ad</span> <span class='ocrx_word' id='word_1_177' title='bbox 1100 2312 1155 2371; x_wconf 91' lang='lat' dir='ltr'>hoc</span> <span class='ocrx_word' id='word_1_178' title='bbox 1179 2329 1250 2390; x_wconf 83' lang='lat' dir='ltr'>ergo</span> <span class='ocrx_word' id='word_1_179' title='bbox 1273 2312 1345 2390; x_wconf 81' lang='lat' dir='ltr'>liga·</span> 
     </span>
     <span class='ocr_line' id='line_1_22' title="bbox 337 2399 1346 2481; baseline -0.003 -18"><span class='ocrx_word' id='word_1_180' title='bbox 337 2411 386 2464; x_wconf 92' lang='lat' dir='ltr'>tus</span> <span class='ocrx_word' id='word_1_181' title='bbox 409 2412 455 2464; x_wconf 93' lang='lat' dir='ltr'>est</span> <span class='ocrx_word' id='word_1_182' title='bbox 477 2400 610 2462; x_wconf 90' lang='lat' dir='ltr'>diabolus</span> <span class='ocrx_word' id='word_1_183' title='bbox 632 2409 663 2461; x_wconf 91' lang='lat' dir='ltr'>et</span> <span class='ocrx_word' id='word_1_184' title='bbox 684 2400 818 2460; x_wconf 88' lang='lat' dir='ltr'>inclusus</span> <span class='ocrx_word' id='word_1_185' title='bbox 841 2402 871 2459; x_wconf 94' lang='lat' dir='ltr'>in</span> <span class='ocrx_word' id='word_1_186' title='bbox 895 2399 1014 2481; x_wconf 85' lang='lat' dir='ltr'>abysso,</span> <span class='ocrx_word' id='word_1_187' title='bbox 1038 2402 1151 2460; x_wconf 90' lang='lat' dir='ltr'>utiam</span> <span class='ocrx_word' id='word_1_188' title='bbox 1175 2418 1233 2460; x_wconf 94' lang='lat' dir='ltr'>non</span> <span class='ocrx_word' id='word_1_189' title='bbox 1257 2402 1346 2461; x_wconf 88' lang='lat' dir='ltr'>sedu-</span> 
     </span>
     <span class='ocr_line' id='line_1_23' title="bbox 337 2487 1345 2570; baseline -0.002 -19"><span class='ocrx_word' id='word_1_190' title='bbox 337 2500 385 2551; x_wconf 86' lang='lat' dir='ltr'>cat</span> <span class='ocrx_word' id='word_1_191' title='bbox 406 2500 523 2570; x_wconf 81' lang='lat' dir='ltr'>gentes,</span> <span class='ocrx_word' id='word_1_192' title='bbox 550 2508 585 2549; x_wconf 85' lang='lat' dir='ltr'>ex</span> <span class='ocrx_word' id='word_1_193' title='bbox 614 2487 723 2567; x_wconf 86' lang='lat' dir='ltr'>quibus</span> <span class='ocrx_word' id='word_1_194' title='bbox 746 2496 862 2548; x_wconf 89' lang='lat' dir='ltr'>constat</span> <span class='ocrx_word' id='word_1_195' title='bbox 886 2488 1023 2568; x_wconf 86' lang='lat' dir='ltr'>ecclesia,</span> <span class='ocrx_word' id='word_1_196' title='bbox 1051 2506 1124 2566; x_wconf 90' lang='lat' dir='ltr'>quas</span> <span class='ocrx_word' id='word_1_197' title='bbox 1147 2497 1233 2547; x_wconf 89' lang='lat' dir='ltr'>antea</span> <span class='ocrx_word' id='word_1_198' title='bbox 1257 2489 1345 2549; x_wconf 76' lang='lat' dir='ltr'>secu</span> 
     </span>
     <span class='ocr_line' id='line_1_24' title="bbox 338 2575 1346 2658; baseline -0.002 -19"><span class='ocrx_word' id='word_1_199' title='bbox 338 2588 400 2639; x_wconf 90' lang='lat' dir='ltr'>ctas</span> <span class='ocrx_word' id='word_1_200' title='bbox 435 2577 568 2658; x_wconf 87' lang='lat' dir='ltr'>tenebat,</span> <span class='ocrx_word' id='word_1_201' title='bbox 604 2586 760 2655; x_wconf 89' lang='lat' dir='ltr'>antequam</span> <span class='ocrx_word' id='word_1_202' title='bbox 796 2586 898 2637; x_wconf 89' lang='lat' dir='ltr'>essent</span> <span class='ocrx_word' id='word_1_203' title='bbox 933 2576 1065 2636; x_wconf 88' lang='lat' dir='ltr'>ecclesia.</span> <span class='ocrx_word' id='word_1_204' title='bbox 1124 2575 1227 2654; x_wconf 89' lang='lat' dir='ltr'>Neque</span> <span class='ocrx_word' id='word_1_205' title='bbox 1263 2579 1346 2637; x_wconf 89' lang='lat' dir='ltr'>enim</span> 
     </span>
     <span class='ocr_line' id='line_1_25' title="bbox 338 2659 1346 2745; baseline 0 -20"><span class='ocrx_word' id='word_1_206' title='bbox 338 2666 515 2726; x_wconf 90' lang='lat' dir='ltr'>dictumest</span> <span class='ocrx_word' id='word_1_207' title='bbox 535 2673 665 2745; x_wconf 87' lang='lat' dir='ltr'>„utnon</span> <span class='ocrx_word' id='word_1_208' title='bbox 684 2664 842 2724; x_wconf 89' lang='lat' dir='ltr'>seduceret</span> <span class='ocrx_word' id='word_1_209' title='bbox 864 2659 1017 2745; x_wconf 85' lang='lat' dir='ltr'>abquem“,</span> <span class='ocrx_word' id='word_1_210' title='bbox 1041 2664 1092 2724; x_wconf 90' lang='lat' dir='ltr'>sed</span> <span class='ocrx_word' id='word_1_211' title='bbox 1116 2672 1151 2725; x_wconf 81' lang='lat' dir='ltr'>ut</span> <span class='ocrx_word' id='word_1_212' title='bbox 1172 2682 1231 2725; x_wconf 84' lang='lat' dir='ltr'>non</span> <span class='ocrx_word' id='word_1_213' title='bbox 1254 2667 1346 2725; x_wconf 84' lang='lat' dir='ltr'>sedu-</span> 
     </span>
     <span class='ocr_line' id='line_1_26' title="bbox 285 2752 1347 2832; baseline -0.003 -16"><span class='ocrx_word' id='word_1_214' title='bbox 285 2769 318 2817; x_wconf 81' lang='lat' dir='ltr'>ao</span> <span class='ocrx_word' id='word_1_215' title='bbox 338 2761 433 2828; x_wconf 78' lang='lat' dir='ltr'>cerat,</span> <span class='ocrx_word' id='word_1_216' title='bbox 465 2755 574 2832; x_wconf 88' lang='lat' dir='ltr'>inquit,</span> <span class='ocrx_word' id='word_1_217' title='bbox 607 2756 667 2814; x_wconf 83' lang='lat' dir='ltr'>iam</span> <span class='ocrx_word' id='word_1_218' title='bbox 696 2760 816 2827; x_wconf 71' lang='lat' dir='ltr'>pentes,</span> <span class='ocrx_word' id='word_1_219' title='bbox 854 2756 884 2813; x_wconf 91' lang='lat' dir='ltr'>in</span> <span class='ocrx_word' id='word_1_220' title='bbox 916 2754 1025 2831; x_wconf 90' lang='lat' dir='ltr'>quibus</span> <span class='ocrx_word' id='word_1_221' title='bbox 1055 2752 1209 2813; x_wconf 90' lang='lat' dir='ltr'>ecclesiam</span> <span class='ocrx_word' id='word_1_222' title='bbox 1240 2753 1347 2831; x_wconf 90' lang='lat' dir='ltr'>procul</span> 
     </span>
     <span class='ocr_line' id='line_1_27' title="bbox 338 2840 1347 2921; baseline 0.001 -20"><span class='ocrx_word' id='word_1_223' title='bbox 338 2840 427 2903; x_wconf 90' lang='lat' dir='ltr'>dubio</span> <span class='ocrx_word' id='word_1_224' title='bbox 450 2840 543 2901; x_wconf 85' lang='lat' dir='ltr'>voluit</span> <span class='ocrx_word' id='word_1_225' title='bbox 565 2840 704 2920; x_wconf 84' lang='lat' dir='ltr'>intellegi,</span> <span class='ocrx_word' id='word_1_226' title='bbox 726 2843 823 2903; x_wconf 84' lang='lat' dir='ltr'>donec</span> <span class='ocrx_word' id='word_1_227' title='bbox 842 2844 1007 2916; x_wconf 78' lang='lat' dir='ltr'>finientur,</span> <span class='ocrx_word' id='word_1_228' title='bbox 1030 2843 1135 2920; x_wconf 90' lang='lat' dir='ltr'>inquit,</span> <span class='ocrx_word' id='word_1_229' title='bbox 1158 2844 1239 2902; x_wconf 80' lang='lat' dir='ltr'>mille</span> <span class='ocrx_word' id='word_1_230' title='bbox 1260 2846 1347 2921; x_wconf 79' lang='lat' dir='ltr'>anni,</span> 
     </span>
     <span class='ocr_line' id='line_1_28' title="bbox 339 2928 1346 3010; baseline 0 -21"><span class='ocrx_word' id='word_1_231' title='bbox 339 2928 367 2989; x_wconf 95' lang='lat' dir='ltr'>id</span> <span class='ocrx_word' id='word_1_232' title='bbox 397 2939 458 3010; x_wconf 87' lang='lat' dir='ltr'>est,</span> <span class='ocrx_word' id='word_1_233' title='bbox 487 2938 539 2989; x_wconf 90' lang='lat' dir='ltr'>aut</span> <span class='ocrx_word' id='word_1_234' title='bbox 567 2928 645 3006; x_wconf 93' lang='lat' dir='ltr'>quod</span> <span class='ocrx_word' id='word_1_235' title='bbox 675 2938 809 2989; x_wconf 89' lang='lat' dir='ltr'>remanet</span> <span class='ocrx_word' id='word_1_236' title='bbox 831 2929 868 2988; x_wconf 91' lang='lat' dir='ltr'>de</span> <span class='ocrx_word' id='word_1_237' title='bbox 892 2936 975 2989; x_wconf 83' lang='lat' dir='ltr'>sexto</span> <span class='ocrx_word' id='word_1_238' title='bbox 998 2929 1062 3008; x_wconf 83' lang='lat' dir='ltr'>die,</span> <span class='ocrx_word' id='word_1_239' title='bbox 1094 2931 1146 3008; x_wconf 92' lang='lat' dir='ltr'>qui</span> <span class='ocrx_word' id='word_1_240' title='bbox 1169 2938 1285 2990; x_wconf 90' lang='lat' dir='ltr'>constat</span> <span class='ocrx_word' id='word_1_241' title='bbox 1307 2948 1346 2989; x_wconf 86' lang='lat' dir='ltr'>ex</span> 
     </span>
     <span class='ocr_line' id='line_1_29' title="bbox 340 3016 1346 3095; baseline 0 -18"><span class='ocrx_word' id='word_1_242' title='bbox 340 3016 417 3077; x_wconf 92' lang='lat' dir='ltr'>mille</span> <span class='ocrx_word' id='word_1_243' title='bbox 440 3019 540 3095; x_wconf 80' lang='lat' dir='ltr'>annis,</span> <span class='ocrx_word' id='word_1_244' title='bbox 564 3024 614 3076; x_wconf 89' lang='lat' dir='ltr'>aut</span> <span class='ocrx_word' id='word_1_245' title='bbox 636 3034 739 3077; x_wconf 90' lang='lat' dir='ltr'>omnes</span> <span class='ocrx_word' id='word_1_246' title='bbox 762 3019 844 3090; x_wconf 90' lang='lat' dir='ltr'>anni,</span> <span class='ocrx_word' id='word_1_247' title='bbox 868 3016 976 3095; x_wconf 87' lang='lat' dir='ltr'>quibus</span> <span class='ocrx_word' id='word_1_248' title='bbox 999 3017 1138 3095; x_wconf 91' lang='lat' dir='ltr'>deinceps</span> <span class='ocrx_word' id='word_1_249' title='bbox 1161 3017 1218 3077; x_wconf 91' lang='lat' dir='ltr'>boc</span> <span class='ocrx_word' id='word_1_250' title='bbox 1241 3035 1346 3077; x_wconf 86' lang='lat' dir='ltr'>saecu-</span> 
     </span>
     <span class='ocr_line' id='line_1_30' title="bbox 339 3103 699 3185; baseline -0.006 -19"><span class='ocrx_word' id='word_1_251' title='bbox 339 3106 400 3167; x_wconf 88' lang='lat' dir='ltr'>lnm</span> <span class='ocrx_word' id='word_1_252' title='bbox 422 3103 622 3185; x_wconf 82' lang='lat' dir='ltr'>peragendum</span> <span class='ocrx_word' id='word_1_253' title='bbox 645 3113 699 3165; x_wconf 86' lang='lat' dir='ltr'>est.</span> 
     </span>
    </p>
   </div>
   <div class='ocr_carea' id='block_1_3' title="bbox 183 3191 1348 3271">
    <p class='ocr_par' dir='ltr' id='par_1_3' title="bbox 183 3191 1348 3271">
     <span class='ocr_line' id='line_1_31' title="bbox 183 3191 1348 3271; baseline -0.003 -13"><span class='ocrx_word' id='word_1_254' title='bbox 183 3255 184 3258; x_wconf 74' lang='grc'>,</span> <span class='ocrx_word' id='word_1_255' title='bbox 286 3210 320 3257; x_wconf 82' lang='lat' dir='ltr'>eo</span> <span class='ocrx_word' id='word_1_256' title='bbox 426 3194 488 3254; x_wconf 87' lang='lat' dir='ltr'>Nec</span> <span class='ocrx_word' id='word_1_257' title='bbox 505 3195 549 3253; x_wconf 91' lang='lat' dir='ltr'>sic</span> <span class='ocrx_word' id='word_1_258' title='bbox 567 3191 770 3271; x_wconf 86' lang='lat' dir='ltr'>accipiendum</span> <span class='ocrx_word' id='word_1_259' title='bbox 793 3193 940 3271; x_wconf 90' lang='lat' dir='ltr'>estquod</span> <span class='ocrx_word' id='word_1_260' title='bbox 964 3195 1017 3254; x_wconf 86' lang='lat' dir='ltr'>ait:</span> <span class='ocrx_word' id='word_1_261' title='bbox 1045 3193 1083 3254; x_wconf 88' lang='lat' dir='ltr'>Ut</span> <span class='ocrx_word' id='word_1_262' title='bbox 1103 3210 1163 3255; x_wconf 84' lang='lat' dir='ltr'>non</span> <span class='ocrx_word' id='word_1_263' title='bbox 1185 3196 1348 3255; x_wconf 83' lang='lat' dir='ltr'>seduceret</span> 
     </span>
    </p>
   </div>
   <div class='ocr_carea' id='block_1_4' title="bbox 338 3279 1346 3448">
    <p class='ocr_par' dir='ltr' id='par_1_4' title="bbox 338 3279 1346 3448">
     <span class='ocr_line' id='line_1_32' title="bbox 338 3279 1346 3360; baseline -0.001 -18"><span class='ocrx_word' id='word_1_264' title='bbox 338 3279 440 3360; x_wconf 79' lang='lat' dir='ltr'>(iam)</span> <span class='ocrx_word' id='word_1_265' title='bbox 460 3287 582 3357; x_wconf 75' lang='lat' dir='ltr'>pentes,</span> <span class='ocrx_word' id='word_1_266' title='bbox 612 3283 708 3342; x_wconf 83' lang='lat' dir='ltr'>donec</span> <span class='ocrx_word' id='word_1_267' title='bbox 732 3284 884 3354; x_wconf 72' lang='lat' dir='ltr'>finiuntur</span> <span class='ocrx_word' id='word_1_268' title='bbox 910 3284 989 3342; x_wconf 80' lang='lat' dir='ltr'>mille</span> <span class='ocrx_word' id='word_1_269' title='bbox 1016 3285 1105 3354; x_wconf 78' lang='lat' dir='ltr'>onai,</span> <span class='ocrx_word' id='word_1_270' title='bbox 1136 3284 1220 3359; x_wconf 88' lang='lat' dir='ltr'>quasi</span> <span class='ocrx_word' id='word_1_271' title='bbox 1242 3290 1346 3360; x_wconf 90' lang='lat' dir='ltr'>postea</span> 
     </span>
     <span class='ocr_line' id='line_1_33' title="bbox 339 3368 1345 3448; baseline 0 -18"><span class='ocrx_word' id='word_1_272' title='bbox 339 3373 378 3431; x_wconf 92' lang='lat' dir='ltr'>sit</span> <span class='ocrx_word' id='word_1_273' title='bbox 400 3370 578 3431; x_wconf 87' lang='lat' dir='ltr'>seducturus</span> <span class='ocrx_word' id='word_1_274' title='bbox 601 3387 651 3429; x_wconf 89' lang='lat' dir='ltr'>eas</span> <span class='ocrx_word' id='word_1_275' title='bbox 674 3368 825 3428; x_wconf 81' lang='lat' dir='ltr'>dumtaxat</span> <span class='ocrx_word' id='word_1_276' title='bbox 846 3377 963 3448; x_wconf 83' lang='lat' dir='ltr'>gentes,</span> <span class='ocrx_word' id='word_1_277' title='bbox 993 3387 1028 3429; x_wconf 89' lang='lat' dir='ltr'>ex</span> <span class='ocrx_word' id='word_1_278' title='bbox 1052 3369 1161 3447; x_wconf 88' lang='lat' dir='ltr'>quibus</span> <span class='ocrx_word' id='word_1_279' title='bbox 1183 3369 1345 3448; x_wconf 89' lang='lat' dir='ltr'>praedesti-</span> 
     </span>
    </p>
   </div>
   <div class='ocr_carea' id='block_1_5' title="bbox 405 3472 1215 3545">
    <p class='ocr_par' dir='ltr' id='par_1_5' title="bbox 405 3472 1215 3545">
     <span class='ocr_line' id='line_1_34' title="bbox 405 3472 1215 3545; baseline 0.007 -17"><span class='ocrx_word' id='word_1_280' title='bbox 405 3479 432 3544; x_wconf 81' lang='lat' dir='ltr'>s)</span> <span class='ocrx_word' id='word_1_281' title='bbox 450 3474 520 3544; x_wconf 81' lang='lat' dir='ltr'>Eph.</span> <span class='ocrx_word' id='word_1_282' title='bbox 541 3478 604 3541; x_wconf 78' lang='lat'>1,4.</span> <span class='ocrx_word' id='word_1_283' title='bbox 660 3475 704 3542; x_wconf 88' lang='lat'>10)</span> <span class='ocrx_word' id='word_1_284' title='bbox 724 3472 780 3527; x_wconf 75' lang='grc' dir='ltr'>σοι.</span> <span class='ocrx_word' id='word_1_285' title='bbox 800 3478 882 3540; x_wconf 82' lang='lat' dir='ltr'>1,1s.</span> <span class='ocrx_word' id='word_1_286' title='bbox 935 3477 978 3545; x_wconf 85' lang='lat' dir='ltr'>1s)</span> <span class='ocrx_word' id='word_1_287' title='bbox 998 3480 1021 3530; x_wconf 78' lang='lat' dir='ltr'>s.</span> <span class='ocrx_word' id='word_1_288' title='bbox 1042 3475 1112 3531; x_wconf 78' lang='lat' dir='ltr'>Tim.</span> <span class='ocrx_word' id='word_1_289' title='bbox 1132 3483 1157 3545; x_wconf 77' lang='lat'>2,</span> <span class='ocrx_word' id='word_1_290' title='bbox 1173 3485 1215 3534; x_wconf 86' lang='lat' dir='ltr'>1e.</span> 
     </span>
    </p>
   </div>
   <div class='ocr_carea' id='block_1_6' title="bbox 336 3612 1348 3764">
    <p class='ocr_par' dir='ltr' id='par_1_6' title="bbox 336 3612 1348 3764">
     <span class='ocr_line' id='line_1_35' title="bbox 406 3612 1347 3693; baseline 0.009 -24"><span class='ocrx_word' id='word_1_291' title='bbox 406 3622 421 3669; x_wconf 96' lang='lat'>1</span> <span class='ocrx_word' id='word_1_292' title='bbox 434 3614 628 3683; x_wconf 63' lang='lat' dir='ltr'>quodR¹Ga3</span> <span class='ocrx_word' id='word_1_293' title='bbox 641 3614 708 3681; x_wconf 88' lang='lat' dir='ltr'>quia</span> <span class='ocrx_word' id='word_1_294' title='bbox 719 3612 980 3684; x_wconf 75' lang='lat' dir='ltr'>R’AobcppoEn</span> <span class='ocrx_word' id='word_1_295' title='bbox 993 3616 1002 3685; x_wconf 72' lang='lat' dir='ltr'>ll</span> <span class='ocrx_word' id='word_1_296' title='bbox 1016 3618 1205 3686; x_wconf 72' lang='lat' dir='ltr'>aper-tineent</span> <span class='ocrx_word' id='word_1_297' title='bbox 1213 3637 1264 3676; x_wconf 86' lang='lat' dir='ltr'>om.</span> <span class='ocrx_word' id='word_1_298' title='bbox 1274 3622 1347 3693; x_wconf 74' lang='grc' dir='ltr'>ΑπΙΙ</span> 
     </span>
     <span class='ocr_line' id='line_1_36' title="bbox 336 3682 1348 3764; baseline 0.005 -23"><span class='ocrx_word' id='word_1_299' title='bbox 336 3693 351 3741; x_wconf 79' lang='lat' dir='ltr'>‘l</span> <span class='ocrx_word' id='word_1_300' title='bbox 366 3704 436 3756; x_wconf 88' lang='lat' dir='ltr'>quos</span> <span class='ocrx_word' id='word_1_301' title='bbox 450 3704 471 3739; x_wconf 76' lang='grc' dir='ltr'><em>π</em></span> <span class='ocrx_word' id='word_1_302' title='bbox 483 3688 493 3756; x_wconf 74' lang='lat' dir='ltr'>l</span> <span class='ocrx_word' id='word_1_303' title='bbox 507 3690 523 3739; x_wconf 87' lang='lat'><em>8</em></span> <span class='ocrx_word' id='word_1_304' title='bbox 537 3685 588 3738; x_wconf 91' lang='lat' dir='ltr'>hos</span> <span class='ocrx_word' id='word_1_305' title='bbox 602 3702 623 3736; x_wconf 77' lang='grc' dir='ltr'><em>π</em></span> <span class='ocrx_word' id='word_1_306' title='bbox 636 3686 646 3752; x_wconf 78' lang='grc' dir='ltr'>ΙΙ</span> <span class='ocrx_word' id='word_1_307' title='bbox 661 3690 694 3736; x_wconf 88' lang='grc'>10</span> <span class='ocrx_word' id='word_1_308' title='bbox 708 3682 845 3736; x_wconf 75' lang='lat' dir='ltr'>claritatis</span> <span class='ocrx_word' id='word_1_309' title='bbox 858 3701 911 3754; x_wconf 80' lang='lat' dir='ltr'>pp3</span> <span class='ocrx_word' id='word_1_310' title='bbox 926 3685 1084 3742; x_wconf 81' lang='lat' dir='ltr'>dilectionis</span> <span class='ocrx_word' id='word_1_311' title='bbox 1096 3706 1117 3741; x_wconf 80' lang='grc' dir='ltr'><em>π</em></span> <span class='ocrx_word' id='word_1_312' title='bbox 1130 3692 1140 3759; x_wconf 84' lang='grc' dir='ltr'>ΙΙ</span> <span class='ocrx_word' id='word_1_313' title='bbox 1154 3696 1186 3744; x_wconf 90' lang='grc'>11</span> <span class='ocrx_word' id='word_1_314' title='bbox 1202 3692 1243 3763; x_wconf 85' lang='lat' dir='ltr'>in]</span> <span class='ocrx_word' id='word_1_315' title='bbox 1259 3694 1295 3745; x_wconf 86' lang='lat' dir='ltr'>ad</span> <span class='ocrx_word' id='word_1_316' title='bbox 1307 3697 1348 3764; x_wconf 80' lang='grc' dir='ltr'>πΙΙ</span> 
     </span>
    </p>
   </div>
   <div class='ocr_carea' id='block_1_7' title="bbox 340 3758 1460 3855">
    <p class='ocr_par' dir='ltr' id='par_1_7' title="bbox 340 3758 1460 3855">
     <span class='ocr_line' id='line_1_37' title="bbox 340 3758 1460 3855; baseline 0.005 -40"><span class='ocrx_word' id='word_1_317' title='bbox 340 3765 372 3815; x_wconf 89' lang='grc'>13</span> <span class='ocrx_word' id='word_1_318' title='bbox 397 3759 508 3826; x_wconf 72' lang='lat' dir='ltr'>ignoret</span> <span class='ocrx_word' id='word_1_319' title='bbox 534 3776 555 3810; x_wconf 79' lang='grc' dir='ltr'><strong><em>π</em></strong></span> <span class='ocrx_word' id='word_1_320' title='bbox 577 3760 587 3826; x_wconf 71' lang='lat' dir='ltr'>l</span> <span class='ocrx_word' id='word_1_321' title='bbox 610 3763 642 3810; x_wconf 84' lang='grc'>17</span> <span class='ocrx_word' id='word_1_322' title='bbox 666 3758 737 3811; x_wconf 88' lang='lat' dir='ltr'>nihil</span> <span class='ocrx_word' id='word_1_323' title='bbox 764 3760 850 3827; x_wconf 81' lang='lat' dir='ltr'>ApE</span> <span class='ocrx_word' id='word_1_324' title='bbox 871 3764 879 3827; x_wconf 86' lang='grc' dir='ltr'>ΙΙ</span> <span class='ocrx_word' id='word_1_325' title='bbox 903 3766 936 3813; x_wconf 74' lang='grc'>23</span> <span class='ocrx_word' id='word_1_326' title='bbox 960 3765 1053 3816; x_wconf 81' lang='lat' dir='ltr'>essent</span> <span class='ocrx_word' id='word_1_327' title='bbox 1079 3759 1242 3833; x_wconf 67' lang='lat' dir='ltr'>R¹apr3</span> <span class='ocrx_word' id='word_1_328' title='bbox 1272 3770 1347 3821; x_wconf 85' lang='lat' dir='ltr'>esset</span> <span class='ocrx_word' id='word_1_329' title='bbox 1459 3830 1460 3855; x_wconf 24' lang='grc'>1</span> 
     </span>
    </p>
   </div>
   <div class='ocr_carea' id='block_1_8' title="bbox 340 3828 1094 3898">
    <p class='ocr_par' dir='ltr' id='par_1_8' title="bbox 340 3828 1094 3898">
     <span class='ocr_line' id='line_1_38' title="bbox 340 3828 1094 3898; baseline 0.004 -13"><span class='ocrx_word' id='word_1_330' title='bbox 340 3830 497 3898; x_wconf 66' lang='grc' dir='ltr'>Ε’θπσρυ</span> <span class='ocrx_word' id='word_1_331' title='bbox 511 3830 520 3897; x_wconf 88' lang='grc' dir='ltr'>ΙΙ</span> <span class='ocrx_word' id='word_1_332' title='bbox 533 3844 585 3881; x_wconf 89' lang='lat' dir='ltr'>nec</span> <span class='ocrx_word' id='word_1_333' title='bbox 604 3831 689 3896; x_wconf 70' lang='lat' dir='ltr'>olel</span> <span class='ocrx_word' id='word_1_334' title='bbox 709 3828 766 3881; x_wconf 85' lang='lat' dir='ltr'>iam</span> <span class='ocrx_word' id='word_1_335' title='bbox 783 3845 834 3883; x_wconf 86' lang='lat' dir='ltr'>om.</span> <span class='ocrx_word' id='word_1_336' title='bbox 855 3831 968 3886; x_wconf 59' lang='lat' dir='ltr'>Rani</span> <span class='ocrx_word' id='word_1_337' title='bbox 987 3834 1043 3887; x_wconf 83' lang='lat' dir='ltr'>rell.</span> <span class='ocrx_word' id='word_1_338' title='bbox 1063 3834 1094 3887; x_wconf 84' lang='lat' dir='ltr'><strong><em>E</em></strong></span> 
     </span>
    </p>
   </div>
   <div class='ocr_carea' id='block_1_9' title="bbox 0 0 1658 4459">
    <p class='ocr_par' dir='ltr' id='par_1_9' title="bbox 0 0 1658 4459">
     <span class='ocr_line' id='line_1_39' title="bbox 0 0 1658 4459; baseline 0 0"><span class='ocrx_word' id='word_1_339' title='bbox 0 0 1658 4459; x_wconf 95' lang='lat' dir='ltr'> </span> 
     </span>
    </p>
   </div>
  </div>
 </body>
</html>
