3284 4459
348 481 412 545 188
747 493 777 544 s.
790 493 955 537 cucusum

348 631 430 712 ficio,
458 628 605 708 coniugali
628 629 697 697 ,iure
724 637 854 709 servato,
881 637 914 690 ut
937 645 1034 708 neque
1061 627 1270 709 hoc-iaceret,
1298 629 1355 688 uisi

349 736 458 780 uxores
479 720 551 782 eius
577 717 607 778 id
630 717 700 778 fieri
726 717 920 797 flagitassent,
953 735 1027 795 quae
1060 720 1194 795 corporis
1226 718 1281 776 viri
1308 719 1357 778 sui

348 805 497 875 habebant
527 805 688 884 legitimam
718 814 903 885 potestatem.
957 803 1065 866 Cenuit
1097 821 1168 883 ergo
1200 804 1357 866 duodecim

350 895 426 956 filios
448 903 480 956 et
502 912 591 962 unam
614 893 702 955 hlium
726 911 762 954 ex
786 902 926 972 quattuor
944 891 1131 956 mulieribus.
1177 891 1288 960 Deinde
1311 895 1357 952 in-

314 995 473 1062 tgressus
502 990 548 1044 est
577 983 607 1043 iu
635 983 798 1061 Aegyptum
829 999 883 1060 per
912 980 1004 1042 filium
1034 998 1122 1041 suum
1153 979 1272 1062 loseph,
1304 983 1358 1058 qui

350 1071 486 1134 venditus
510 1069 546 1130 ub
569 1069 769 1135 invidentibus
792 1068 935 1130 iratribus
958 1087 993 1129 eo
1012 1069 1174 1148 perductus
1194 1069 1249 1129 suit
1267 1076 1360 1146 atque

350 1159 457 1220 ibidem
482 1158 665 1220 sublimatus.

712 1363 830 1430 Cneur
852 1363 999 1430 XXXIX.

356 1497 441 1570 Quae
464 1496 545 1556 ratio
560 1492 683 1570 fecerit,
704 1501 740 1554 ut
752 1493 847 1554 Iacob
861 1496 952 1554 etiam
966 1492 1068 1553 Israel
1080 1496 1361 1568 repromitteretur.

300 1632 334 1681 ιο
442 1616 529 1679 Iacob
548 1625 645 1677 autem
665 1617 753 1676 etiam
767 1615 867 1690 lsrael,
891 1616 967 1675 sicut
985 1613 1071 1693 poulo
1090 1622 1158 1676 unte
1181 1616 1251 1697 dixi,
1274 1635 1358 1677 voca-

351 1707 447 1788 batur,
470 1704 549 1785 qnod
573 1722 681 1766 nomen
708 1705 799 1782 magis
827 1703 954 1782 populus
978 1721 1013 1762 ex
1037 1702 1086 1763 illo
1109 1715 1282 1783 procreatus
1306 1705 1358 1765 ob·

351 1796 448 1857 tinuit.
499 1792 562 1854 Hoc
590 1803 688 1852 autem
716 1810 824 1852 nomen
852 1791 893 1851 iiii
920 1790 956 1851 cb
984 1791 1087 1869 augeio
1114 1794 1276 1872 inpositum
1303 1804 1362 1875 est,

352 1887 403 1962 qui
430 1900 497 1943 cum
526 1880 575 1942 illo
603 1881 700 1941 iuerat
727 1882 758 1940 in
786 1881 892 1940 itinere
921 1878 957 1940 de
980 1879 1188 1959 Mesopotamia
1212 1881 1358 1942 redeunte

351 1973 493 2050 luctatus,
520 1979 622 2049 typum
646 1967 755 2028 Christi
778 1967 996 2028 evidentissime
1019 1985 1134 2046 gerens.
1180 1967 1253 2029 Nam
1277 1969 1359 2047 quod

301 2072 332 2122 15
351 2062 379 2120 ei
398 2057 559 2138 praevoluit
573 2055 668 2137 iacob,
692 2058 795 2134 utique
813 2054 931 2136 uolenti,
954 2065 987 2116 ut
1011 2058 1183 2136 mysterium
1206 2058 1361 2138 figuraret,

351 2149 496 2228 significat
522 2148 689 2226 passionem
717 2143 840 2224 Christi,
875 2143 925 2205 ubi
952 2146 1006 2204 visi
1035 2153 1105 2204 sunt
1133 2146 1160 2206 ei
1187 2145 1358 2224 praevalere

351 2235 459 2296 ludaei.
504 2233 542 2295 Et
563 2243 662 2294 tomen
685 2231 921 2294 benedictionem
944 2231 980 2293 ab
1004 2232 1108 2292 eodem
1131 2233 1243 2313 angelo,
1267 2251 1359 2312 quem

352 2331 554 2403 superaverat,
585 2323 765 2401 impetravit,
797 2339 831 2381 cc
864 2321 906 2380 sic
938 2319 1027 2381 huius
1060 2323 1187 2381 nominis
1217 2324 1360 2400 inpositio

352 2411 519 2472 benedictio
543 2411 606 2470 suit.
640 2408 857 2489 interpretatur
879 2417 976 2469 autem
995 2407 1086 2468 lsrael
1100 2407 1220 2489 „videns
1235 2405 1357 2491 Deum“,

299 2513 333 2562 20
353 2500 431 2580 quod
455 2501 517 2560 erit
543 2500 575 2559 in
602 2497 660 2557 fine
683 2499 846 2576 praemium
870 2505 1039 2557 sanctorum
1063 2499 1202 2557 omnium.
1247 2497 1359 2576 Tetigit

352 2607 442 2667 porro
469 2587 512 2646 iili
538 2585 617 2650 idem
640 2585 761 2665 angelus
783 2584 874 2645 veluti
900 2584 1079 2664 praevalenti
1108 2584 1291 2645 latitudinem
1309 2589 1358 2645 de·

352 2678 443 2736 moris
469 2692 598 2753 eumque
626 2675 683 2733 isio
707 2673 793 2733 modo
817 2673 953 2735 claudum
981 2671 1117 2733 reddidit.
1163 2671 1235 2733 Erat
1257 2676 1360 2752 itaque

352 2781 431 2824 unus
460 2773 547 2841 etque
575 2761 652 2821 idem
680 2761 766 2821 Iacob
793 2770 824 2821 et
850 2761 1024 2821 benedictus
1047 2769 1077 2822 et
1100 2760 1235 2840 claudus3
1268 2762 1357 2822 bene·

354 2853 450 2913 dictus
472 2853 503 2912 iu
526 2852 583 2929 eis,
606 2851 657 2928 qtti
679 2851 711 2908 in
734 2847 883 2909 Christum
907 2867 942 2908 ex
966 2847 1069 2909 ecdem
1093 2849 1201 2930 populo
1225 2849 1358 2910 credide·

301 2953 334 3001 25
353 2947 438 3020 runt,
461 2948 548 3017 atque
571 2940 601 2998 iu
625 2936 792 2996 iuiideiibus
816 2935 946 2997 claudus
992 2936 1065 2996 Nam
1090 2938 1210 2998 femoris
1233 2937 1361 2998 latitudo

352 3029 470 3107 generis
498 3024 654 3086 multitudo
683 3034 737 3086 est.
781 3024 887 3084 Plures
915 3027 1024 3104 quippe
1044 3035 1122 3086 sunt
1145 3028 1175 3085 in
1199 3044 1232 3085 ea
1256 3029 1360 3106 stirpe,

353 3117 389 3177 de
414 3114 521 3194 quibus
544 3113 717 3193 prophetice
740 3112 925 3191 praedictum
949 3123 1007 3173 est:
1040 3115 1080 3174 Et
1107 3116 1359 3176 claudicaverunt

353 3207 507 3266 cremitis
528 3204 606 3262 scic·
692 3241 695 3245 >
798 3239 801 3243 -

420 3309 1016 3405 mmmmm.wmmm
1125 3323 1175 3352 ·’

350 3481 561 3493 ,ψ--η-..μ

350 3658 383 3706 21
421 3580 555 3706 dlfpcppib
570 3580 650 3652 Ffp3
668 3579 755 3634 fuerit
767 3596 828 3651 ppo
841 3582 851 3650 11
864 3579 945 3634 iacob
960 3595 1010 3638 out.
1022 3595 1065 3650 pq
1078 3579 1088 3647 h
1103 3581 1135 3631 18
1149 3575 1232 3629 huius
1246 3569 1297 3629 om.
1311 3575 1339 3633 R
1353 3578 1362 3646 Ε

393 3668 469 3707 ‚ueu
531 3669 548 3707 o
