3284 4459
334 509 401 575 374
736 521 936 564 sauousrnu

333 660 406 741 tuit,
433 659 501 738 quie
524 657 582 719 tale
605 666 771 718 monstrum
793 659 858 736 ipse
880 674 941 716 non
963 658 1080 735 gentiit3
1108 654 1181 716 nibil
1203 657 1345 734 cuiquam

334 748 426 829 daret,
448 745 502 808 sed
524 764 541 808 a
565 765 623 826 quo
646 755 747 825 posset
769 743 913 824 quidquid
936 743 1024 804 uellet
1046 752 1078 804 et
1101 742 1219 824 quando
1241 753 1345 823 posset

334 852 424 915 quem
450 833 538 896 vellet
567 835 711 895 auferret:
741 841 841 895 tamen
868 834 899 892 in
928 835 992 912 ipsa
1022 850 1077 893 sua
1104 833 1246 911 spelunca
1275 832 1344 892 soli·

334 924 418 1005 uria,
440 925 539 1003 cuius,
562 932 595 983 ut
617 921 809 996 describitur,
833 938 951 1000 semper
974 923 1089 981 recenti
1111 920 1201 981 caede
1224 920 1345 1000 tepebat

299 1023 316 1072 o
334 1012 452 1092 humus,
474 1009 547 1072 nihil
569 1010 648 1071 aliud
672 1028 759 1090 quam
782 1026 886 1088 pacem
907 1008 1033 1089 uolebat,
1055 1011 1086 1069 in
1110 1027 1168 1088 qua
1191 1026 1278 1070 nemo
1300 1008 1345 1069 illi

334 1099 477 1161 molestus
499 1107 592 1179 esset,
620 1115 675 1159 nec
703 1100 768 1159 eius
790 1099 921 1176 quietem
944 1099 988 1158 vis
1010 1096 1100 1158 ullius
1122 1106 1258 1158 terrorve
1279 1106 1345 1158 tur-

334 1187 426 1249 baret.
473 1185 547 1248 Cum
565 1204 691 1266 corpore
710 1186 838 1264 denique
862 1203 917 1246 suo
935 1203 1040 1265 pacem
1063 1184 1173 1246 babere
1195 1184 1346 1265 cupiebat,

334 1284 365 1337 et
388 1285 530 1355 quantum
553 1273 687 1356 babebat,
710 1282 825 1336 tanturn
848 1273 923 1334 bene
946 1273 990 1334 illi
1013 1281 1086 1334 erat.
1131 1273 1256 1345 Quando
1279 1277 1344 1352 qui-

334 1365 402 1426 dem
434 1362 576 1426 membris
607 1361 882 1442 obtemperantibus
912 1360 1095 1443 imperabat,
1131 1369 1163 1422 et
1193 1369 1229 1422 ut
1259 1380 1345 1423 suam

283 1463 317 1516 10
333 1451 542 1515 mortalitatem
574 1451 729 1512 adversum
760 1468 793 1511 se
826 1469 863 1510 ex
894 1450 1057 1529 indigentia
1085 1448 1280 1511 rebellantem
1309 1468 1345 1510 ac

334 1539 509 1602 seditionem
537 1540 622 1600 lamis
650 1539 686 1600 ad
713 1537 929 1600 dissociandam
958 1546 1047 1617 atque
1070 1537 1284 1599 excludendam
1307 1539 1345 1600 de

334 1645 460 1708 corpore
491 1629 617 1688 animam
649 1629 847 1688 concitantem
878 1637 988 1706 quanta
1019 1636 1123 1706 posset
1154 1626 1344 1687 testinatione

334 1723 466 1796 pacaret,
492 1714 625 1794 rapiebat
652 1715 775 1776 necabat
801 1714 923 1776 vorabat
951 1725 982 1776 et
1003 1717 1137 1794 quamvis
1159 1717 1286 1776 inmanis
1310 1733 1345 1775 ac

335 1805 417 1866 ierus
439 1805 506 1882 paci
527 1812 626 1863 tamen
656 1821 726 1864 suae
749 1806 826 1864 vitae
848 1821 883 1865 ac
905 1803 1009 1864 salutis
1031 1804 1191 1864 inmaniter
1209 1821 1245 1863 ae
1266 1803 1344 1862 iero·

284 1904 317 1954 to
335 1895 411 1953 citer
429 1890 614 1972 consulebat;
637 1909 671 1952 ac
693 1910 748 1970 per
770 1891 828 1952 boc
851 1893 877 1953 si
898 1909 1011 1973 pacem,
1034 1909 1122 1970 quiam
1144 1893 1176 1952 in
1198 1909 1252 1951 sna
1275 1909 1345 1971 spe-

334 1981 421 2042 lunca
448 1988 536 2059 atque
563 1983 596 2040 in
624 1998 657 2041 se
687 1982 751 2059 ipso
778 1979 889 2040 babere
917 1983 988 2041 satis
1016 1979 1133 2061 agebat,
1163 1982 1252 2040 etiam
1275 1998 1344 2041 oum

334 2069 399 2130 aliis
428 2067 537 2130 babere
566 2067 668 2150 vellet,
700 2086 755 2128 nec
783 2067 878 2128 malus
905 2087 961 2129 nec
988 2076 1156 2129 monstrum
1178 2086 1234 2129 nec
1255 2071 1344 2129 semi-

334 2156 423 2218 homo
450 2165 614 2218 vocaretur.
659 2157 718 2218 Aut
744 2158 770 2218 si
793 2158 859 2218 eius
881 2158 1017 2236 corporis
1039 2156 1134 2216 iorma
1156 2164 1187 2217 et
1208 2164 1344 2217 atrorum

334 2248 448 2325 ignium
479 2248 606 2307 vomitus
638 2244 675 2306 ab
707 2262 742 2305 eo
774 2244 945 2305 deterrebat
975 2244 1129 2304 bominum
1161 2246 1345 2324 societatem,

282 2346 317 2398 80
335 2335 412 2395 iorte
435 2352 495 2394 uon
517 2334 644 2395 nocendi
667 2333 842 2414 cupiditate,
864 2333 918 2394 sed
940 2333 1056 2393 vivendi
1079 2335 1256 2393 necessitate
1279 2351 1344 2393 sae·

335 2422 439 2484 viebat.
484 2421 593 2483 Verum
622 2423 679 2484 istc
706 2439 766 2482 non
794 2421 886 2482 luerit
913 2421 974 2502 rel,
1001 2421 1081 2500 quod
1104 2423 1196 2499 magis
1219 2421 1344 2481 creden-

334 2511 405 2571 dum
428 2518 483 2591 est,
506 2528 565 2571 non
583 2509 651 2570 talis
672 2511 771 2591 fuerit,
794 2508 889 2588 qualis
911 2510 1027 2589 poetica
1050 2511 1177 2569 vanitate
1199 2508 1344 2570 describi·

336 2607 398 2677 tur3
427 2600 484 2658 uisi
508 2600 586 2658 enim
610 2600 697 2659 nimis
720 2605 912 2658 accusaretur
935 2596 1043 2677 Cacus,
1069 2614 1174 2676 parum
1198 2595 1344 2658 Hercules

334 2684 513 2746 laudaretur.
557 2685 636 2745 Talis
666 2703 736 2763 ergo
764 2686 852 2745 bomo
880 2688 942 2746 siue
969 2684 1132 2746 semihomo
1164 2685 1283 2766 melius,
1310 2694 1345 2746 ut

282 2786 316 2838 tt
335 2773 409 2855 dixi,
432 2774 565 2834 creditur
588 2773 775 2855 rodininse,
803 2776 882 2835 sicut
903 2773 995 2834 multa
1018 2775 1156 2852 figmenta
1178 2783 1344 2853 poetarum.

334 2860 418 2940 lpsae
451 2864 530 2922 enim
561 2863 745 2923 saevissimae
776 2862 873 2942 ferae,
905 2861 984 2922 unde
1016 2861 1066 2922 ille
1095 2871 1210 2940 partem
1240 2861 1347 2922 babuit

335 2951 460 3010 feritatis
490 2943 573 3030 (nam
603 2958 633 3010 et
662 2950 819 3011 semiferus
847 2949 945 3011 dictus
968 2943 1044 3031 est),
1071 2967 1165 3028 genus
1188 2952 1345 3029 proprium

335 3036 460 3116 quadam
478 3056 550 3116 pace
569 3036 740 3098 custodiunt
771 3038 906 3098 coeundo
924 3037 1071 3117 gignendo
1089 3037 1241 3119 pariendo,
1264 3038 1345 3098 letus

335 3126 460 3186 lovendo
484 3134 572 3203 atque
600 3127 772 3207 nutriendo,
800 3144 869 3187 cum
891 3128 952 3187 sint
973 3126 1133 3206 pleraeque
1155 3124 1346 3187 insociabiles

282 3228 317 3279 to
336 3222 366 3274 et
394 3215 550 3294 solivagam
577 3233 637 3275 non
665 3215 779 3275 scilicet
806 3223 840 3276 ut
866 3233 937 3275 oves
966 3216 1047 3274 cerri
1069 3211 1222 3275 columbae
1245 3216 1347 3275 sturni

335 3321 418 3384 apes,
446 3303 497 3363 sed
526 3311 559 3363 ut
586 3302 687 3363 leones
714 3302 777 3382 lupi
804 3301 908 3381 uulpes
934 3301 1048 3381 aquilae
1079 3310 1215 3363 noctuae.
1260 3301 1346 3373 Quae

335 3393 414 3451 enim
446 3393 531 3469 tigris
562 3409 621 3452 non
653 3391 721 3451 filiis
751 3391 814 3451 suis
846 3391 927 3451 mitis
957 3392 1156 3450 inmurmurat
1182 3399 1214 3451 et
1241 3400 1348 3470 pacata

402 3508 430 3574 b)
448 3501 531 3571 Verg.
549 3503 618 3557 Aen.
638 3505 779 3569 8‚195sq.
826 3503 871 3572 2‘1)
889 3501 959 3556 Aen.
978 3505 1003 3568 8,
1018 3507 1079 3557 eor.

403 3631 419 3679 a
439 3640 522 3692 quem
535 3625 620 3692 Rub3
636 3639 691 3696 que
705 3641 736 3690 ας
751 3641 815 3678 oum
828 3623 947 3694 Δθρρς
961 3625 990 3678 et
1003 3640 1067 3678 oum
1080 3625 1198 3694 Eutime
1212 3628 1243 3682 et
1255 3643 1348 3697 quan-

332 3697 394 3750 tum
411 3711 445 3750 eo
458 3697 467 3764 l
482 3700 515 3748 14
535 3696 564 3747 et
580 3693 664 3748 feroc.
678 3711 695 3748 o
708 3696 718 3764 fl
732 3699 764 3746 22
783 3709 840 3748 non
854 3694 923 3748 talis
937 3710 1002 3762 mee3
1020 3695 1088 3750 telis
1101 3711 1158 3750 non
1171 3713 1188 3751 o
1200 3698 1211 3768 Ι
1224 3701 1258 3752 80
1277 3715 1347 3754 oues

332 3764 562 3894 Ἀοῑαῗιθξοζξνῆ.
577 3766 634 3887 evall.
649 3765 696 3819 leb.
710 3767 747 3818 12
760 3781 781 3818 c.
795 3767 834 3817 22
846 3766 857 3833 l
870 3769 903 3819 at
921 3763 984 3834 lupi
997 3767 1026 3820 A
1040 3768 1087 3834 (cf.
1101 3765 1215 3822 eundem
1229 3769 1330 3838 ῑοωηι)
1337 3791 1349 3836 ;
