3284 4459
558 507 599 547 oe
612 503 753 547 amnena
766 506 820 546 nnr
832 505 859 546 n.
872 505 934 547 xvr
948 505 971 546 o.
985 507 1005 546 r.
1018 507 1038 547 e.
1240 490 1305 554 135

296 641 517 720 figurandarum
545 642 691 706 variarum
723 642 855 719 gentium
887 648 1010 719 propter
1037 638 1178 700 ecclesiae
1208 656 1303 699 sacra·

296 737 431 790 mentum
457 731 488 789 in
516 745 583 788 area
610 729 702 790 luisse
730 731 828 788 omnia
851 745 972 807 genera,
1002 730 1028 788 si
1051 729 1081 788 iu
1104 726 1221 807 insulis,
1245 744 1303 806 quo

296 819 424 878 transire
447 833 507 877 nen
529 825 660 898 possent,
683 815 773 878 multa
797 816 930 876 animalia
954 826 1033 876 terra
1056 815 1202 895 produxit.

692 1004 807 1072 Oneon
827 1005 915 1070 VIII.

323 1138 372 1197 Aa
395 1153 436 1197 ex
455 1138 677 1212 propoqationc
699 1136 797 1194 Adam
819 1138 868 1195 uel
884 1137 1020 1208 filiorum
1042 1135 1106 1194 Noe
1127 1135 1277 1209 quaedam
1323 1143 1339 1192 5

459 1241 576 1300 qenera
598 1224 750 1284 homiuum
772 1230 940 1283 monstroso
960 1224 1140 1300 prodierint.

388 1347 549 1418 Quaeritur
575 1348 677 1425 etiarn,
703 1353 805 1406 utrum
829 1363 864 1406 ex
888 1345 955 1406 filiis
977 1345 1039 1405 Noe
1067 1345 1113 1405 vel
1135 1347 1235 1424 potius
1267 1363 1303 1406 ex

296 1435 347 1496 illo
380 1453 440 1496 uno
472 1435 605 1515 homine,
638 1434 714 1494 unde
743 1435 831 1494 etiam
858 1436 916 1512 ipsi
943 1435 1119 1513 extiterunt,
1146 1442 1304 1512 propagata

296 1541 363 1584 esse
388 1521 575 1588 credendum¹
592 1525 632 1582 sit
654 1522 795 1602 quaedam
824 1530 988 1582 monstrosa
1011 1520 1163 1582 hominum
1186 1539 1303 1604 genera,

297 1629 373 1690 quae
403 1614 536 1690 gentium
564 1619 664 1671 narrat
690 1609 826 1692 historia,
856 1612 934 1670 sieut
960 1608 1156 1689 perhibentur
1185 1610 1304 1689 quidam
1323 1618 1357 1666 ιο

299 1715 392 1761 unmn
416 1699 525 1760 habere
549 1699 668 1759 oculum
690 1700 721 1758 in
743 1699 841 1758 ironte
865 1697 970 1777 media,
993 1697 1168 1776 quibusdam
1190 1698 1305 1779 plantas

298 1805 397 1848 versas
428 1805 494 1848 esse
521 1796 589 1866 post
616 1803 718 1867 crura,
749 1785 924 1864 quibusdam
947 1788 1103 1865 utriusque
1127 1805 1216 1848 sexus
1238 1805 1304 1848 esse

297 1886 433 1937 naturam
467 1883 497 1936 et
525 1876 657 1936 dextram
685 1891 839 1934 mammam
867 1873 994 1952 virilem,
1021 1876 1172 1936 sinistram
1202 1876 1304 1936 mulie-

296 1963 396 2044 brem,
426 1963 598 2042 vicibusque
622 1966 700 2024 inter
723 1981 755 2023 se
778 1962 914 2024 coeundo
935 1971 967 2023 et
988 1965 1110 2042 gignere
1133 1973 1163 2025 et
1185 1981 1304 2043 parere;

297 2052 361 2113 aliis
385 2070 437 2112 ora
465 2071 525 2112 non
551 2068 618 2112 esse
648 2069 758 2130 eosque
790 2068 845 2131 per
876 2069 963 2111 nares
985 2052 1189 2113 tantummodo
1212 2051 1304 2113 halitu
1325 2061 1356 2108 15

297 2143 405 2221 rivere,
429 2140 500 2200 alios
515 2148 627 2200 statura
646 2157 711 2200 esse
731 2138 884 2220 cubitales,
903 2157 977 2218 quos
990 2138 1152 2219 Pygmaeos
1169 2158 1185 2199 a
1204 2138 1305 2200 cubito

297 2228 403 2289 Graeci
432 2236 554 2308 vocant,
586 2226 655 2288 alibi
689 2229 897 2306 quinquennes
927 2229 1085 2307 concipere
1121 2227 1246 2288 feminas
1276 2237 1306 2289 et

297 2325 434 2378 octavum
462 2319 537 2377 vitae
565 2333 673 2376 annum
711 2333 769 2376 non
802 2315 954 2376 excedere.
1011 2315 1086 2376 ltem
1113 2316 1213 2376 lerunt
1239 2333 1305 2376 esse

296 2413 425 2485 gentem,
449 2404 500 2464 ubi
519 2403 633 2482 singula
652 2421 739 2464 crura
757 2407 788 2464 in
807 2402 932 2482 pedibus
954 2403 1064 2464 habent
1087 2421 1142 2464 nec
1164 2403 1306 2483 poplitem

296 2493 438 2573 llectunt,
461 2501 492 2552 et
513 2501 584 2554 sunt
607 2490 748 2553 mirabilis
772 2492 947 2571 celeritatis;
974 2509 1049 2570 quos
1073 2489 1233 2571 Sciopodas
1255 2509 1304 2552 vo·
1324 2502 1358 2551 20

297 2590 379 2662 cant,
408 2581 486 2659 quod
515 2599 569 2660 per
596 2589 711 2641 aestum
733 2583 763 2640 in
787 2589 867 2640 terra
891 2583 1020 2640 iacentes
1043 2582 1176 2660 resupini
1199 2579 1305 2640 umbra

297 2687 329 2731 se
354 2668 464 2748 pedum
486 2677 655 2748 protegant3
679 2668 821 2748 quosdam
844 2671 908 2729 sine
932 2670 1046 2729 cervice
1070 2667 1172 2729 oorrlos
1195 2667 1303 2730 haben-

296 2767 343 2819 tes
375 2759 406 2817 in
439 2759 566 2838 rimeris,
598 2766 628 2816 et
655 2765 754 2817 cetera
784 2755 935 2816 hominum
965 2755 1010 2816 vel
1039 2759 1123 2836 quasi
1152 2756 1305 2818 hominum

296 2863 421 2926 genera,
445 2863 519 2923 quae
543 2847 573 2904 in
597 2846 742 2904 maritima
765 2844 860 2922 platea
882 2843 1067 2923 Carthaginis
1090 2848 1204 2906 musivo
1225 2849 1304 2924 picta

296 2942 377 3013 sunt,
402 2951 438 2993 ex
456 2932 540 2993 libris
559 2931 732 3012 deprompta
751 2931 831 2993 velut
848 2935 1021 2994 curiosioris
1042 2933 1193 2994 historiae.
1227 2933 1305 3004 Quid
1324 2944 1357 2992 25

296 3023 393 3083 dicam
423 3020 460 3081 de
483 3019 708 3101 cynocephalis,
736 3039 863 3100 quorum
886 3022 990 3081 canina
1012 3023 1107 3101 capita
1130 3030 1218 3100 atque
1241 3024 1304 3100 ipse

296 3110 422 3170 latratus
455 3111 548 3188 magis
585 3107 695 3170 bestias
732 3127 820 3188 quam
852 3109 987 3170 homines
1017 3107 1200 3170 confitetur?
1247 3109 1305 3170 Sed

295 3199 396 3258 omnia
419 3214 528 3276 genera
551 3196 716 3276 hominnm,
739 3214 814 3275 quae
838 3196 979 3258 dicuntur
1001 3209 1077 3278 esse,
1099 3197 1223 3259 eredere
1246 3216 1306 3258 non

297 3295 343 3347 est
367 3301 499 3346 necesse.
543 3283 666 3345 Verum
683 3287 817 3363 quisquis
844 3287 958 3363 uspiam
986 3288 1118 3346 nascitur
1147 3286 1249 3365 homo,
1276 3286 1304 3346 iel

297 3385 344 3435 est
367 3372 474 3433 animal
498 3372 638 3434 rationale
662 3373 798 3455 mortale,
822 3371 982 3452 quemlihet
1005 3376 1115 3434 nostris
1137 3375 1305 3434 inusitatam
1325 3385 1359 3435 30

297 3461 437 3523 sensibus
460 3469 542 3540 gerat
565 3463 699 3540 eorporis
729 3461 854 3523 sormam
876 3477 929 3522 seu
953 3460 1087 3522 colorem
1106 3463 1167 3521 sire
1190 3470 1304 3520 motum

370 3603 386 3651 3
400 3599 519 3668 possunt
534 3597 559 3652 G
572 3597 582 3668 ll
596 3601 612 3650 ὅ
626 3595 831 3666 propagatione
841 3596 922 3665 Ffp3
936 3597 1092 3666 propagine
1105 3611 1165 3666 qqo
1169 3597 1189 3665 fl
1201 3599 1217 3647 9
1231 3611 1309 3649 mon-

297 3669 409 3724 struosa
429 3669 473 3724 Ge
493 3669 503 3738 ll
526 3673 570 3722 14
576 3666 742 3736 uicibusque
760 3667 836 3720 inber
853 3681 884 3720 se
901 3683 955 3721 mse
972 3667 1000 3735 (l.
1016 3669 1125 3721 19c.2
1142 3667 1181 3720 iu
1201 3665 1309 3722 vicibus

297 3741 416 3810 agitnrlq
430 3737 594 3806 vicibusque
603 3737 744 3792 alternieu
757 3739 767 3808 ll
782 3743 814 3791 te
824 3753 895 3806 quos
905 3753 955 3792 ont.
967 3738 1014 3806 Vll
1029 3741 1061 3790 at
1072 3736 1255 3790 concumbere
1267 3739 1310 3807 71

298 3817 333 3866 20
352 3810 551 3880 quotane,-
569 3809 615 3864 rcd
633 3809 667 3874 ef.
688 3809 762 3863 Plio.
780 3816 838 3862 noc
858 3809 919 3862 hiet.
940 3811 966 3874 7,
979 3811 1017 3862 23
