3284 4459
552 533 592 574 nn
606 533 748 574 emmanu
761 533 815 573 oar
828 534 855 576 o.
870 534 956 574 xr111.
971 532 994 574 c.
1007 535 1041 574 12.
1236 515 1299 580 211

295 667 330 729 ad
358 665 484 728 alterum
507 666 665 728 Herculem
692 668 837 750 pertinet,
863 669 894 728 in
918 666 990 728 Oeta
1019 676 1119 728 monte
1142 685 1158 727 a
1181 684 1213 727 se
1236 668 1302 745 ipso

295 757 449 816 incensum
468 755 598 833 produnt
617 758 679 816 suis
702 755 818 836 litteris,
841 773 909 816 crrm
932 774 966 816 ea
989 758 1107 836 virtute,
1130 772 1187 833 qua
1209 753 1302 814 multa

296 842 468 924 subegerat,
500 842 634 903 morbum
658 853 772 925 tamen,
795 862 854 922 qno
877 843 1048 925 languebat,
1071 845 1218 903 sustinere
1242 860 1301 902 nou

295 941 403 1012 posset.
448 924 501 991 lllo
526 940 658 1012 tempore
686 932 730 1014 vel
759 951 809 992 rer
834 932 879 992 vel
902 935 1000 1012 potins
1022 941 1165 1010 tyrannus
1187 929 1302 990 Busiris

296 1023 357 1081 suis
379 1020 435 1081 diis
460 1038 529 1080 snos
553 1018 684 1099 hospites
707 1010 889 1100 immolabat,
919 1039 1006 1099 quem
1029 1019 1121 1080 lrlinm
1145 1017 1337 1098 perhibente

297 1110 386 1169 luisse
409 1107 539 1187 Neptuni
563 1127 599 1168 ex
622 1118 715 1169 matre
740 1107 838 1188 Libya,
861 1109 919 1169 iilia
942 1107 1063 1188 Epaphi
1109 1107 1218 1168 Verum
1241 1124 1300 1166 non

296 1198 434 1258 credatur
462 1196 516 1257 hoc
545 1206 681 1276 stuprum
709 1207 896 1276 perpetrasse
918 1196 1089 1276 Neptunus,
1120 1214 1159 1256 ne
1186 1195 1227 1254 dii
1253 1211 1301 1255 ac·

296 1295 451 1364 cusentur3
482 1285 532 1346 sed
562 1287 657 1364 poetis
687 1296 718 1346 et
750 1286 873 1346 theatris
902 1287 958 1347 ista
987 1284 1173 1363 tribuentur,
1199 1290 1234 1344 ut
1263 1284 1302 1342 sit

296 1373 373 1434 unde
406 1373 568 1451 placentur.
620 1371 805 1436 Erichthonii
838 1375 916 1453 regis
948 1373 1186 1453 Atheniensium,
1215 1374 1301 1431 cuius

296 1463 462 1523 novissimis
489 1463 574 1522 annis
597 1459 680 1523 lesus
702 1461 781 1522 Nare
804 1470 940 1523 mortuus
962 1463 1125 1542 reperitur,
1154 1459 1306 1521 Vulcanus·
1322 1472 1356 1520 10

296 1559 326 1613 et
343 1549 629 1628 Minervaparentes
648 1551 738 1611 luisse
761 1550 911 1611 dicuntur.
957 1549 1015 1610 Sed
1038 1551 1176 1628 qnoniam
1193 1548 1301 1609 blines-

296 1657 360 1700 ram
383 1639 526 1716 virginem
550 1638 664 1720 volunt,
692 1641 722 1699 in
750 1638 904 1699 amborum
927 1641 1117 1698 contentione
1140 1637 1301 1698 Vulcanum

297 1733 475 1788 commotum
508 1726 647 1787 ellndisse
680 1729 762 1788 aiunt
791 1745 893 1787 semen
924 1728 954 1786 in
982 1736 1092 1786 terram
1122 1735 1209 1804 atque
1232 1725 1301 1786 inde

297 1816 407 1876 homini
430 1822 499 1874 nato
522 1813 560 1874 ob
584 1833 647 1874 eam
671 1832 789 1877 causam
812 1814 869 1875 tale
892 1814 1018 1875 inditum
1043 1831 1158 1874 nomen.
1191 1813 1301 1874 Graeca

299 1904 376 1963 enim
405 1901 505 1980 lingua
536 1901 596 1982 ἔρις
627 1906 793 1980 contentio,
825 1897 909 1982 χθὼν
938 1912 1017 1963 terra
1043 1911 1105 1982 est,
1134 1919 1169 1962 ex
1193 1901 1302 1980 quibus
1323 1913 1357 1962 15

298 1990 412 2052 duobus
435 1993 631 2069 compositum
655 1991 829 2052 vocabulum
852 1999 898 2051 cst
920 1990 1139 2051 Erichthonius.
1185 1989 1304 2070 Verum,

298 2078 375 2158 quod
397 2078 557 2139 latendum
573 2088 635 2161 est,
657 2080 797 2141 refellunt
820 2088 850 2140 et
872 2098 889 2139 a
912 2082 974 2141 suis
997 2079 1053 2139 diis
1075 2077 1224 2157 repellunt
1245 2081 1303 2138 ista

296 2168 460 2249 doctiores,
493 2169 543 2245 qni
575 2167 650 2229 hanc
681 2170 849 2247 opinionem
881 2167 1041 2228 iabnlosam
1071 2166 1140 2227 hinc
1170 2174 1308 2226 exortam

297 2257 413 2335 ierunt,
440 2257 509 2334 quia
538 2257 569 2317 in
597 2256 706 2336 templo
730 2256 851 2317 Vulcani
874 2265 905 2316 et
926 2256 1088 2335 Minervae,
1115 2254 1193 2334 qrrod
1217 2252 1302 2316 ambo

296 2361 389 2406 nnnm
412 2342 559 2405 habebant
581 2345 712 2426 Athenis,
735 2347 887 2424 expositus
910 2346 1047 2404 inventus
1070 2351 1117 2403 est
1138 2360 1214 2422 puer
1235 2342 1308 2402 ura-2
1322 2354 1357 2403 20

297 2450 371 2494 cone
394 2431 556 2513 involutus,
584 2435 634 2511 qni
662 2451 730 2493 enm
759 2433 933 2512 significarit
956 2448 1093 2510 magnum
1116 2431 1250 2492 tutorum
1273 2440 1304 2490 et

297 2529 419 2600 propter
456 2537 611 2581 commune
644 2520 803 2602 templum,
836 2538 905 2582 cum
936 2527 1037 2581 essent
1068 2527 1206 2597 parentes
1239 2522 1304 2580 eius
1350 2565 1360 2576 ,,

297 2610 404 2689 ignoti,
433 2606 554 2669 Vulcani
578 2617 608 2668 et
630 2609 776 2670 Minervae
799 2610 912 2671 dictum
935 2626 1000 2668 esse
1023 2606 1129 2668 lilium:
1170 2607 1308 2668 Nominis-

297 2707 395 2757 tamen
419 2698 483 2757 eins
507 2699 650 2775 originem
669 2695 765 2758 labnla
788 2697 836 2758 illa
858 2699 957 2777 potius
980 2714 1068 2775 qrtam
1092 2698 1147 2756 ista
1170 2695 1308 2775 designat*

298 2785 429 2846 historia.
476 2783 533 2845 Sed
571 2786 641 2864 quid
679 2786 713 2846 ad
747 2782 823 2846 nos?
867 2785 929 2846 lloc
966 2788 996 2844 in
1034 2784 1188 2845 veracibus
1219 2784 1303 2845 libris
1322 2795 1357 2843 25

298 2872 433 2934 homines
447 2875 575 2934 instruat
589 2873 752 2955 religiosos,
775 2873 848 2934 illud
867 2876 897 2934 in
916 2873 1067 2934 fallacibus
1086 2873 1163 2934 ludis
1186 2873 1302 2934 daemo-

298 2978 351 3021 nes
381 2960 508 3022 delectet
536 2963 672 3043 inpuros3
703 2963 777 3042 quos
804 2970 903 3023 tamen
931 2961 972 3024 illi
1002 2961 1132 3040 religiosi
1155 2970 1303 3041 tamquam
1357 3009 1361 3016 .

253 3106 261 3126 ,
298 3049 370 3110 deos
398 3049 514 3130 colnnt,
544 3059 574 3111 et
601 3069 669 3111 omn
697 3051 733 3112 de
761 3049 818 3112 illis
842 3050 914 3110 haec
938 3059 1068 3129 negant,
1089 3049 1126 3110 ab
1149 3053 1229 3111 omni
1252 3069 1304 3110 eos

299 3137 422 3199 crimine
446 3154 573 3216 purgare
596 3157 655 3199 non
678 3149 815 3221 possunt,
845 3141 983 3218 qnoniam
1006 3138 1090 3198 ludos
1113 3141 1157 3199 eis
1179 3153 1309 3218 poscen··

299 3225 378 3286 tibns
402 3224 554 3306 exhibent,
584 3226 634 3288 ubi
662 3230 791 3307 turpiter
818 3236 959 3307 aguntur,
988 3245 1063 3305 quae
1087 3227 1167 3288 velut
1189 3230 1303 3306 sapien·
1322 3238 1358 3287 30

299 3323 345 3375 ter
368 3323 527 3395 negantur,
554 3315 652 3376 ethis
675 3316 755 3376 falsis
777 3334 812 3377 ac
836 3314 972 3394 turpibus
995 3316 1036 3375 dii
1058 3314 1225 3395 placantur,
1252 3314 1303 3375 nbi

299 3404 356 3462 etsi
375 3401 472 3462 sabula
490 3411 589 3463 cantat
607 3405 718 3464 crimen
738 3407 892 3465 numinum
910 3402 1025 3484 falsum,
1047 3402 1187 3463 delectari
1205 3413 1303 3463 tamen

300 3490 372 3550 lalso
396 3491 519 3551 crimine
543 3493 656 3551 crimen
679 3501 725 3552 est
747 3510 858 3552 rernm.

369 3646 385 3694 2
399 3639 489 3693 multa
498 3654 563 3706 mem
577 3638 702 3691 monstra
716 3652 732 3690 o
745 3637 755 3704 ΙΙ
768 3640 793 3700 b,
804 3640 829 3702 7,
840 3640 881 3699 17,
892 3639 924 3686 31
941 3592 994 3700 dis,
1004 3631 1034 3686 di
1044 3633 1071 3688 R
1084 3635 1094 3703 i
1109 3631 1306 3701 1oohth0nG;

299 3711 385 3766 elbon
403 3711 497 3781 Ram
516 3705 763 3778 (contenti)octhon
782 3705 821 3768 F;
841 3704 928 3757 othon
946 3721 971 3773 e,
993 3705 1079 3758 othon
1094 3722 1127 3773 p3
1146 3702 1245 3774 llllhffl
1264 3705 1306 3770 b¹3

299 3800 376 3856 icton
399 3794 494 3866 breare,
514 3795 615 3852 oothon
633 3813 663 3864 ας
682 3797 711 3850 ot
727 3793 806 3860 χθών
825 3808 841 3845 o
