3284 4459
549 517 590 557 nn
604 517 931 558 munannnmmm
945 516 968 559 c.
982 518 1062 558 esar.
1243 499 1308 566 389

297 661 370 713 eant
404 651 552 714 nascendo
582 661 671 730 atque
703 652 873 732 moriendo,
905 651 956 712 sed
988 654 1021 711 in
1050 669 1109 730 que
1137 649 1309 712 inmortales

297 749 437 802 maneant
455 740 528 800 nibil
546 740 662 802 adversi
679 742 800 802 omnino
823 739 974 819 patiendo:
997 742 1065 818 quis
1087 741 1207 817 estqui
1229 738 1308 802 illem

299 831 388 890 vitam
420 828 466 890 vel
497 829 696 890 beatissimam
727 837 817 907 neget
848 827 894 889 vel
931 830 962 888 in
994 830 1060 890 eius
1090 830 1309 906 comparatione

298 920 396 995 istam,
419 936 495 996 quae
518 917 568 978 bio
590 919 701 996 egitur,
724 916 915 996 quantislibet
937 919 1028 978 animi
1049 924 1081 976 et
1101 918 1236 994 corporis
1259 933 1308 977 ex·

299 1016 513 1084 ternarumque
536 1023 639 1068 rerum
661 1004 748 1066 bonis
766 1003 853 1084 plena
870 1007 919 1081 sit,
941 1023 1002 1065 non
1020 1006 1216 1066 miserrimam
1234 1003 1308 1065 iudi
1327 1012 1344 1063 e

299 1090 372 1156 oet?
417 1093 512 1165 Quem
539 1102 638 1156 temen
666 1095 847 1172 quicumque
874 1096 917 1154 sic
944 1092 1048 1174 babet,
1077 1100 1111 1154 ut
1133 1095 1200 1152 eius
1221 1110 1309 1154 usum

300 1184 414 1243 reseret
431 1182 466 1243 ad
485 1181 565 1244 illius
583 1183 682 1261 finem,
705 1200 793 1260 quam
811 1180 907 1260 diligit
925 1181 1130 1242 ardentissime
1149 1198 1184 1240 ec
1201 1179 1308 1241 fidelis

299 1273 376 1332 sime
399 1280 512 1350 sperat,
539 1289 599 1332 nou
629 1269 756 1330 absurde
780 1269 841 1330 dici
862 1272 951 1332 etiam
973 1288 1054 1331 nune
1075 1268 1182 1330 beatus
1201 1276 1310 1348 potest,

299 1377 352 1438 spe
377 1358 424 1418 illa
447 1361 547 1437 potius
570 1377 659 1438 quam
678 1377 710 1418 re
733 1361 798 1420 iste.
843 1357 904 1419 Res
924 1360 983 1420 iste
1004 1375 1075 1418 vere
1097 1359 1161 1418 sine
1184 1375 1237 1436 spe
1260 1355 1309 1418 illa

298 1447 454 1508 beatitudo
485 1446 557 1508 ialsa
589 1456 619 1508 et
650 1464 754 1525 magne
786 1449 907 1508 miseria
937 1455 997 1527 est,
1028 1463 1089 1506 nou
1120 1447 1200 1506 enim
1231 1446 1309 1506 reris
1329 1455 1362 1507 ιο

298 1537 390 1598 animi
412 1534 499 1598 bonis
522 1537 633 1616 utitur,
655 1537 793 1613 quoniam
817 1553 877 1595 non
900 1543 947 1596 est
968 1553 1038 1597 vere
1059 1536 1211 1613 sapientie,
1233 1550 1309 1610 quae

298 1626 496 1685 intentionem
519 1641 603 1686 suam
625 1624 658 1684 in
680 1623 741 1703 bis,
769 1641 845 1702 quae
867 1623 1032 1702 prudenter
1055 1622 1211 1701 discernit,
1232 1622 1311 1699 gerit

299 1713 434 1792 fortiter,
461 1711 580 1774 cobibet
607 1721 808 1790 temperanter
837 1713 975 1790 iusteque
999 1709 1163 1789 distribuit,
1189 1728 1250 1772 non
1272 1708 1310 1770 ad

298 1801 384 1862 illum
406 1800 508 1880 dirigit
529 1801 632 1880 tinem,
656 1799 707 1862 ubi
730 1802 788 1860 erit
810 1799 891 1860 Deus
913 1802 1012 1862 omnia
1032 1802 1065 1865 iu
1087 1797 1240 1879 omuibus,
1262 1815 1309 1860 ee

298 1891 440 1950 tenuitate
464 1897 545 1950 carta
566 1897 598 1949 et
619 1906 693 1968 pace
715 1889 855 1967 perlecta.
1329 1895 1363 1946 te

691 2093 807 2161 Garun
830 2095 917 2160 XXI.

322 2225 565 2286 uerecundum
593 2225 781 2297 definitiones
809 2225 973 2300 Scrpionis,
1001 2239 1080 2298 quae
1107 2225 1140 2284 ic
1167 2224 1288 2297 diclopo

359 2312 514 2376 Omeroeis
531 2319 610 2386 ment,
627 2329 769 2388 umquem
784 2310 883 2387 feerit
901 2311 1041 2373 Romanu
1059 2328 1110 2372 res
1122 2312 1257 2386 publice.

392 2433 579 2513 Quapropter
601 2451 683 2495 nunc
704 2444 750 2496 est
772 2435 866 2516 locus,
887 2443 922 2496 ut
944 2452 1032 2512 quem
1053 2441 1159 2513 potero
1181 2432 1312 2493 breviter

301 2541 335 2584 ec
358 2521 486 2584 dilucide
506 2523 668 2603 expediam,
691 2522 770 2601 quod
793 2525 823 2583 in
848 2522 979 2583 secundo
1001 2522 1091 2584 buius
1113 2521 1214 2599 operis
1234 2518 1310 2580 libro
1329 2530 1364 2580 20

301 2629 349 2672 me
373 2611 645 2672 demonstraturum
676 2629 742 2671 esse
765 2613 902 2692 promisi,
928 2610 1092 2672 secuudum
1115 2609 1310 2688 definitiones,

301 2698 411 2778 quibus
425 2699 502 2778 apud
518 2697 692 2759 Ciceronem
707 2701 802 2760 utitur
817 2699 917 2778 Scipio
930 2701 962 2759 in
975 2699 1059 2760 libris
1077 2697 1115 2760 de
1134 2716 1166 2758 re
1185 2696 1311 2778 publica,

301 2805 463 2866 numquam
487 2804 551 2847 rem
574 2786 722 2866 publicam
745 2789 839 2847 luisse
860 2787 1029 2848 Romanam.
1075 2785 1210 2848 breviter
1231 2788 1310 2846 enim

302 2893 367 2937 rem
390 2874 538 2955 publicam
568 2875 671 2936 delinit
693 2893 759 2936 esse
783 2894 848 2935 rem
870 2875 979 2954 populi
1025 2874 1107 2946 Quae
1130 2875 1262 2935 delinitio
1285 2876 1310 2933 ei

301 2981 372 3023 vere
400 2973 459 3044 est,
488 2979 650 3041 numquam
673 2965 730 3024 luit
751 2962 883 3023 flemene
907 2963 1110 3043 respublica,
1134 2966 1202 3041 quia
1226 2981 1309 3023 num·
1329 2972 1362 3020 ee

301 3069 390 3130 quem
418 3052 475 3112 iuit
502 3069 551 3112 res
578 3051 696 3132 pepuli,
723 3069 812 3130 quem
840 3052 1041 3112 definitionem
1064 3051 1156 3112 veluit
1177 3069 1243 3111 esse
1267 3052 1311 3112 rei

300 3139 446 3218 publicae.
491 3138 639 3218 Populum
661 3142 741 3200 enim
764 3158 830 3200 esse
852 3139 985 3202 delinivit
1007 3148 1126 3200 coetum
1149 3138 1310 3199 multitudi-

301 3230 351 3287 nis
384 3229 459 3288 iuris
495 3245 644 3288 censensu
680 3237 710 3288 et
746 3228 881 3288 utilitatis
918 3230 1124 3288 communione
1159 3229 1310 3288 sociatum.

302 3314 379 3385 Quid
409 3324 508 3375 autem
538 3315 617 3376 dicet
645 3317 719 3375 iuris
749 3333 943 3396 eonsensum,
971 3314 1149 3395 disputando
1176 3315 1311 3394 explieat,

301 3421 356 3482 per
374 3403 430 3462 boc
448 3403 609 3463 ostendens
627 3405 691 3481 geri
714 3405 778 3464 sine
801 3406 913 3464 iustitie
936 3422 995 3465 nou
1018 3421 1106 3482 posse
1129 3421 1193 3464 rem
1215 3402 1310 3481 publi·
1328 3412 1365 3462 td

301 3508 387 3570 camp
402 3490 454 3552 ubi
477 3509 548 3570 ergo
570 3493 682 3552 iustitie
705 3505 776 3552 vera
796 3509 857 3552 nen
879 3499 944 3573 est,
966 3509 1023 3552 nee
1044 3494 1093 3552 ius
1114 3499 1214 3570 potest
1235 3509 1310 3552 esee.

371 3615 415 3684 14)
435 3619 458 3667 1.
479 3611 538 3666 eor.
558 3617 599 3678 ιο,
614 3616 656 3664 ee.
701 3615 745 3680 eo)
765 3608 792 3664 0.
809 3615 857 3676 213
875 3609 911 3665 of.
926 3608 982 3664 cte.
997 3625 1054 3680 rep.
1070 3614 1095 3677 e,
1109 3613 1225 3678 eerqq.;
1245 3613 1271 3676 e,
1285 3613 1310 3667 e.

296 3715 512 3729 ——-—-—

372 3779 405 3826 13
424 3771 461 3825 ed
479 3769 585 3836 nam
604 3769 634 3822 in
652 3769 830 3840 'tc'beppe;
847 3785 898 3824 eet.
916 3768 949 3822 c¹
