3284 4459
563 497 604 536 nn
618 496 760 537 cxvxnsnn
774 496 827 536 nnn
840 496 1039 538 n.xx11.c.ss.
1182 521 1185 528 «
1238 481 1302 544 61ῗ

680 714 797 781 Oxnnn
820 714 922 781 XXV.

321 844 367 904 De
385 845 565 919 pervicacia
588 844 794 918 quorundam,
817 847 872 918 qui
892 846 1146 904 resurrectionem
1169 844 1286 916 earnis,

366 948 466 1006 quam,
488 934 568 991 sieut
585 932 779 1007 praedictum
802 939 855 1005 est,
878 939 958 993 totus
979 933 1109 992 mundus
1131 933 1239 1011 eredit,

714 1022 890 1095 inpeterent.

388 1141 497 1204 Verum
521 1142 558 1202 de
580 1144 669 1202 animi
692 1140 786 1223 bonis,
809 1141 917 1221 quibus
939 1142 1104 1245 posthanc
1127 1145 1215 1203 vitam
1237 1142 1303 1204 bee-
1323 1153 1339 1201 5

300 1234 433 1292 tissimus
462 1231 649 1311 perfruetur,
682 1249 740 1290 non
772 1248 788 1290 a
821 1228 906 1291 nobis
933 1206 1112 1291 dissentiunt
1138 1231 1305 1311 philosophi

299 1318 428 1380 nobiles:
455 1319 491 1379 de
519 1320 617 1379 earnis
643 1321 864 1379 resurreetione
888 1319 1085 1399 contendunt,
1113 1319 1190 1379 hane
1208 1338 1303 1399 quan·
1357 1379 1359 1382 .

299 1417 362 1469 tum
390 1416 516 1487 possunt
542 1416 658 1486 negant.
702 1406 759 1467 Sed
783 1406 940 1467 eredentes
962 1406 1048 1467 multi
1070 1417 1211 1487 negantes
1232 1426 1303 1487 pau-

300 1498 435 1557 cissimos
463 1496 649 1574 reliquerunt
677 1504 707 1556 et
729 1494 765 1555 ad
789 1494 953 1576 Christum,
983 1498 1034 1574 qui
1056 1495 1113 1555 hoe
1136 1495 1215 1575 quod
1238 1498 1304 1556 istis

299 1584 416 1645 videtur
443 1583 604 1645 absurdum
630 1586 660 1643 in
688 1602 740 1644 sna
764 1586 983 1644 resurrectione
1006 1586 1195 1664 monstravit,
1225 1583 1304 1644 fideli
1324 1593 1357 1642 10

301 1674 389 1733 eorde
413 1675 547 1734 conversi
571 1681 650 1752 sunt,
673 1671 751 1733 docti
774 1681 804 1731 et
827 1671 955 1752 indneti,
978 1674 1126 1752 sapientes
1148 1672 1250 1733 mnndi
1274 1681 1304 1732 et

299 1763 482 1841 insipientes.
526 1760 589 1820 Hoc
619 1763 697 1821 enim
728 1760 854 1821 eredidit
882 1760 1025 1841 mundns,
1053 1760 1131 1839 qnod
1158 1759 1303 1839 praedixit

300 1848 392 1931 DeuS,
422 1852 473 1928 qui
501 1850 589 1909 etiam
612 1848 667 1908 hnc
695 1848 854 1928 praedixit,
881 1848 959 1926 quod
990 1849 1065 1909 hane
1089 1867 1152 1909 rem
1175 1848 1303 1910 mundus

299 1939 397 1999 fuerat
424 1937 601 1998 crediturus.
646 1929 748 2015 Neque
779 1938 858 1996 enim
886 1936 969 1997 Petri
1002 1936 1150 1997 maleficiis
1178 1955 1212 1997 ea
1235 1954 1301 1997 num

299 2025 385 2087 laude
409 2025 593 2085 credentium
623 2033 704 2085 tanto
734 2032 801 2084 ante
824 2027 1033 2103 praenuntiare
1056 2021 1226 2104 edmpnlsus
1249 2033 1302 2085 est.
1323 2034 1355 2083 15

300 2113 352 2183 Ille
375 2122 421 2174 est
440 2116 517 2173 enim
538 2112 626 2193 Dens,
649 2131 737 2191 quem
761 2107 855 2193 (sieut
876 2114 934 2172 iam
957 2113 1018 2174 dixi
1040 2111 1225 2194 aliquotiens,
1247 2131 1302 2173 nec

300 2219 530 2262 commemorare
563 2219 610 2261 me
641 2195 736 2283 piget)
769 2202 927 2262 confitente
959 2200 1122 2281 Porphyris
1153 2209 1241 2280 atque
1270 2201 1302 2261 id
1370 2202 1376 2209 ’

300 2290 427 2350 oraculis
458 2290 580 2350 deornm
613 2308 735 2350 saxorum
766 2288 893 2368 probare
923 2291 1060 2368 cupiente
1090 2292 1154 2369 ipsa
1183 2291 1303 2349 numina

299 2378 544 2459 perhorrescunt3
568 2396 656 2456 quem
675 2380 717 2437 sie
735 2377 871 2458 laudavit,
891 2387 924 2439 nt
942 2396 1009 2438 eum
1029 2387 1060 2437 et
1077 2378 1171 2438 Deum
1188 2386 1303 2457 patrem

302 2476 332 2527 et
361 2484 460 2545 regem
492 2475 619 2527 voearet.
664 2464 748 2525 Absit
777 2468 872 2544 enim,
900 2474 934 2526 nt
960 2468 1004 2525 sie
1026 2465 1221 2545 intellegenda
1243 2468 1303 2527 sint
1322 2478 1356 2527 20

240 2572 241 2575 ’
301 2572 375 2633 qnae
397 2554 552 2636 praedixit,
574 2572 633 2633 qno
652 2553 739 2613 modo
763 2552 864 2613 volunt
885 2553 926 2634 hi,
949 2556 1000 2631 qni
1022 2553 1079 2614 hoe
1102 2573 1170 2615 enm
1194 2554 1303 2615 mundo

302 2662 360 2703 non
379 2644 578 2724 crediderunt,
601 2641 680 2721 quod
698 2642 840 2702 mnndum
859 2642 1042 2702 crediturum
1062 2660 1127 2702 esse
1150 2642 1303 2721 praedixit

302 2730 361 2791 Cur
381 2734 459 2792 enim
478 2750 537 2792 non
555 2733 654 2811 potins
672 2732 722 2810 ita,
745 2732 823 2790 sieut
841 2730 1010 2790 crediturus
1029 2738 1110 2791 tanto
1129 2740 1196 2791 ante
1220 2749 1303 2810 prae·

302 2819 398 2880 dictus
417 2827 463 2879 est
482 2820 619 2900 mundus,
642 2837 701 2878 non
720 2820 798 2878 sieut
814 2820 985 2897 paucissimi
1008 2821 1150 2899 garriunt,
1174 2820 1224 2897 qni
1247 2819 1303 2879 hoe

302 2924 368 2967 cum
392 2906 517 2987 mundo,
540 2908 616 2987 qnod
642 2906 810 2967 crediturus
832 2906 1001 2984 praedictus
1024 2915 1083 2988 est,
1105 2907 1228 2967 eredere
1252 2926 1302 2967 no·
1323 2919 1356 2967 25

302 2991 443 3055 inerunt?
488 2994 520 3055 Si
547 2997 624 3055 enim
652 3002 809 3074 propterea
838 2994 941 3055 dieunt
963 2994 1019 3054 alio
1043 2995 1128 3055 modo
1152 3013 1217 3055 esse
1241 3014 1303 3056 ere·

302 3082 409 3164 denda,
437 3100 487 3164 ne,
517 3084 542 3143 si
563 3082 692 3143 dixerint
714 3100 786 3142 vana
809 3100 876 3143 esse
900 3086 1080 3164 conscripta,
1102 3086 1240 3144 iniuriam
1263 3084 1302 3142 ia·

303 3174 381 3232 ciant
409 3170 452 3231 illi
479 3171 555 3252 Deo,
584 3172 633 3231 cui
659 3179 718 3238 tam
749 3188 886 3249 magnum
910 3170 1067 3250 perhibent
1089 3174 1304 3232 testimonium:

302 3268 410 3320 tantam
437 3276 561 3339 prorsus
589 3260 616 3318 ei
645 3258 691 3318 vel
717 3261 805 3319 etiam
833 3260 997 3337 graviorem
1024 3260 1136 3320 iaciunt
1158 3261 1305 3339 iniuriam,

298 3350 326 3414 ¹si
353 3346 438 3408 aliter
465 3346 568 3407 dieunt
596 3364 661 3406 esse
689 3346 899 3426 intellegenda,
926 3364 986 3407 non
1015 3349 1093 3422 sieut
1118 3347 1246 3409 mundus
1270 3365 1303 3407 ea
1322 3360 1357 3408 30

366 3479 409 3542 15)
429 3475 468 3530 df.
488 3475 506 3529 1.
523 3480 598 3529 180
614 3480 698 3544 53sq.
761 3477 805 3545 16)
826 3473 865 3529 Of.
885 3474 903 3529 l.
919 3480 953 3530 19
973 3491 995 3530 a.
1010 3482 1094 3543 itaq.

298 3569 511 3580 ———-—-—

365 3623 400 3671 14
414 3633 448 3671 ee
462 3616 589 3685 RAnbp
603 3618 642 3671 ed.
656 3616 761 3671 Lonan.
776 3618 823 3685 (ef.
833 3620 940 3686 2089)·
954 3632 1017 3670 enm
1029 3616 1117 3686 (ἔπερ
1130 3617 1170 3670 ed.
1176 3617 1267 3685 ptine
1275 3619 1308 3687 νη

297 3694 563 3830 tpgpptppffirare
581 3687 609 3741 R
626 3686 666 3743 ed
683 3704 770 3755 prere.
788 3690 947 3755 v(619,;2
969 3691 1032 3753 442,
1044 3690 1108 3754 25);
1133 3702 1307 3741 commonere
