3284 4459
363 521 427 588 198
767 535 967 579 senousrnu

361 689 431 751 gare
458 687 492 733 ae
519 671 692 733 disserendo
719 680 885 732 monstrare
912 689 1000 750 quam
1029 671 1066 730 sit
1097 687 1256 749 operosum
1279 678 1369 748 atqua
1460 685 1461 696 ¹

361 759 507 839 prolixum
551 768 581 820 et
616 777 704 839 quam
748 758 850 819 multis
890 757 1020 836 indigeat
1054 757 1265 838 voluminibus,
1301 760 1370 837 quis

361 850 485 929 ignorat,
508 850 559 927 qrri
577 847 650 908 haee
668 847 713 907 vel
732 847 922 908 mediocriter
940 840 1086 928 cogiteti)
1111 846 1217 906 deinde
1241 848 1310 924 quia
1333 863 1370 905 ea

361 939 439 1017 ipsa,
469 953 543 1016 qnae
574 935 609 996 ad
641 935 827 1016 prophetiam
855 953 914 995 non
942 934 1101 1013 ambigitur
1131 936 1296 1014 pertinere,
1327 937 1369 994 ita
1461 1002 1462 1008 ἵ

320 1035 342 1083 n
361 1034 431 1086 sunt
460 1023 550 1085 muita
581 1023 618 1084 de
645 1023 763 1085 Christo
791 1041 942 1102 regnoque
970 1021 1132 1102 saelorum,
1160 1038 1235 1102 quae
1266 1024 1369 1084 civitas
1461 1023 1462 1104 i

361 1111 414 1173 Dei
432 1121 487 1193 est,
510 1120 544 1173 ut
561 1112 597 1172 ad
615 1111 672 1172 hoc
694 1111 887 1191 aperiendum
905 1113 998 1172 maior
1021 1113 1059 1171 sit
1082 1109 1242 1189 disputatio
1266 1127 1368 1171 neees-
1461 1139 1462 1144 ¹

361 1203 452 1281 saria,
474 1217 563 1280 quam
585 1200 674 1261 huius
696 1202 796 1279 operis
818 1199 924 1261 modus
947 1199 1065 1278 flagitat.
1111 1198 1239 1259 Proinde
1262 1201 1319 1279 ita,
1343 1200 1370 1259 si

361 1297 495 1369 potuero,
518 1286 586 1349 stilo
604 1287 779 1348 moderabor
797 1305 873 1369 meo,
897 1295 930 1348 ut
948 1287 1017 1348 huic
1036 1287 1121 1366 operi
1139 1289 1169 1347 in
1188 1285 1242 1346 liei
1265 1287 1367 1347 voluu-

360 1385 420 1438 tate
437 1376 605 1457 peragendo
624 1393 679 1436 neo
703 1394 737 1436 aa
760 1394 836 1454 quae
855 1384 1016 1456 supersunt
1039 1374 1133 1435 dicam
1157 1392 1213 1435 nee
1235 1393 1269 1435 aa
1293 1393 1369 1454 quae
1462 1451 1463 1458 ἵ

302 1476 342 1525 ιιο
360 1467 431 1527 satis
453 1473 524 1526 eunt
545 1466 786 1544 praetermittam.

776 1686 894 1755 Garun
912 1687 953 1754 11.

438 1819 502 1890 Quo
524 1824 657 1894 tempore
678 1821 719 1878 sit
740 1820 862 1894 impleta
881 1819 1041 1893 promissio
1064 1817 1123 1878 Dei
1144 1819 1183 1877 de
1206 1823 1301 1876 terro*

466 1907 622 1979 dionaeo,
644 1923 735 1980 quam
758 1909 790 1966 in
809 1908 1025 1983 possessionem
1049 1907 1139 1965 etiem
1162 1905 1264 1965 Israel

722 1997 860 2055 carnalis
882 1996 1009 2070 aceepit.

311 2130 341 2176 ra
447 2115 483 2177 ln
510 2117 706 2197 praecedente
735 2114 810 2176 libro
841 2115 968 2177 diximus
991 2114 1027 2176 ab
1050 2117 1134 2176 initio
1158 2116 1193 2176 ad
1222 2115 1368 2176 Abraham

359 2207 588 2285 promissionum
612 2205 665 2266 Dei
692 2203 764 2265 duas
788 2223 837 2264 res
861 2205 951 2264 fuisse
975 2205 1148 2284 promissae,
1178 2222 1267 2265 unam
1291 2205 1368 2265 scili·

361 2302 417 2373 eet,
440 2293 518 2372 quod
538 2302 648 2354 terram
667 2291 802 2354 Chanaan
827 2310 1035 2372 possessurum
1059 2293 1155 2353 iuerat
1177 2311 1279 2353 semen
1303 2294 1368 2354 eius
1464 2349 1465 2352 ,

360 2374 456 2463 (quod
475 2382 665 2462 significatur,
689 2380 740 2441 ubi
758 2380 870 2441 dictum
889 2390 948 2441 est:
978 2379 1061 2441 Vade
1080 2383 1110 2440 in
1130 2387 1254 2453 terram,
1277 2399 1368 2457 quom
1464 2387 1465 2400 ¹

361 2470 417 2530 tibi
430 2471 681 2550 demonstravero,
700 2469 857 2544 etfaciam
876 2476 905 2529 te
919 2472 949 2529 io
961 2474 1080 2545 pentem
1098 2463 1263 2549 moenam),
1282 2467 1368 2529 aliam

309 2570 343 2619 20
361 2575 431 2618 vero
459 2558 545 2636 longe
572 2560 817 2638 praestantiorem
848 2575 907 2617 non
936 2556 971 2616 de
996 2555 1118 2636 carnali,
1146 2556 1198 2617 sed
1221 2556 1258 2616 de
1282 2559 1368 2637 spiri·

360 2644 412 2706 tali
434 2649 562 2726 semine,
585 2664 639 2725 per
662 2645 740 2725 quod
763 2654 848 2725 pater
871 2655 998 2706 estnon
1022 2647 1111 2705 unius
1133 2647 1230 2724 gentis
1253 2644 1366 2706 Israeli·

359 2736 450 2815 ticae,
472 2733 525 2795 sed
547 2736 679 2794 omnium
701 2736 847 2814 gentium,
878 2751 951 2812 quae
975 2732 1043 2792 fidei
1066 2735 1130 2794 eius
1153 2735 1274 2812 vestigia
1298 2727 1367 2794 eon-

362 2829 540 2902 sequuntur3
555 2821 633 2901 quod
648 2824 781 2901 promitti
795 2823 892 2901 coepit
906 2819 952 2881 his
967 2819 1079 2881 verbis:
1098 2819 1137 2882 Et
1151 2822 1369 2883 benedicentur

362 2914 394 2970 in
421 2917 450 2971 te
477 2927 578 2970 ornnes
605 2912 703 2971 tribus
730 2917 854 2981 terroe,·
881 2917 910 2970 et
938 2909 1078 2989 deinceps
1107 2908 1170 2970 aliis
1194 2909 1294 2971 multis
1318 2909 1367 2971 ad-

310 3010 343 3059 25
362 2996 482 3057 modum
500 2999 676 3058 testimoniis
695 2997 767 3057 haee
790 2997 849 3057 duo
873 2999 1019 3077 promissa
1042 3016 1107 3058 esse
1131 3001 1368 3060 monstravimus.

361 3084 432 3145 Erat
454 3087 545 3164 igitur
572 3087 683 3147 iamin
706 3093 786 3146 terra
808 3086 1013 3164 promissionis
1037 3103 1139 3146 semen
1162 3084 1308 3166 Abrahae,
1338 3087 1368 3147 id

362 3180 407 3233 est
425 3172 551 3253 populus
570 3172 669 3254 lsrael,
693 3174 856 3233 secundum
881 3191 999 3233 carnem
1023 3182 1110 3253 atque
1133 3173 1174 3234 ibi
1193 3191 1252 3234 non
1272 3174 1367 3235 solum

361 3260 490 3322 tenendo
525 3279 559 3322 ac
595 3220 773 3340 possidendo
806 3262 939 3321 civitates
976 3260 1226 3341 adversariorum,
1262 3280 1368 3323 verum

361 3351 449 3410 etiam
480 3367 565 3428 reges
593 3348 728 3410 habendo
757 3367 880 3428 regnare
907 3350 965 3409 iam
995 3356 1146 3428 coeperat,
1177 3347 1306 3428 impletis
1330 3337 1368 3411 de

430 3480 473 3545 rs)
493 3475 560 3531 (sen
581 3483 623 3544 12
638 3482 661 3530 1
717 3479 761 3546 ae)
780 3475 847 3530 don
868 3483 910 3543 ra
925 3481 949 3530 e

430 3651 1027 3736 amoist1t‚indigeanue;indiguum
1045 3650 1198 3720 Α9ὺ’ρύς
1217 3652 1367 3722 indignum

358 3723 465 3792 ob¹p¹,
491 3724 522 3777 in
541 3724 621 3808 igum
645 3722 695 3776 rs
717 3725 727 3792 d
750 3729 766 3776 3
789 3723 896 3793 cogitet
916 3723 958 3789 R;
989 3721 1096 3790 rogitat
1117 3721 1210 3778 Are
1237 3725 1293 3777 reli.
1318 3725 1367 3794 op

357 3800 423 3863 esp
443 3766 608 3864 adpersint.
625 3793 719 3847 ,Μία
738 3794 858 3848 sinin
998 3821 1000 3826 .
