3284 4459
327 483 393 548 384
727 492 928 534 edocuerunt

327 641 377 693 tur
400 631 435 691 ad
455 629 617 690 ordinatam
637 628 800 706 imperandi
825 626 1059 705 oboediendique
1083 627 1270 687 concordiam
1294 630 1334 687 ci·

326 723 415 779 rium.
451 717 494 778 lta
513 718 554 792 stt,
574 726 606 777 ut
625 735 660 776 ex
679 715 743 795 lege
763 718 889 776 civitatis
907 724 1063 795 praecepta
1082 733 1200 775 sumere
1219 725 1335 794 patrem

328 807 451 868 familias
479 813 629 886 oporteat,
661 803 769 882 quibus
798 803 919 864 domum
942 821 1027 864 suam
1049 805 1093 863 sic
1117 812 1213 881 regat,
1241 813 1273 864 ut
1296 807 1335 864 sit

326 898 392 976 paci
415 893 602 955 adcommoda
627 895 760 953 civitatis.

293 1156 308 1205 o
714 1133 831 1200 Garun
848 1134 951 1199 XVII.

333 1269 417 1330 Unde
430 1268 568 1328 caelestis
585 1267 714 1326 societas
732 1281 801 1324 cum
820 1270 944 1325 terreno
963 1266 1086 1324 ciuitate
1096 1279 1205 1339 pacem
1224 1265 1337 1325 habeat

655 1360 684 1412 et
706 1353 787 1412 unde
810 1353 1003 1412 discordium,

417 1477 475 1538 Sed
495 1477 600 1536 domus
619 1475 779 1554 hominum,
803 1477 855 1553 qni
878 1493 937 1534 non
962 1477 1061 1535 vivunt
1084 1492 1120 1535 ex
1143 1475 1209 1550 lide,
1232 1495 1335 1555 pacem

329 1578 477 1629 terrenam
507 1583 542 1624 ex
571 1564 659 1625 huius
687 1564 857 1642 temporalis
891 1565 965 1623 ritae
993 1563 1084 1624 rebus
1112 1565 1336 1643 commodisque

278 1669 310 1719 10
329 1664 473 1734 sectatur;
501 1653 605 1713 domus
629 1660 727 1713 autem
750 1652 902 1712 hominum
925 1669 962 1710 ex
985 1651 1041 1711 fide
1064 1653 1225 1712 viventium
1248 1671 1336 1731 expe·

329 1753 390 1805 ctat
412 1761 455 1821 ea,
478 1760 552 1821 quae
575 1740 758 1801 infuturum
782 1749 902 1800 aeterna
925 1742 1069 1818 promissa
1093 1749 1171 1818 sunt,
1195 1744 1336 1802 terrenis·

328 1851 387 1910 que
420 1829 510 1889 rebus
543 1847 576 1889 ac
614 1827 826 1908 temporalibus
865 1836 1013 1904 nmquam
1045 1831 1201 1906 peregrina
1233 1831 1338 1907 utitur,

329 1938 388 1980 non
409 1917 517 1997 quibus
536 1919 668 1996 capiatur
687 1926 717 1977 et
743 1925 893 1976 avertatur
914 1934 973 1993 quo
994 1915 1089 1976 tendit
1107 1919 1137 1976 in
1159 1916 1262 1995 Deum,
1285 1918 1337 1978 sed

330 2008 438 2088 quihus
462 2014 644 2066 sustentetur
668 2004 703 2064 ad
722 2005 837 2064 facilius
856 2002 1005 2064 toleranda
1025 2006 1204 2082 minimeque
1228 2024 1337 2084 augen-

279 2110 311 2158 15
330 2097 365 2158 da
389 2113 479 2156 onera
511 2096 644 2172 corporis
676 2092 893 2173 corruptibilis,
925 2092 1003 2170 quod
1033 2092 1170 2170 adgravat
1202 2097 1338 2154 animam.

330 2184 444 2245 ldcirco
471 2201 573 2243 rerum
600 2185 674 2242 vitae
703 2181 771 2242 ltuic
799 2180 915 2242 mortali
943 2184 1178 2242 necessariarum
1202 2186 1337 2260 utrisque

331 2272 499 2334 hominihus
518 2280 548 2332 et
567 2272 685 2348 utrique
703 2269 804 2330 domni
829 2272 993 2329 communis
1017 2278 1062 2330 est
1086 2288 1172 2349 usus3
1195 2270 1246 2330 sed
1270 2271 1338 2330 finis

332 2361 433 2424 utendi
470 2362 578 2438 cuique
613 2376 685 2418 suns
717 2359 856 2438 proprius
889 2357 1073 2435 multumque
1105 2357 1248 2418 diversus
1295 2359 1338 2419 lta

332 2454 419 2511 etiam
447 2458 565 2509 terrena
595 2448 712 2526 civitas,
742 2463 816 2523 quae
845 2463 904 2504 non
935 2447 1004 2506 vivit
1026 2463 1061 2505 ex
1085 2445 1157 2523 tide,
1189 2456 1338 2506 terrenam

279 2552 313 2600 20
331 2556 435 2617 pacem
465 2537 577 2615 appetit
599 2537 630 2594 in
659 2551 753 2613 eoque
781 2533 883 2610 deligit
908 2533 1072 2612 imperandi
1102 2533 1338 2614 oboediendique

332 2625 518 2685 concordiam
543 2624 666 2701 civium,
694 2628 729 2682 ut
755 2623 793 2680 sit
821 2624 864 2680 eis
887 2621 923 2681 de
948 2620 1039 2682 rebus
1061 2622 1096 2682 ad
1120 2623 1274 2683 mortalem
1298 2627 1338 2684 vi-

331 2723 390 2774 tam
414 2709 632 2790 pertinentibus
655 2709 849 2769 humanarum
872 2710 1015 2788 quaedam
1038 2713 1212 2790 compositio
1236 2711 1339 2774 volun·

332 2810 433 2862 tatum.
480 2798 588 2858 Civitas
607 2806 705 2857 autem
723 2797 859 2858 caelestis
881 2798 928 2858 rel
950 2801 1049 2877 potius
1072 2817 1141 2878 pars
1164 2801 1238 2879 eius,
1261 2818 1339 2879 quae

332 2891 363 2949 in
381 2888 435 2948 hac
454 2886 629 2948 mortalitate
649 2887 855 2964 peregrinatur
878 2895 908 2947 et
930 2888 1001 2947 vivit
1023 2904 1058 2946 ex
1082 2886 1148 2968 lide,
1172 2891 1259 2949 etiam
1282 2891 1340 2950 ista

281 2991 313 3040 25
332 2995 404 3058 pace
427 2993 549 3036 necesse
573 2982 619 3034 est
642 2983 754 3046 utatur,
777 2973 872 3034 donec
895 2976 974 3054 ipsa,
998 2977 1046 3035 cui
1069 2975 1135 3036 talis
1158 2993 1214 3054 pax
1237 2994 1340 3038 neces·

332 3067 408 3126 saria
432 3073 486 3143 est,
509 3062 670 3122 mortalitas
694 3071 836 3142 transeat3
859 3081 893 3123 ac
916 3081 969 3141 per
993 3063 1062 3142 hoc,
1085 3063 1155 3124 dum
1179 3065 1256 3144 apud
1280 3074 1340 3126 ter-

333 3171 434 3214 renam
453 3154 600 3212 civitatem
619 3150 699 3211 velut
722 3153 865 3228 captivam
888 3153 976 3211 vitam
999 3169 1069 3213 suae
1093 3156 1341 3231 peregrinationis

333 3244 408 3320 agit,
430 3243 487 3301 iam
511 3241 706 3318 promissione
730 3237 942 3318 redemptionis
966 3248 995 3300 et
1018 3238 1095 3300 dono
1118 3241 1243 3318 spiritali
1266 3251 1339 3302 tam

334 3348 421 3408 quam
450 3331 573 3407 pignore
605 3335 725 3405 accepto
755 3325 871 3404 legibus
898 3335 1034 3388 terrenae
1062 3330 1203 3408 civitatis,
1231 3329 1340 3408 quihus

281 3431 315 3480 tto
334 3418 406 3478 haec
430 3417 684 3494 administrantur,
716 3432 790 3493 quae
821 3415 1029 3476 sustentandae
1053 3416 1169 3476 mortali
1191 3420 1267 3478 ritae
1291 3418 1343 3478 ad-

404 3516 632 3587 mmmm

404 3682 421 3730 t
448 3674 628 3730 accommoda
655 3672 815 3795 Rhodop
845 3671 1055 3726 accommodate
1079 3671 1156 3738 Geo3
1184 3673 1219 3738 ef.
1243 3675 1345 3741 30oq.;
1457 3678 1458 3737 i

334 3752 397 3816 379,
412 3750 430 3801 7
447 3751 456 3817 l
476 3750 507 3800 lt
526 3742 686 3799 hominibus
704 3741 782 3797 fideli
802 3759 835 3796 ns
854 3745 884 3795 et
900 3740 1060 3797 infidelibus
1076 3758 1097 3810 p
1457 3740 1458 3751 ¹
