3284 4459
339 502 405 564 454
740 511 762 551 s.
776 509 941 553 Auensnmr

337 650 386 710 bic
409 648 553 708 Christus.
572 646 714 724 inveniet,
740 663 795 724 per
823 646 1061 705 inmortalitatem
1091 648 1121 705 in
1144 645 1194 704 illo
1219 646 1344 705 vivifica-

337 738 462 815 buntur,
491 737 547 795 etsi
574 752 634 793 non
662 735 839 813 moriantur,
867 752 934 793 cum
965 735 1114 794 rideamus
1142 742 1265 813 propter
1287 732 1345 793 hoc

337 843 402 885 esse
417 824 542 884 dictum:
564 823 606 882 Tu
621 824 703 897 qnod
719 826 858 896 seminus,
877 839 937 883 non
955 825 1136 896 vivificatur,
1155 825 1216 882 nisi
1232 825 1344 882 morio·

337 909 411 974 tur?
456 913 514 972 Aut
536 914 562 971 si
584 919 665 971 recte
689 928 748 969 non
771 909 897 970 dicimus
920 912 1059 971 seminari
1082 912 1138 970 nisi
1161 927 1196 971 en
1219 927 1344 989 corpora

300 1001 504 1080 obominum,
536 1017 611 1077 quae
644 998 796 1059 moriendo
831 1016 950 1076 quoquo
979 998 1066 1059 modo
1093 1006 1285 1058 revertuntur
1313 1000 1344 1058 in

339 1099 447 1170 terram
485 1082 580 1171 (sicut
611 1105 677 1147 sese
709 1085 798 1146 babet
830 1088 917 1146 etiam
950 1086 997 1147 illa
1030 1088 1060 1146 in
1093 1095 1344 1165 transgressorem

338 1188 453 1258 patrem
476 1178 594 1255 generis
617 1175 737 1235 humani
760 1174 901 1235 divinitus
923 1175 1036 1253 prolata
1061 1177 1220 1236 sententia:
1247 1175 1344 1236 Terra

338 1285 369 1328 es
397 1274 427 1327 et
453 1269 485 1327 t'n
508 1273 623 1325 terram
646 1257 733 1345 ibts):
756 1262 906 1323 latendum
931 1272 976 1324 est
999 1266 1085 1342 istm,
1114 1282 1189 1341 qnos
1212 1263 1346 1323 noudum

338 1355 374 1414 de
398 1352 573 1433 corporibus
602 1368 738 1430 egressos
766 1369 834 1411 cum
864 1353 962 1411 veniet
985 1349 1120 1412 Christus
1143 1353 1286 1431 inveniet,
1316 1360 1347 1411 et

285 1456 319 1504 10
338 1446 403 1505 istis
422 1441 520 1503 verbis
539 1439 662 1519 apostoli
681 1449 712 1499 et
729 1438 787 1500 illis
806 1439 842 1499 de
866 1441 968 1518 genesi
991 1457 1050 1499 non
1074 1441 1181 1520 teneri3
1205 1442 1345 1518 quoniam

338 1548 457 1592 sursum
474 1531 505 1589 in
524 1527 653 1589 nubibus
672 1529 747 1605 rapti
772 1545 830 1587 non
855 1530 957 1606 utique
981 1530 1173 1608 seminantur,
1196 1531 1264 1606 qula
1289 1548 1346 1588 nec

338 1626 410 1680 eunt
427 1621 458 1678 in
477 1625 587 1677 terrem
607 1634 661 1675 nec
681 1616 816 1695 redeunt,
840 1618 900 1675 sire
920 1615 1029 1675 nullam
1047 1633 1172 1695 prorsus
1191 1618 1345 1695 experian-

337 1717 387 1769 tur
410 1712 536 1766 mortem
559 1706 619 1764 sire
643 1704 793 1782 patrimum
816 1706 847 1765 in
871 1722 938 1764 aere
963 1706 1135 1764 moriantur.

426 1792 484 1854 Sed
512 1792 589 1853 aliud
618 1810 724 1852 rursus
755 1795 901 1871 occurrit,
929 1792 1008 1870 quod
1030 1792 1108 1853 idem
1131 1792 1206 1854 dixit
1228 1802 1344 1872 aposto-

286 1897 318 1944 15
337 1884 393 1963 luS,
416 1884 484 1941 cu'm
507 1881 544 1942 de
567 1883 786 1941 resurrectione
809 1899 969 1959 corporum
992 1880 1027 1940 ad
1051 1880 1220 1941 Corinthios
1242 1881 1344 1959 loque-

337 1980 435 2032 retur:
467 1972 574 2032 Omnes
601 1986 808 2047 resurgemus,
836 1968 882 2028 vel
909 1970 987 2029 sicut
1009 1968 1057 2029 alii
1080 1968 1198 2029 codices
1221 1969 1345 2031 babent:

344 2062 451 2122 Omnes
475 2060 663 2120 donnicatas.
709 2055 784 2117 Cum
806 2074 877 2134 ergo
900 2074 956 2117 nec
978 2059 1159 2117 resurrectio
1181 2059 1259 2137 lieri,
1287 2062 1345 2119 nisi

337 2166 418 2210 mors
440 2149 650 2228 praecesserit,
677 2147 783 2225 possit,
806 2163 862 2205 nec
885 2145 1092 2205 dormitionem
1116 2148 1269 2224 possimus
1293 2146 1343 2207 illo

337 2238 401 2298 loco
431 2235 602 2314 intellegere
630 2236 688 2295 nisi
715 2241 854 2293 mortem:
882 2250 941 2312 quo
970 2233 1057 2293 modo
1081 2252 1183 2295 omnes
1207 2233 1254 2295 vel
1276 2234 1343 2296 dor·

285 2338 319 2385 20
338 2330 429 2387 mlent
459 2324 505 2386 vel
531 2330 703 2404 resurgent,
729 2324 755 2381 si
782 2330 842 2381 tam
873 2321 972 2401 multi,
1000 2340 1074 2400 quos
1097 2324 1127 2381 in
1152 2340 1277 2402 corpore
1299 2326 1344 2383 in·

337 2422 481 2475 venturus
509 2419 555 2472 est
578 2410 726 2489 Christus,
754 2427 808 2470 nec
837 2408 984 2470 dormient
1007 2427 1062 2469 nec
1084 2407 1266 2490 resurgent?
1312 2412 1343 2471 Si

337 2523 408 2583 ergo
436 2510 566 2577 sanctos,
598 2501 649 2578 qui
680 2500 868 2578 reperientur
896 2497 1013 2557 Christo
1049 2500 1184 2559 veniente
1212 2501 1344 2559 viventes

338 2595 424 2669 eique
447 2593 478 2651 in
501 2588 616 2649 obviam
639 2590 807 2666 rapientur,
837 2585 1051 2646 crediderimus
1074 2588 1105 2645 in
1129 2587 1233 2648 eodem
1256 2596 1345 2667 raptu

337 2679 374 2738 de
398 2676 570 2738 mortalibus
598 2674 772 2755 corporibus
801 2676 934 2734 exituros
962 2682 992 2734 et
1020 2674 1054 2735 ad
1084 2674 1185 2735 eadem
1209 2693 1275 2735 mox
1300 2679 1344 2736 in-

285 2778 318 2824 25
338 2764 471 2828 mortalia
495 2766 658 2843 redituros,
681 2762 776 2823 nullas
799 2765 829 2823 in
853 2762 953 2823 verbis
976 2761 1101 2842 apostoli
1124 2765 1270 2842 patiemur
1293 2783 1343 2824 an-

338 2856 458 2933 gustias,
481 2854 541 2913 sire
565 2850 615 2912 ubi
639 2850 722 2912 dicit:
750 2851 792 2911 lle
815 2853 898 2926 qnod
917 2853 1056 2925 seminas,
1078 2868 1138 2912 non
1161 2855 1344 2927 vivificatur,

337 2947 399 3004 nesi
423 2944 585 3014 moriatur,
622 2942 682 2999 sive
719 2939 770 2999 ubi
802 2939 887 3000 dicit:
920 2940 1027 3001 Omnes
1057 2957 1252 3015 resurgemus
1280 2950 1345 3003 aut:

343 3032 449 3093 Omnes
473 3031 670 3100 domimum
700 3030 768 3107 quia
790 3046 847 3087 nec
870 3027 911 3087 illi
933 3046 988 3106 per
1011 3027 1250 3089 inmortalitatem
1274 3032 1343 3090 rivi-

339 3119 515 3196 ficabuntur‚
538 3118 608 3196 nisi,
632 3114 791 3195 quamlibet
813 3115 979 3195 paululum,
1003 3123 1100 3175 tamen
1125 3123 1192 3177 ante
1217 3120 1343 3178 morian-

286 3218 320 3264 30
339 3215 397 3288 tur,
421 3224 454 3266 ac
473 3223 527 3285 per
545 3204 601 3263 boc
621 3212 650 3264 et
668 3222 683 3263 a
703 3206 922 3264 resurrectione
943 3221 1000 3263 non
1025 3211 1113 3264 erunt
1136 3204 1232 3285 alieni,
1255 3224 1344 3284 quiam

338 3297 515 3356 dormitione
543 3292 738 3372 praecedunt,
769 3294 902 3369 quamvis
935 3291 1122 3371 brevissime,
1154 3310 1214 3354 non
1244 3301 1343 3354 tamen

338 3383 425 3444 nulla.
472 3381 532 3442 Cur
554 3389 653 3441 autem
680 3379 765 3439 nobis
793 3378 964 3440 incredibile
988 3378 1121 3439 videatur
1143 3380 1222 3441 illam
1245 3382 1344 3443 multi-

405 3496 431 3562 8)
451 3491 518 3547 Gen.
534 3498 559 3557 3,
574 3498 616 3545 19.
654 3495 697 3562 16)
717 3498 740 3546 1.
757 3492 816 3546 Cor.
833 3498 874 3560 15,
890 3498 936 3561 ⁶13
956 3494 990 3549 cf.
1006 3494 1122 3548 Tertull.
1135 3496 1246 3549 Resurr.
1262 3513 1284 3550 u.
1298 3502 1348 3562 423

332 3563 446 3619 Hieron.
466 3579 509 3632 cp.
530 3562 567 3615 nd
584 3562 699 3616 Minore.
719 3568 772 3616 c.'l
792 3565 822 3616 el
840 3567 986 3618 commoni.
1006 3565 1036 3619 in
1054 3564 1128 3619 Esai.
1149 3583 1171 3621 c.
1187 3573 1229 3621 51.

405 3708 421 3757 3
439 3702 495 3755 uisi
507 3702 585 3772 prius
599 3720 634 3755 m.
649 3702 733 3768 Am
751 3704 785 3769 cf.
800 3708 863 3771 453,
875 3708 909 3759 31
923 3707 933 3774 ll
948 3710 981 3759 lb
994 3708 1167 3761 mortuorum
1182 3709 1230 3763 Ab
1243 3710 1252 3778 ΙΙ
1267 3715 1299 3762 31
1316 3718 1350 3765 nt

334 3775 425 3830 editur
442 3790 508 3839 mss3
527 3772 658 3826 dormitio
676 3773 821 3841 praecedit
839 3792 855 3827 o
1287 3777 1291 3783 '
