3284 4459
340 468 407 534 602
741 478 943 521 snuoucrmr

340 636 376 679 ea
399 634 546 697 quemque
569 625 683 677 statura
706 616 840 694 corporis
863 622 1106 675 resurrecturum
1128 632 1208 695 esse,
1237 615 1269 675 in
1293 632 1357 692 qua

341 706 500 767 defunctus
531 712 592 784 est,
623 722 683 765 non
710 703 885 782 pugnaciter
917 701 1118 763 resistendum
1146 709 1205 783 est3
1235 708 1357 763 tantum

340 794 418 856 absit
446 794 543 855 omnis
571 792 757 871 deformitas,
785 792 882 851 omnis
911 790 1080 870 infirmitas,
1108 791 1204 851 omnis
1226 790 1357 851 tarditas

341 884 497 960 omnisque
520 883 685 961 corruptio,
712 887 743 940 et
771 881 797 938 si
820 877 891 957 quid
913 876 993 940 aliud
1015 877 1088 940 iilud
1110 896 1172 939 non
1194 877 1281 939 decet
1305 897 1356 940 re·

305 983 447 1051 agnum,
468 971 499 1030 in
524 986 582 1048 quo
606 968 835 1029 resurrectionis
858 974 888 1027 et
910 968 1116 1045 promissionis
1138 966 1191 1027 tilii
1213 966 1357 1047 aequales

341 1067 431 1119 eruut
453 1057 564 1137 angelis
586 1056 656 1139 liei,
678 1058 705 1117 si
726 1073 787 1117 non
810 1072 949 1135 corpore,
972 1073 1032 1116 non
1054 1063 1160 1131 aetate,
1182 1063 1264 1117 certe
1287 1055 1355 1117 ioli·

341 1149 439 1209 citata.

730 1349 848 1417 Oneon
869 1349 957 1416 XXI.

342 1484 389 1544 Be
410 1485 544 1543 novitate
565 1482 704 1557 corporr's
725 1482 886 1627 spiritalis,
909 1482 941 1539 in
964 1496 1055 1554 quom
1076 1485 1254 1541 sanctorum
1276 1498 1356 1543 euro

291 1582 324 1633 10
758 1575 841 1628 muto
862 1570 933 1627 itur.

431 1692 616 1753 Restituetur
631 1709 701 1770 ergo
716 1689 859 1770 quidquid
878 1690 915 1751 de
935 1689 1111 1769 corporibus
1128 1692 1202 1752 rivis
1220 1691 1267 1752 vel
1285 1704 1356 1771 post

342 1789 470 1842 mortem
492 1779 529 1840 de
552 1778 743 1840 cadaveribus
766 1780 870 1858 periit,
894 1786 924 1839 et
947 1777 1036 1839 simul
1058 1796 1127 1840 cum
1149 1797 1195 1860 eo,
1218 1780 1298 1858 quod
1324 1783 1355 1841 in

343 1868 489 1949 sepulcris
507 1869 659 1948 remansit,
681 1870 712 1928 iu
731 1866 872 1946 spiritalis
895 1869 1030 1947 corporis
1049 1868 1207 1929 novitatem
1231 1886 1267 1928 ex
1291 1872 1354 1929 ani-

342 1957 428 2018 malis
451 1958 585 2035 corporis
612 1963 758 2017 vetustate
781 1962 927 2015 mutatum
960 1964 1096 2034 resurget
1127 1957 1355 2035 incorruptione

291 2058 324 2108 15
343 2054 431 2124 atque
463 2043 673 2105 inmortalitate
705 2045 853 2104 vestitum.
900 2042 958 2104 Sed
989 2045 1046 2104 etsi
1076 2043 1122 2104 vel
1153 2062 1224 2104 casn
1254 2044 1354 2124 aliquo

343 2136 425 2215 gravi
442 2132 489 2193 rei
511 2134 699 2194 inimicorum
722 2133 894 2192 inmanitate
918 2139 1014 2192 totum
1036 2133 1156 2211 penitus
1180 2140 1355 2194 conteratur

343 2225 374 2283 in
393 2221 546 2301 pulverem
568 2229 658 2299 atque
676 2221 707 2280 in
730 2236 818 2281 auras
840 2218 886 2279 vel
904 2221 936 2279 in
954 2237 1045 2297 aquas
1064 2218 1241 2301 dispersum,
1260 2239 1354 2300 quan·

344 2320 408 2372 tum
439 2310 505 2370 fleri
535 2316 648 2388 potest,
680 2325 826 2387 nusquam
858 2324 924 2367 esse
957 2310 1072 2369 sinatur
1103 2310 1238 2369 omnino:
1271 2310 1353 2370 nullo

343 2398 431 2460 modo
455 2396 589 2460 subtrahi
610 2398 721 2476 poterit
743 2397 973 2474 omnipotentiae
996 2394 1158 2478 Creatoris,
1188 2396 1241 2457 sed
1265 2399 1354 2478 capil-

291 2500 326 2550 20
344 2487 391 2549 lus
414 2489 445 2548 in
468 2504 504 2547 eo
534 2486 639 2565 capitis
668 2502 727 2545 non
749 2483 867 2563 peribit.
911 2482 977 2544 Erit
1000 2501 1071 2563 ergo
1094 2486 1213 2563 spiritui
1236 2485 1355 2548 subdita

345 2593 414 2637 caro
437 2574 593 2654 spiritalis,
621 2572 673 2634 sed
696 2581 794 2633 tamen
818 2589 904 2652 caro,
927 2589 987 2631 non
1010 2573 1147 2653 spiritum
1170 2574 1248 2634 siem
1271 2579 1354 2636 carni

345 2661 482 2723 subditus
512 2662 568 2722 init
598 2663 720 2741 spiritus
747 2662 811 2739 ipse
840 2658 980 2735 carnalis,
1011 2659 1062 2720 sed
1090 2669 1190 2722 tamen
1220 2664 1354 2745 spiritus,

344 2768 404 2809 non
432 2767 510 2810 caro.
555 2747 647 2810 Cuius
675 2750 720 2809 rei
747 2746 889 2809 habemus
920 2749 1157 2826 experimentum
1179 2751 1210 2809 in
1234 2760 1353 2813 nostrae

344 2855 456 2917 poenae
488 2836 683 2897 deformitate.
732 2835 798 2897 Non
831 2838 909 2897 enim
940 2835 1105 2896 secundum
1135 2854 1269 2919 carnem,
1301 2840 1354 2902 sed

291 2927 448 3003 tantique
472 2923 636 2984 secuudum
658 2926 796 3003 spiritum
819 2923 951 2985 carnales
975 2932 1068 3005 erant,
1092 2924 1199 3003 quibus
1222 2929 1263 2988 ait
1285 2944 1353 3008 apo·

345 3012 452 3075 stolus:
476 3012 542 3073 Non
557 3015 646 3090 potui
662 3014 745 3074 robis
762 3014 846 3088 loqui
862 3015 953 3089 quam
967 3014 1166 3088 spiritalibus,
1188 3016 1245 3076 sed
1265 3020 1355 3093 quasi

344 3102 538 3173 carnotibus,¹
567 3109 598 3161 ot
619 3099 707 3161 homo
731 3099 871 3180 spiritalis
894 3102 937 3160 sic
960 3101 990 3160 in
1013 3099 1069 3162 hac
1091 3101 1151 3163 rita
1174 3101 1298 3186 dicitnr,
1321 3114 1355 3167 ut

343 3197 443 3251 tamen
462 3206 587 3268 corpore
606 3187 701 3251 adhuc
719 3188 845 3249 carnalis
863 3189 903 3249 sit
925 3195 955 3249 et
977 3188 1074 3250 rideat
1096 3188 1182 3251 aliam
1205 3190 1300 3271 legem
1322 3196 1354 3256 in

345 3277 486 3338 membris
514 3278 576 3337 suis
604 3283 818 3356 repugnantem
850 3276 907 3355 legi
930 3278 1038 3337 mentis
1062 3295 1146 3360 suae;
1174 3280 1232 3341 crit
1254 3289 1354 3343 autem

290 3378 326 3429 to
346 3368 434 3426 etiam
453 3382 578 3444 corpore
597 3364 746 3445 spiritalis,
769 3382 839 3425 cnm
862 3363 964 3425 eadem
988 3382 1056 3426 cero
1080 3367 1124 3426 sic
1146 3373 1355 3454 resurrexerit,

345 3462 379 3516 ut
396 3454 447 3514 fiat
466 3452 544 3532 quod
563 3455 707 3532 scriptum
726 3460 786 3513 est:
808 3452 985 3514 Seminatur
1007 3470 1119 3531 eorpus
1142 3458 1284 3533 animale,
1306 3478 1354 3522 re

415 3589 460 3655 or)
480 3592 503 3641 1.
523 3586 584 3642 eor.
603 3592 630 3655 a,
649 3591 674 3642 1.
710 3587 756 3653 aa)
773 3584 853 3641 Rom.
873 3591 898 3655 r,
916 3591 959 3641 ee.

417 3748 448 3796 11
469 3759 535 3811 ergo
554 3744 582 3797 et
598 3758 615 3797 e
