3284 4459
337 495 404 559 470
738 506 938 550 s.sonnsn1u1

337 644 499 723 apostolus:
523 644 621 704 Simul
636 660 705 703 cam
722 646 782 703 illis
800 644 958 719 rapiemur
976 645 1008 703 ia
1027 643 1158 703 ambibas
1176 644 1346 704 inobviam

340 734 458 793 cbristo
475 734 508 792 ε’νε
526 748 611 793 aera.
655 730 729 791 Nam
748 730 912 791 secundum
931 729 1044 791 litterae
1064 731 1259 810 superficiem,
1283 750 1345 810 quo

336 818 423 880 modo
455 818 614 880 advocatur
645 819 759 879 caelum
786 836 919 899 sursum,
951 819 1035 897 quasi
1066 821 1162 897 possit
1188 837 1253 879 esse
1285 820 1345 880 nisi

336 904 477 969 sursum?
522 906 606 977 Quod
630 916 728 968 autem
751 907 923 968 adiunctum
945 914 1005 967 est:
1027 906 1069 967 m
1089 913 1206 969 terram
1229 910 1345 969 discer-

301 1008 411 1058 naere
432 999 575 1072 papalum
600 1013 696 1069 saum,
720 997 746 1055 si
768 993 971 1055 tantummodo
996 994 1190 1057 subaudiatur
1212 998 1345 1057 advoca-

337 1087 387 1158 bit,
415 1084 445 1145 id
467 1093 514 1144 est
536 1082 689 1144 advocabit
712 1091 742 1143 et
763 1090 890 1162 terram,
920 1100 975 1143 nec
999 1081 1193 1144 subaudiatur
1214 1100 1346 1159 saroam,

336 1173 416 1234 bunc
439 1172 555 1233 videtur
577 1171 686 1232 babere
716 1188 837 1231 sensum
860 1170 1024 1231 secundum
1047 1178 1158 1232 rectam
1183 1172 1282 1251 fidem,
1310 1182 1348 1233 ut

337 1261 451 1322 caelum
478 1260 666 1339 intellegatur
692 1261 723 1319 in
751 1260 810 1339 eis,
839 1261 890 1337 qui
920 1276 988 1319 cum
1011 1258 1061 1319 illo
1084 1260 1243 1321 iudicaturi
1266 1270 1347 1341 sunt,

337 1360 368 1411 et
389 1358 470 1409 terra
492 1351 524 1408 in
546 1350 603 1427 eis,
630 1350 681 1426 qui
703 1346 852 1408 iudicandi
875 1356 958 1426 sunt3
986 1356 1020 1407 nt
1042 1350 1206 1409 advocabit
1227 1351 1348 1410 caelum

286 1449 319 1498 10
336 1454 457 1499 ευνευνυ
487 1454 546 1496 non
574 1436 622 1496 hic
651 1434 855 1513 intellegamus
882 1437 1000 1514 „rapiet
1025 1437 1056 1495 in
1080 1431 1183 1517 aera“,
1211 1436 1262 1496 sed
1291 1440 1348 1518 „in

337 1526 504 1587 iudiciarias
532 1526 627 1603 eriget
654 1517 765 1583 sedes“.
812 1522 915 1583 Potest
942 1532 973 1583 et
998 1522 1071 1583 illud
1099 1524 1230 1603 intellegi
1254 1527 1347 1586 aduo-

338 1616 421 1675 cabit
449 1616 566 1674 caelum
592 1629 713 1672 sartam
739 1610 917 1691 „advocabit
944 1610 1064 1689 angelos
1093 1614 1124 1672 in
1154 1616 1292 1692 supernis
1316 1623 1349 1674 et

339 1701 463 1762 excelsis
489 1700 575 1780 locis,
603 1716 671 1760 oum
699 1700 807 1778 quibus
838 1699 998 1760 descendat
1019 1700 1055 1760 ad
1079 1700 1247 1761 laciendum
1269 1701 1347 1762 iudi-

339 1784 449 1868 cium“;
472 1787 624 1848 advocabit
646 1795 677 1849 et
698 1795 829 1861 terram,
851 1787 880 1847 id
905 1795 951 1847 est
974 1787 1108 1849 homines
1130 1790 1161 1849 in
1185 1798 1264 1849 terra
1287 1792 1348 1849 uti·

288 1890 320 1937 ts
339 1895 397 1956 que
424 1875 604 1937 iudicandos.
651 1875 682 1936 Si
712 1885 810 1936 antem
838 1886 997 1953 utrumque
1025 1875 1262 1937 subaudiendum
1292 1887 1349 1957 est,

339 1983 408 2026 cnm
426 1965 534 2025 dicitur
553 1972 583 2025 et
602 1973 726 2039 terram,
749 1964 777 2024 id
802 1972 901 2026 estet
923 1966 1087 2025 advocabit
1108 1973 1137 2025 et
1159 1982 1288 2039 saroam,
1312 1975 1349 2026 ut

338 2056 395 2114 iste
418 2056 457 2113 sit
479 2070 599 2116 sensus:
626 2052 787 2113 Advocabit
809 2052 922 2113 caelum
946 2069 1081 2132 sursum,
1111 2061 1142 2113 et
1163 2061 1273 2113 terram
1298 2053 1349 2113 ad-

339 2139 454 2202 vocabit
472 2159 604 2202 sursum:
627 2140 699 2201 nibil
718 2141 823 2201 medus
836 2139 967 2219 intellegi
986 2142 1121 2201 existimo
1136 2159 1223 2219 quam
1243 2160 1349 2202 omnes

340 2232 391 2309 qni
413 2232 567 2309 rapientur
594 2228 762 2289 inobviam
785 2228 902 2289 Christo
926 2231 957 2288 in
980 2246 1061 2308 aera,
1091 2229 1143 2289 sed
1167 2229 1281 2290 caelum
1304 2230 1349 2289 di·

287 2331 321 2379 20
340 2328 421 2380 ctum
446 2322 571 2397 propter
602 2320 726 2396 animas,
756 2326 867 2377 terram
894 2325 1017 2395 propter
1045 2335 1178 2396 corpora.
1223 2320 1349 2379 Dt'scer-

339 2426 413 2470 aere
443 2424 534 2486 porro
561 2410 706 2483 papalem
731 2422 830 2478 saara,
863 2404 934 2482 quid
962 2414 1008 2465 est
1035 2407 1092 2465 nisi
1121 2424 1175 2484 per
1204 2406 1350 2467 iudicium

340 2513 476 2575 separare
494 2494 589 2555 bonos
607 2512 623 2553 a
642 2492 734 2572 malis,
757 2503 905 2571 amquam
924 2510 993 2552 oves
1012 2491 1047 2553 ab
1071 2490 1196 2553 haedis?
1233 2493 1348 2554 Deinde
1401 2532 1402 2535 =

341 2585 493 2643 conversio
516 2584 662 2642 sermonis
689 2581 725 2642 ad
753 2580 872 2660 angelos
904 2580 979 2641 iacta
1002 2590 1061 2642 est:
1092 2582 1281 2658 Conpreaate
1304 2585 1352 2644 aa

340 2674 433 2731 iactos
455 2673 536 2740 εἰυε,·
558 2671 692 2749 prolecto
711 2672 790 2729 enim
812 2686 866 2748 per
889 2668 1053 2747 angelicum
1077 2672 1275 2730 ministerium
1298 2689 1350 2731 res

288 2769 321 2819 25
340 2766 420 2818 tanta
443 2756 608 2836 peragenda
630 2766 684 2817 est.
730 2756 761 2817 Si
780 2766 879 2818 autem
903 2759 1080 2837 quaerimus,
1104 2776 1179 2836 quos
1201 2761 1296 2818 iustos
1320 2761 1351 2819 ci

341 2847 547 2924 congregaturi
570 2848 630 2905 sint
652 2846 761 2923 angeli:
789 2846 848 2918 Oai
870 2848 1038 2921 disponant,
1061 2848 1166 2926 inquit,
1190 2854 1350 2907 testamen-

341 2941 403 2994 tum
421 2936 487 2994 εἰυε
504 2951 595 3010 ευμεν
613 2937 779 3007 sacrificia.
824 2932 903 2993 llaec
922 2942 968 2994 est
986 2936 1081 2994 omnis
1105 2936 1163 2994 vita
1187 2936 1351 2996 iustorum:

341 3021 498 3101 disponere
530 3029 739 3082 testamentum
771 3021 825 3081 llei
857 3039 947 3100 snper
981 3022 1131 3082 sacrificia.
1178 3023 1236 3083 Aut
1269 3025 1351 3083 enim

341 3128 431 3190 opera
458 3110 677 3171 misericordiae
706 3118 775 3171 sunt
801 3128 895 3186 saper
916 3113 1087 3183 sacrificia,
1120 3110 1148 3170 id
1182 3119 1228 3171 est
1260 3114 1353 3172 sacri-

288 3212 323 3260 30
341 3199 416 3259 ficiis
444 3198 664 3279 praeponenda,
686 3200 766 3258 iuxta
789 3199 964 3259 sententiam
988 3197 1042 3258 Dei
1065 3198 1204 3260 dicentis:
1227 3200 1352 3261 illiseri-

341 3289 480 3348 cordiam
508 3290 572 3348 aolo
599 3302 690 3361 qaam
718 3289 926 3359 sacrificium
954 3294 1005 3346 aut
1028 3288 1054 3347 si
1076 3304 1169 3363 saper
1191 3291 1353 3362 sacrificia

341 3377 394 3457 „in
418 3368 594 3435 sacrificiis“
619 3374 802 3453 intellegitur
830 3373 940 3435 dictum
947 3422 955 3453 ‚
984 3392 1042 3453 quo
1066 3374 1154 3435 modo
1177 3393 1268 3455 super
1291 3385 1353 3438 ter-

413 3549 441 3612 2)
462 3552 485 3601 1.
504 3545 600 3599 Thess.
619 3549 645 3613 4,
664 3548 705 3599 tv.
742 3545 788 3612 31)
806 3540 877 3597 Osee
897 3550 922 3611 6,
940 3549 965 3601 d.

418 3778 450 3827 18
469 3788 564 3826 omnes
582 3787 649 3836 mea·
666 3770 793 3825 homines
811 3774 898 3841 alid
913 3773 969 3826 sint
987 3774 1148 3842 Batiana
1169 3776 1233 3828 sunt
1252 3776 1336 3847 bppa
