3284 4459
558 542 599 583 rur
611 541 758 584 murram
771 541 966 584 nmmum
980 540 1050 585 oua
1249 527 1315 596 309

304 679 479 740 custodient
508 680 666 740 scientium
697 683 730 738 et
758 680 853 751 lenem
883 679 1040 752 inquirent
1073 695 1114 740 ee
1148 695 1204 740 ore
1233 682 1319 753 eiust

306 769 452 842 quonium
480 769 607 841 unoeius
634 766 757 827 Domini
782 768 990 842 omnipotentis
1016 771 1068 827 est.
1117 765 1179 828 Nee
1208 769 1315 828 miran-

306 855 379 916 dum
413 861 472 934 est,
505 856 572 932 quia
601 853 716 914 Domini
749 854 960 933 omnipotentis
993 854 1114 934 angelus
1142 855 1240 917 dietus
1270 864 1317 916 est

308 943 449 1004 Christus
467 940 559 1003 lesus.
606 941 689 1002 Sicut
708 943 787 1002 enim
810 959 914 1002 servus
935 952 1059 1021 propter
1081 942 1206 1004 lormam
1229 946 1317 1024 servi,

307 1033 339 1092 in
363 1047 420 1110 qua
443 1032 524 1092 venit
546 1029 582 1090 ad
604 1029 749 1111 homines,
770 1030 813 1090 sic
836 1029 957 1108 angelus
979 1039 1102 1110 propter
1124 1032 1316 1112 evangelium,
1335 1037 1362 1094 δ’

307 1118 387 1198 quod
418 1120 564 1181 nuntiarit
591 1117 768 1180 hominihus.
813 1116 886 1178 Nam
909 1121 936 1178 si
958 1117 1069 1179 Graeca
1090 1121 1147 1178 ista
1169 1122 1316 1200 interpre-

307 1216 422 1287 temur,
451 1215 482 1266 et
504 1205 685 1286 evangelium
709 1205 785 1266 bona
808 1208 953 1267 nuntiatio
976 1215 1023 1268 est
1045 1215 1075 1269 et
1097 1207 1218 1286 angelus
1241 1226 1315 1268 nun·

308 1297 377 1356 tius.
422 1292 464 1354 Ile
483 1296 549 1374 ipso
568 1297 677 1374 quippe
700 1295 808 1355 iterum
827 1294 911 1355 dicit:
935 1295 1018 1356 Ecce
1038 1299 1154 1357 mittem
1176 1300 1316 1372 onustum

306 1399 416 1457 nuum,
446 1389 477 1444 et
499 1386 668 1461 prospiciet
693 1387 772 1444 riom
800 1391 872 1444 onte
891 1381 1005 1458 faeiem
1026 1401 1140 1456 meum,·
1166 1391 1197 1446 et
1217 1387 1316 1448 subito

307 1474 408 1532 ueniet
429 1473 461 1532 in
480 1475 619 1548 tempium
641 1488 729 1532 suum
747 1472 901 1544 Dominus,
924 1489 1012 1547 quem
1034 1489 1085 1534 nos
1098 1476 1264 1548 ‘quaeritis
1287 1482 1317 1536 et
1336 1486 1379 1536 toq

307 1563 435 1634 unneius
462 1562 643 1634 testamenti,
671 1576 758 1635 quem
785 1576 836 1620 uos
863 1563 959 1620 ruitis.
1010 1560 1093 1622 Dece
1118 1565 1211 1636 uenit,
1241 1565 1318 1624 dicit

307 1648 454 1710 Dominus
487 1650 689 1723 omnipotenm
724 1653 756 1709 ei
784 1650 853 1723 ouis
884 1650 1042 1709 sustinebit
1068 1651 1147 1710 diem
1175 1653 1318 1712 introitus

309 1737 394 1798 eius?
426 1741 482 1796 out
508 1738 576 1810 quis
604 1738 726 1797 resistet
752 1738 783 1797 in
813 1743 938 1812 aspectu
967 1739 1054 1798 eius?
1098 1736 1162 1798 lloo
1190 1737 1256 1798 loeo
1286 1745 1322 1799 et

306 1825 487 1903 primumet
505 1823 669 1886 secundum
690 1822 800 1885 Christi
821 1825 1041 1902 praenuntiavit
1062 1825 1234 1907 adventum3
1257 1828 1315 1904 pri·

306 1929 389 1973 mum
417 1909 543 1990 seilicet,
575 1911 612 1973 de
640 1930 700 1990 quo
729 1913 782 1973 ait:
818 1913 860 1973 Et
879 1913 979 1974 subito
1001 1916 1102 1974 ueniet
1122 1917 1154 1975 in
1176 1919 1316 1991 tempium
1335 1917 1386 1976 16Ἰν

305 2017 402 2073 suum,
425 1999 455 2060 id
479 2008 525 2060 est
548 2001 578 2060 in
602 2017 723 2060 carnem
746 2018 839 2082 suam,
861 2000 897 2060 de
920 2018 978 2079 qua
1000 2001 1075 2062 dixit
1096 2003 1128 2062 in
1151 2002 1315 2081 evangelio:
1338 2056 1341 2061 .

308 2088 419 2150 Solvite
446 2091 585 2165 templum
612 2090 685 2168 noc,
712 2095 743 2148 et
765 2092 796 2148 in
820 2091 923 2149 triduo
945 2091 1133 2151 resuscitabo
1155 2093 1248 2163 iliud,·
1270 2109 1315 2152 se·

307 2174 438 2236 eundum
461 2194 544 2258 vero,
572 2174 624 2237 ubi
651 2178 705 2236 ait:
733 2177 815 2238 Eece
837 2180 930 2251 uenit,
958 2179 1034 2239 dicit
1054 2179 1200 2239 Dominus
1222 2183 1315 2240 omni·

302 2272 424 2342 potens,
451 2271 483 2326 et
508 2267 576 2339 quis
601 2266 761 2325 sustinebit
787 2267 866 2325 diem
893 2268 1035 2326 introitus
1057 2269 1143 2327 eius?
1171 2275 1227 2328 aut
1248 2271 1315 2343 quis

307 2355 428 2414 resistet
454 2355 487 2414 in
515 2360 639 2429 aspectu
667 2355 770 2414 eius?-
804 2352 891 2423 Quod
918 2361 1016 2413 autem
1040 2352 1126 2414 dixit:
1160 2355 1315 2430 Dominus,
1333 2369 1368 2416 ao

307 2457 395 2517 quern
417 2457 468 2503 uos
490 2443 647 2522 quaeritis,
670 2447 701 2502 et
718 2445 846 2516 onorius
868 2445 1045 2516 testamenti,
1068 2459 1155 2516 qoem
1178 2459 1231 2504 uos
1252 2448 1314 2505 oui-

307 2531 356 2603 tis,
378 2528 553 2607 significarit
571 2530 674 2608 utique
698 2530 785 2589 etiam
808 2528 932 2589 ludaeos
955 2529 1119 2589 seeundum
1142 2532 1315 2613 scripturas,

308 2634 381 2696 quas
396 2616 506 2696 legunt,
525 2615 675 2678 Christum
694 2635 839 2696 quaerere
857 2626 888 2678 et
905 2616 988 2679 velle.
1021 2617 1079 2679 Sed
1100 2617 1184 2679 multi
1202 2637 1316 2701 eorum,

307 2723 397 2783 quem
424 2707 615 2783 quaesierunt
644 2713 674 2766 et
701 2705 872 2787 voluerunt,
903 2707 1018 2766 venisse
1041 2723 1101 2767 non
1124 2716 1316 2790 agnoverunt,

308 2795 456 2864 excaecati
487 2795 517 2854 in
551 2792 690 2854 sordibus
723 2795 785 2854 suis
814 2793 1064 2872 xpraecedentibus
1097 2797 1211 2856 meritis
1244 2799 1315 2857 suis.
1334 2808 1393 2858 aa)

308 2880 394 2952 Quod
423 2899 494 2942 sane
517 2880 568 2946 hic,
589 2884 722 2942 nominat
744 2890 967 2964 testamentum,
991 2882 1036 2942 rel
1060 2900 1165 2964 supra,
1188 2883 1240 2945 nbi
1262 2886 1330 2945 ait:-

310 2969 528 3042 I'estnmentum
551 2987 648 3030 meum
671 2976 741 3031 erut
761 2987 830 3030 eum
853 2988 900 3045 eo,
923 2970 968 3029 vel
991 2969 1054 3051 hie,
1076 2971 1128 3031 ubl
1151 2989 1219 3032 eum
1242 2972 1333 3033 dixitss

307 3056 443 3137 angelum
457 3060 636 3138 testamenti,
653 3075 761 3119 novum
776 3057 881 3136 procul
895 3057 985 3119 dubio
1003 3065 1213 3121 testamentum
1227 3060 1318 3121 deba-

307 3163 375 3206 mus
397 3147 546 3226 accipere,
568 3144 620 3207 ubi
643 3147 838 3227 sempiterna,
860 3164 919 3206 non
943 3156 1043 3227 vetus,
1070 3145 1121 3207 ubi
1143 3148 1315 3228 temporalia

307 3243 377 3296 sunt
389 3236 548 3314 promissa3
562 3251 644 3314 qnae
655 3252 710 3313 pro
726 3251 832 3314 magno
846 3233 988 3295 habentes
1011 3235 1131 3314 plurimi
1152 3237 1263 3297 infirmi
1286 3245 1316 3299 et
1333 3249 1383 3298 stt*

307 3321 368 3383 Deo
387 3339 457 3383 vero
476 3321 579 3382 talium
598 3339 699 3382 rerum
724 3322 861 3401 mercede
881 3324 1053 3405 servientes,
1076 3324 1192 3402 quando
1215 3323 1316 3385 vident

308 3412 352 3470 eis
374 3411 481 3489 impios
500 3408 661 3490 abundare,
683 3409 850 3472 turbantur.
895 3410 1022 3490 Propter
1045 3411 1123 3491 qnod
1147 3411 1225 3476 idem
1248 3430 1315 3492 pro·

379 3525 490 3597 2)Msl.
510 3531 635 3596 2‚liaqq.
683 3527 784 3596 ts)1b.
805 3533 924 3601 tl,1sq.¹
960 3529 1003 3594 17)
1021 3528 1059 3582 Io.
1079 3534 1104 3595 2,
1120 3535 1161 3582 19.
1272 3602 1274 3606 ι

309 3619 520 3628 -ι-υ--ι-

380 3665 396 3712 2
413 3660 518 3729 omnip.
536 3659 590 3714 Dei
607 3677 624 3714 o
642 3662 651 3729 ΙΙ
670 3665 685 3712 5
704 3659 745 3714 aio
763 3660 975 3731 RAGobeqyn
998 3661 1040 3714 sii
1059 3663 1104 3729 (=
1119 3660 1198 3727 simu)
1217 3662 1256 3728 F3
1277 3662 1318 3715 ,10

309 3731 454 3855 ᾗξῦζβνῑζῆ
465 3731 578 3856 ¹31le
592 3730 751 3800 Matrona
770 3731 853 3785 mim>
866 3732 959 3786 nsua
977 3732 1039 3800 uteo
1058 3731 1131 3820 mu
1144 3731 1317 3802 aarum
