3284 4459
335 523 400 588 226
735 537 757 581 s
771 537 936 580 suessam
1024 543 1027 550 ·

336 691 404 733 cum
423 675 565 748 patribus
587 676 658 746 tuis,
682 679 713 734 et
732 675 886 734 suscitabo
908 690 1009 734 semea
1032 681 1115 734 tuum
1133 680 1202 751 post
1225 677 1269 748 te,
1293 676 1349 748 qui

335 764 397 822 orit
422 763 461 823 de
489 769 594 822 uentre
623 773 686 835 tuo,
715 768 746 821 et
767 763 965 837 praeparabo
993 762 1120 836 repausa
1143 765 1231 823 illius.
1278 760 1346 832 Ouo

336 849 423 909 modo
441 867 513 928 orgo
531 857 654 927 propter
671 848 700 909 id
720 849 798 927 quod
817 851 967 928 sequitur:
990 851 1049 910 Hio
1072 851 1250 923 aedificabit
1272 849 1349 910 mibi

337 940 464 1011 domum,
487 939 543 997 isto
564 936 700 997 Salomon
719 936 872 1016 putabitur
890 937 1092 1018 prophetatus
1115 947 1146 998 ot
1164 956 1223 998 non
1243 940 1345 1017 potius

301 1033 458 1104 sproptor
485 1025 515 1086 id
543 1025 622 1104 quod
649 1025 812 1104 praecedit:
844 1028 917 1087 Cum
944 1029 1052 1102 repleti
1069 1025 1190 1100 suerint
1212 1029 1277 1088 dies
1301 1029 1349 1086 tui

337 1121 368 1174 et
385 1117 515 1175 dormies
533 1131 601 1174 aura
621 1115 763 1189 patribus
786 1117 854 1187 tuis,
876 1115 1028 1176 suscitabo
1050 1132 1150 1176 semea
1173 1122 1258 1175 tuum
1275 1121 1348 1191 post

337 1210 375 1275 te,
394 1202 468 1263 atius
486 1202 625 1281 pooissous
643 1200 825 1279 intellegitur
844 1221 909 1262 osse
928 1204 1100 1282 promissus,
1119 1205 1248 1281 quinon
1268 1211 1347 1283 onte,
1461 1265 1462 1268 ,

293 1329 296 1336 ·
338 1291 416 1351 siout
433 1292 499 1370 isto,
522 1290 572 1350 sod
592 1297 660 1367 post
682 1299 807 1353 mortem
822 1288 911 1351 David
935 1294 1159 1370 praenuntiatus
1183 1300 1229 1351 ost
1252 1293 1345 1351 susci·
1461 1321 1462 1334 κ

337 1375 466 1440 tandus?
502 1377 669 1448 Quamlibet
691 1379 769 1438 onim
793 1378 880 1456 longo
904 1381 1079 1458 interposito
1102 1387 1237 1458 temporo
1260 1378 1346 1440 Iesus
1461 1431 1462 1450 ,

268 1465 474 1529 .10Ghristus
501 1469 628 1546 veniret,
655 1465 767 1544 procul.
789 1466 883 1526 dubio.
901 1476 969 1546 post
993 1474 1117 1528 mortem
1141 1469 1220 1546 regis
1236 1466 1347 1548 *David3
1461 1521 1462 1532 2

338 1557 386 1615 cui
414 1557 456 1615 sio
484 1564 530 1614 est
556 1556 733 1634 promissus,
761 1573 831 1615 oum
853 1557 953 1616 venire
976 1555 1142 1634 oportebat,
1172 1557 1223 1634 qui
1246 1555 1345 1615 aediss-

338 1653 419 1705 oarot
450 1642 570 1703 domum
603 1640 681 1722 Deo,
714 1661 773 1702 non
803 1643 839 1703 de
866 1642 953 1722 lignis
977 1652 1007 1703 et
1034 1642 1194 1723 lapidibuS,
1226 1643 1279 1704 sod
1308 1643 1346 1704 de

337 1730 514 1811 hominibus,
538 1730 653 1809 qualem
668 1729 753 1791 titum
772 1731 928 1791 aedificare
951 1731 1133 1810 gaudemus„
1165 1730 1242 1792 Huic
1265 1734 1346 1794 enim

338 1818 437 1880 domui
461 1819 532 1879 dicit
553 1817 714 1899 apostolus,
738 1817 793 1879 hoo
816 1829 863 1879 ost
885 1819 1021 1880 fidelibus
1044 1818 1168 1881 Christi:
1195 1819 1347 1897 Templum

287 1917 319 1968 tt
337 1910 416 1968 euim
438 1908 497 1969 Dei
517 1916 657 1969 sonatum
679 1916 732 1980 est,
754 1911 838 1982 quod
858 1911 928 1968 estis
949 1925 1009 1970 uos.

743 2095 860 2161 offla
884 2095 938 2161 IX.

342 2226 438 2297 Quam
460 2225 565 2284 similis
584 2228 615 2285 ia
634 2228 750 2300 psalmo
773 2227 973 2300 ootopeasiruo
997 2233 1101 2287 octauo
1124 2229 1164 2287 sit
1182 2227 1348 2304 propbotia

411 2315 449 2374 tte
475 2315 592 2374 Christo
616 2315 671 2387 bis,
694 2331 773 2387 quae
795 2315 826 2372 ia
851 2330 1015 2386 repaorum
1038 2316 1124 2375 tibris
1147 2315 1270 2376 Nathan

618 2403 819 2478 prophetante
837 2405 1064 2478 promittantur.

285 2535 321 2585 20
426 2523 552 2603 Propter
571 2524 649 2602 quod
668 2533 698 2584 et
716 2526 746 2585 in
764 2522 876 2602 psalmo
900 2526 1099 2602 octogensimo
1123 2534 1235 2608 octavo,
1258 2529 1345 2588 cuius

337 2621 385 2673 ost
407 2611 524 2673 titulus:
552 2613 725 2673 Intellectus
748 2615 806 2688 ipsi
827 2614 945 2672 Aetboa
970 2613 1142 2688 israelitae,
1166 2619 1369 2676 commemo.

338 2710 443 2760 rantur
465 2702 676 2778 promissiones
699 2698 752 2760 Dei
771 2700 867 2759 tactae
891 2702 955 2777 rogi
978 2699 1080 2782 David,
1108 2711 1138 2762 et
1160 2705 1239 2784 istis,
1268 2722 1346 2782 quae

338 2791 370 2849 in
392 2787 467 2848 li'bro
487 2806 644 2867 regnorum
665 2796 735 2847 sunt
757 2789 860 2866 posito,
884 2788 1025 2866 quaedam
1049 2789 1089 2849 ibi
1113 2792 1218 2851 similia
1241 2792 1346 2862 dicans·

339 2884 398 2957 tur,
421 2878 497 2936 sicut
520 2885 578 2937 ost:
602 2877 711 2935 Iurooi
731 2877 833 2936 Bauio
854 2893 941 2937 seruo
964 2889 1053 2938 meos
1070 2879 1166 2954 Usque
1189 2883 1221 2940 iu
1244 2888 1343 2942 uetere

287 2974 322 3023 25
339 2983 412 3026 aum
436 2966 631 3041 praeparabo
657 2981 757 3025 semea
784 2970 884 3036 tuum,·
915 2973 945 3024 et
967 2966 1104 3040 iterumzff
1120 2967 1203 3028 Tuas
1225 2972 1346 3030 locutus

338 3072 370 3114 os
402 3056 434 3114 iu
466 3061 589 3130 aspectu
620 3055 694 3124 filiis
725 3055 784 3112 tuis
816 3060 846 3113 at
878 3055 998 3113 dixisti:
1034 3056 1127 3116 Posui
1158 3057 1346 3118 adiutorium

338 3159 430 3217 super
448 3149 616 3220 potentem,
651 3143 787 3200 exaltavi
816 3143 943 3202 electum
972 3142 1010 3203 de
1035 3148 1145 3219 populo
1173 3161 1246 3205 meo,
1292 3146 1342 3205 In·

286 3269 289 3278 -
338 3233 407 3290 veui
423 3230 525 3290 David
544 3246 664 3289 seruum
682 3246 787 3301 meum,
811 3232 842 3288 in
865 3232 928 3290 oleo
950 3238 1056 3291 saaoto
1079 3248 1143 3292 meo
1165 3235 1245 3292 unxi
1266 3251 1342 3293 sums

340 3317 451 3378 Manus
483 3320 563 3378 enim
593 3333 661 3377 mea
693 3318 896 3377 auxiliabitur
928 3320 958 3378 oi
986 3326 1015 3378 et
1037 3320 1215 3381 bracchium
1247 3337 1346 3381 metam

286 3415 321 3465 oo
339 3404 524 3479 confortabit
550 3423 625 3465 oum.
670 3407 737 3466 Noa
763 3407 906 3480 proficiet
933 3409 1072 3467 inimicus
1098 3410 1130 3468 ia
1153 3424 1187 3470 eo
1208 3415 1241 3468 ot
1258 3412 1347 3482 filius

410 3513 667 3583 15)1.Cor.'3,17.
723 3515 767 3579 25)
785 3510 902 3577 V.4sq.
995 3563 997 3569 ,
1258 3515 1260 3518 ’

410 3653 442 3701 18
460 3648 577 3701 notham
597 3645 662 3715 Ffp
682 3646 748 3713 11-ἳο
767 3645 796 3696 et
814 3645 914 3695 octono
936 3640 1042 3694 Gobeo
1063 3641 1072 3708 ss
1094 3643 1125 3692 21
1147 3639 1259 3692 aetham
1279 3638 1320 3692 F¹
1337 3641 1350 3708 ss<

338 3720 460 3774 ezraitae
478 3717 519 3772 R'
532 3719 541 3786 ΙΙ
555 3723 588 3770 27
607 3715 690 3769 exalt.
710 3714 794 3784 asty
811 3723 862 3767 soc:
879 3711 985 3768 Grato:
1007 3713 1035 3763 et
1053 3708 1135 3763 exalt.
1152 3710 1319 3778 AGabopo
1337 3711 1347 3779 b

335 3788 570 3914 {gmffioissit
593 3787 762 3856 Gabeppo3
791 3782 961 3837 eonfortouib
983 3781 1011 3835 R
1030 3782 1115 3836 Psott.
1141 3782 1253 3844 Vorou.;
1278 3793 1350 3906 ¹oon'-
