3284 4459
351 499 417 563 464
609 570 617 594 1
752 509 774 549 a.
788 509 951 551 iocosam

350 656 417 709 lem.
462 646 582 725 Deinde,
605 645 676 723 quiid
695 643 821 704 audierit
844 642 879 703 ab
903 643 961 722 iiio,
985 662 1000 703 a
1019 662 1078 722 quo
1097 643 1133 704 de
1155 642 1292 703 omnibus
1311 643 1361 703 his

351 738 508 815 quaesivit,
537 745 683 812 tamquam
711 751 746 791 eo
776 732 831 792 sibi
859 740 1024 810 exponente
1050 735 1093 791 sic
1119 732 1263 810 loquitur:
1291 734 1361 793 Hae

351 828 464 886 bestiae
480 840 610 898 mapnae
630 829 774 897 quattuor
787 828 932 895 quattuor
950 838 1047 894 repna
1065 828 1192 895 surpent
1210 824 1242 881 iu
1261 827 1360 894 terra,

351 931 430 987 quae
452 910 641 989 auferentur,
664 918 694 970 et
716 913 869 985 accipient
890 926 1017 983 reanum
1040 912 1141 969 sancti
1162 908 1307 969 Allissimi
1330 918 1361 969 et

315 1016 331 1060 o
351 1002 524 1062 obtinebunt
543 1001 731 1072 illectusque
750 1001 780 1057 in
803 1001 957 1058 saeculum
981 1006 1011 1057 et
1032 1015 1126 1072 usque
1149 1000 1179 1057 in
1203 1001 1360 1057 saeculum

351 1092 541 1150 saeculorum
595 1088 635 1147 Et
656 1088 852 1161 quaerebam,
880 1088 989 1165 inquit,
1017 1088 1179 1160 dillpenter
1203 1088 1240 1145 de
1262 1087 1360 1145 bestia

351 1184 476 1253 quarta,
503 1195 583 1251 puae
609 1182 679 1236 erat
704 1175 851 1248 differens
871 1192 950 1250 prae
972 1178 1053 1235 omni
1075 1176 1183 1254 bestia,
1211 1176 1360 1235 terribilis

352 1269 479 1343 amplius
496 1297 533 1307 -
551 1268 653 1324 dentes
667 1267 732 1323 eius
748 1261 849 1337 ferrei
861 1268 891 1323 et
908 1280 1025 1336 unpues
1040 1266 1104 1323 eius
1118 1265 1211 1336 aerei,
1231 1264 1359 1322 mandu-

351 1372 426 1416 cans
444 1362 475 1414 et
487 1356 689 1414 comminuens
705 1354 866 1424 etreliqua
877 1352 1005 1426 pedibus
1022 1354 1086 1411 suis
1104 1354 1288 1411 conculcans
1308 1384 1360 1423 —,

300 1457 332 1502 ιο
351 1451 381 1504 et
399 1444 598 1503 decernibus
618 1444 682 1501 eius
706 1442 817 1513 decern,
840 1457 919 1514 quae
941 1447 1032 1500 erant
1054 1442 1085 1499 in
1109 1442 1210 1514 capite
1233 1443 1306 1511 eius,
1331 1448 1361 1499 el

352 1534 390 1592 de
412 1535 522 1602 altero,
549 1531 631 1603 quod
658 1529 797 1588 ascendit
823 1534 853 1587 et
880 1531 1014 1587 excussit
1042 1530 1079 1589 de
1099 1529 1256 1604 prioribus
1280 1530 1362 1599 tria;

352 1636 449 1680 cornu
472 1619 548 1677 illud
573 1619 606 1676 in
628 1632 686 1690 quo
708 1623 799 1676 erant
821 1620 903 1676 oculi
924 1623 955 1676 et
976 1633 1008 1676 os
1031 1620 1154 1691 loquens
1177 1634 1304 1691 mappa,
1330 1623 1362 1676 et

351 1711 432 1767 risus
450 1709 515 1765 eius
533 1707 631 1764 maior
649 1707 767 1764 ceteris.
820 1704 970 1777 Videbam,
994 1712 1023 1764 et
1045 1722 1141 1765 cornu
1166 1707 1242 1765 illud
1259 1704 1360 1779 socie·

352 1797 404 1855 bal
426 1796 534 1854 bellum
557 1809 625 1853 cum
647 1796 774 1865 sanctis,
807 1799 838 1852 et
856 1794 1056 1868 praevalebat
1077 1796 1120 1853 ad
1141 1796 1233 1867 ipsas,
1261 1796 1361 1853 donec

300 1896 333 1943 15
352 1887 432 1944 uenit
453 1888 585 1942 uetustus
607 1882 734 1960 dierum,
757 1887 787 1940 et
808 1898 935 1954 repnum
959 1882 1042 1941 dedit
1062 1884 1178 1941 sanctis
1196 1882 1361 1953 Altissimi;

352 1979 382 2031 et
403 1979 517 2046 tempus
537 1972 684 2045 peruenit,
707 1977 736 2029 et
758 1985 886 2042 reanum
909 1970 1104 2029 obtinuerunt
1124 1973 1232 2029 saucii.
1278 1968 1360 2029 Haec

352 2058 452 2118 Daniel
477 2060 627 2135 quaesisse
655 2076 686 2117 se
710 2056 791 2116 dixit.
837 2055 947 2115 Deinde
972 2056 1042 2133 quid
1066 2057 1192 2117 audierit
1215 2060 1360 2118 continuo

352 2145 545 2224 subiungens:
569 2146 609 2204 Et
627 2148 713 2218 dixit,
737 2147 833 2223 inquit
851 2138 894 2224 (id
914 2152 960 2203 est
978 2144 1035 2223 iiie,
1058 2164 1074 2204 a
1098 2164 1156 2223 quo
1181 2148 1360 2226 quaesierat,

353 2234 505 2313 respondit
532 2242 562 2293 et
589 2228 690 2315 dixit):
717 2234 820 2293 Bestia
848 2240 960 2307 quarta
982 2240 1124 2307 quartum
1148 2252 1275 2307 repnum
1299 2239 1361 2295 erit

298 2335 332 2383 eo
351 2328 383 2384 in
406 2332 502 2397 terra,
524 2325 607 2397 quod
622 2323 814 2398 praevalebit
837 2322 973 2382 omnibus
995 2325 1116 2397 repnis;
1139 2331 1168 2383 et
1190 2325 1359 2383 manduca-

352 2415 396 2473 bit
417 2429 531 2473 omnem
559 2418 687 2483 terram,
714 2417 745 2470 et
771 2412 963 2470 conculcabit
985 2427 1051 2471 eam
1074 2417 1104 2470 et
1125 2413 1271 2471 concidet.
1318 2413 1361 2472 Et

352 2504 455 2561 decem
487 2517 605 2561 cornua
637 2502 701 2558 eius
734 2500 836 2557 decem
868 2514 956 2573 repes
987 2505 1129 2573 surpent;
1159 2505 1281 2575 etpost
1307 2518 1361 2561 eos

351 2596 458 2663 surpet
484 2592 575 2660 alius,
603 2590 657 2661 pul
681 2587 838 2662 superabit
865 2588 952 2646 molis
980 2603 1093 2661 omnes,
1121 2590 1267 2661 quiante
1290 2606 1361 2648 eum

349 2675 493 2751 socruum
515 2684 545 2736 et
562 2682 624 2735 tres
642 2693 730 2749 repes
748 2675 917 2734 bumiliabit
935 2681 965 2735 et
986 2676 1080 2735 uerba
1103 2677 1249 2735 aduersus
1268 2678 1360 2735 Altis-

299 2776 332 2821 25
352 2768 457 2823 simum
480 2768 618 2837 loquetur
648 2771 677 2823 et
702 2770 824 2823 sanctos
846 2763 991 2822 altissimi
1012 2769 1148 2823 conteret
1170 2770 1199 2823 et
1220 2768 1359 2839 suspica·

353 2853 435 2912 bitur
453 2859 572 2911 mutare
589 2858 725 2927 tempora
744 2859 773 2912 et
790 2854 901 2924 lepcm;
924 2858 954 2912 et
976 2852 1100 2911 dabitur
1122 2854 1154 2911 in
1177 2869 1268 2913 manu
1292 2856 1361 2914 eius

353 2958 446 3015 usaue
477 2941 520 2999 ad
545 2947 658 3013 tempus
687 2946 717 2999 et
744 2946 879 3015 tempora
907 2946 937 2999 et
964 2941 1119 2999 dimidium
1149 2946 1272 3016 tempus.
1318 2942 1362 3001 Et

354 3031 499 3088 iudicium
525 3028 652 3099 sedebit,
681 3034 711 3086 et
736 3030 944 3102 principatum
971 3029 1165 3089 removebunt
1191 3031 1234 3089 ad
1256 3036 1359 3090 euter-

352 3118 526 3176 mlnandum
553 3121 583 3175 et
605 3116 794 3189 perdendum
821 3132 915 3189 usque
938 3118 969 3175 in
989 3118 1097 3187 finem,·
1126 3122 1156 3177 et
1177 3134 1306 3192 repnum
1329 3126 1362 3178 el

298 3216 333 3264 eo
349 3210 481 3281 potestas
508 3210 537 3262 et
563 3205 738 3276 mapnltudo
766 3220 885 3277 rapum,
912 3206 965 3277 qui
990 3205 1046 3263 sub
1069 3207 1151 3264 omni
1171 3209 1256 3267 caelo
1279 3214 1360 3287 sunt,
1476 3202 1477 3209 ’

353 3294 426 3352 data
445 3298 489 3351 est
505 3294 619 3350 sanctis
638 3293 788 3350 Altissimi.
835 3291 875 3350 Et
895 3309 1022 3366 reanum
1045 3296 1110 3352 eius
1132 3310 1260 3368 reanum
1281 3312 1359 3353 sem·

349 3383 519 3454 piternum;
547 3384 575 3439 et
606 3395 705 3438 omnes
729 3380 923 3454 principatus
955 3382 1013 3454 ipsi
1043 3382 1175 3441 servient
1206 3388 1236 3441 et
1264 3383 1359 3442 obau-

352 3470 441 3528 dient.
487 3467 553 3526 Hac
579 3483 686 3539 usaue,
713 3466 823 3545 inquit,
847 3470 919 3539 nnis
941 3470 1097 3531 sermonis.
1142 3468 1206 3543 Epo
1230 3470 1360 3541 Daniel;

418 3633 434 3680 3
449 3629 569 3694 quatuor
579 3626 687 3680 bestiae
699 3643 845 3695 magnaeo
858 3630 867 3696 ii
881 3634 914 3682 27
927 3631 1037 3699 tempus
1049 3645 1103 3684 nise
1111 3631 1207 3697 plum
1224 3630 1361 3699 temporis

345 3700 570 3838 2254&ssssss
585 3702 618 3749 oe
637 3697 691 3749 hoe
710 3698 784 3752 iba
803 3701 860 3765 (95,
874 3704 925 3766 aa·
944 3704 1279 3768 161,10;12;223,2)3
1302 3700 1362 3755 huc

218 4099 349 4151 A
