3284 4459
541 510 740 551 1111111111
754 510 924 552 osanna.
939 509 1058 553 111111.
1263 494 1306 559 39

289 644 346 705 ,iiie
373 652 473 705 motus
499 651 640 723 poscente
668 643 763 725 unlio,
790 643 946 723 aliquando
972 651 1072 704 autem
1099 642 1235 705 destituit
1261 645 1306 705 iu-

299 732 443 813 hiantem,
471 739 501 793 et
528 749 596 793 cum
624 734 654 793 in
679 734 775 793 animo
799 733 1040 811 concupiscentia
1061 732 1186 812 terreat,
1219 731 1307 810 irigct

297 824 329 881 iu
352 838 492 899 corpore3
514 829 602 898 atque
626 822 666 881 ita
689 822 798 881 mirum
820 822 852 880 in
874 819 995 881 modum
1017 838 1078 880 uon
1099 819 1196 880 solum
1217 836 1306 898 gene·

299 909 384 970 randi
405 908 557 989 voluntati,
577 926 681 971 verum
700 910 789 969 etiam
807 907 978 969 lasciviendi
995 906 1110 969 libidini
1133 907 1223 968 iibido
1245 925 1306 967 non

299 1000 399 1078 servit,
423 1005 452 1059 et
471 1014 539 1059 eum
557 1004 619 1057 tota
642 996 816 1076 pierumque
836 999 929 1057 menti
952 995 1102 1060 cohibenti
1124 996 1306 1076 adversetur,
1325 1007 1341 1054 n

301 1103 521 1163 nonnumquam
554 1093 584 1147 ct
615 1084 756 1145 adversus
785 1103 817 1144 se
844 1086 908 1163 ipsa
936 1084 1077 1145 dividitur
1100 1092 1305 1162 commotoque

300 1176 395 1235 animo
418 1176 450 1235 in
473 1171 684 1235 commovendo
708 1190 834 1251 corpore
857 1190 890 1232 se
911 1174 975 1251 ipsa
997 1190 1059 1233 non
1081 1174 1225 1250 sequitur.

679 1362 797 1427 Caene
819 1361 924 1426 XVII.

321 1493 367 1553 lte
389 1494 528 1553 ruditate
545 1495 715 1568 primorum
737 1493 903 1564 bominum,
926 1507 1017 1565 quem
1035 1497 1105 1567 post
1123 1496 1284 1567 peceatum

529 1587 647 1657 turpem
666 1581 901 1656 pudendamque
923 1581 1072 1639 uiderunt.
1327 1588 1360 1637 10

388 1704 493 1764 Merito
517 1703 605 1764 buius
629 1702 758 1763 libidinis
781 1704 906 1763 maxime
930 1702 1034 1782 pandet,
1061 1703 1169 1762 merito
1191 1703 1308 1780 etipsa

299 1791 441 1872 membra,
463 1810 538 1870 qnae
557 1809 611 1853 suo
630 1792 766 1870 quodam,
788 1798 823 1851 ut
840 1792 881 1850 ita
898 1790 1032 1869 dixerim,
1050 1791 1127 1867 iure,
1149 1807 1210 1850 non
1228 1792 1309 1850 omni

299 1880 388 1941 modo
407 1881 443 1942 ed
462 1878 617 1941 arbitrium
636 1888 770 1947 nostrum
790 1886 888 1939 movet
910 1886 961 1938 aut
983 1894 1043 1937 non
1066 1885 1172 1958 movet,
1195 1877 1306 1957 puden·

298 1969 335 2029 da
366 1968 519 2047 dicuntur,
550 1966 630 2046 quod
657 1976 725 2029 ante
752 1973 908 2045 peecatum
935 1965 1063 2027 bominis
1090 1984 1149 2026 non
1177 1965 1307 2026 inerunt

298 2056 374 2119 Nam
392 2059 471 2119 sicut
488 2058 631 2135 scriptum
651 2064 711 2117 est:
735 2057 818 2115 Nudi
835 2062 933 2128 erem,
952 2062 981 2115 et
999 2071 1060 2115 uon
1078 2052 1305 2129 confundeban-
1326 2065 1360 2113 15

299 2154 367 2220 tur,
391 2162 451 2205 non
470 2144 549 2222 quod
568 2146 612 2204 eis
635 2160 688 2204 sna
711 2144 829 2204 nuditas
852 2150 932 2202 esset
954 2144 1113 2222 incognita,
1136 2141 1189 2201 sed
1211 2143 1309 2220 turpis

299 2233 418 2294 nuditas
449 2232 579 2291 nondum
612 2240 688 2311 erat,
720 2233 789 2309 quia
817 2230 948 2291 nondum
980 2229 1070 2289 iibido
1097 2228 1229 2291 membra
1260 2229 1310 2292 ilia

299 2329 420 2401 praeter
451 2319 607 2380 arbitrium
640 2318 855 2398 commovebat,
887 2318 1020 2378 noudum
1046 2316 1082 2377 ad
1110 2318 1238 2379 bominis
1266 2320 1309 2377 in·

297 2409 517 2470 oboedientiam
545 2407 778 2486 redarguendam
807 2425 859 2467 sua
895 2405 1113 2467 inoboedientia
1140 2423 1210 2466 caro
1237 2424 1308 2484 qno·

300 2499 366 2559 dam
400 2496 486 2557 modo
518 2498 720 2557 testimonium
752 2493 934 2575 perhibebat.
979 2494 1082 2573 Neque
1114 2496 1195 2555 enim
1226 2496 1307 2555 caeci
1326 2506 1361 2555 1ο

301 2588 394 2647 creati
422 2593 519 2665 erant,
547 2594 581 2644 ut
606 2586 768 2663 inperitum
795 2583 901 2661 vuigns
924 2585 1076 2663 opinatur,
1104 2582 1222 2663 quando
1245 2585 1309 2661 qin-

301 2675 369 2735 dem
392 2682 424 2735 et
445 2673 493 2733 iiie
517 2672 589 2732 vidit
612 2673 761 2747 animalia,
784 2670 893 2750 quibus
916 2673 1033 2731 nomina
1056 2673 1196 2752 inposuit,
1220 2670 1309 2731 etde

301 2763 349 2823 iiia
377 2762 497 2841 iegitur:
537 2762 618 2821 Vidit
643 2764 752 2823 mulier
778 2763 851 2835 quie
879 2761 988 2820 bonum
1015 2762 1130 2833 tignum
1153 2762 1185 2821 in
1208 2776 1309 2820 escum

300 2859 332 2912 et
354 2854 426 2926 quie
446 2853 549 2926 piacet
571 2852 666 2910 ocutis
693 2850 926 2911 adridendum.
971 2846 1113 2907 Petebant
1136 2865 1208 2925 ergo
1231 2847 1309 2907 oculi

301 2957 414 3018 eorum,
437 2937 490 2997 sed
508 2938 543 2998 ad
563 2937 618 2999 boc
642 2955 701 2999 non
724 2944 809 2998 erent
831 2937 935 3017 aperti,
956 2934 1013 2994 hoc
1036 2942 1164 2996 estnon
1186 2935 1362 3015 adtentius

301 3036 336 3087 ut
359 3034 573 3105 cognoscerent
600 3026 671 3103 quiid
698 3028 742 3087 eis
769 3025 943 3085 indumento
965 3024 1076 3101 gratiae
1099 3031 1309 3105 praestaretur,

301 3114 419 3194 quando
452 3113 583 3174 membra
620 3132 724 3174 eorum
757 3112 899 3172 voluntati
930 3129 1096 3190 repugnare
1129 3111 1308 3173 nesciebant.

302 3204 366 3273 Qua
389 3205 482 3281 gratia
505 3211 631 3280 remota,
660 3210 693 3262 nt
715 3218 809 3281 poena
832 3202 986 3278 reciproca
1008 3198 1226 3261 inoboedientia
1247 3199 1308 3279 pie-

302 3299 443 3369 ctcretur,
466 3292 564 3351 extitit
580 3292 611 3350 in
630 3298 711 3351 motu
735 3290 870 3367 corporis
892 3287 1036 3365 quaedam
1058 3286 1206 3365 inpudens
1228 3289 1308 3347 novi-

302 3389 360 3459 tas,
389 3378 468 3441 unde
492 3384 572 3439 esset
593 3376 734 3439 indecens
757 3376 883 3455 nuditas,
906 3382 937 3436 et
959 3374 1030 3436 iecit
1052 3376 1188 3437 adtentos
1209 3374 1306 3435 reddi·
1327 3388 1362 3437 30

375 3502 418 3567 11)
438 3496 504 3551 Gen.
526 3503 550 3563 1,
566 3502 607 3549 aa.
658 3499 702 3567 11)
721 3494 760 3549 lb.
781 3499 823 3548 1ο,
874 3497 919 3563 11)
937 3492 976 3547 11.
997 3498 1021 3558 1,
1037 3499 1060 3546 a.

375 3636 390 3684 6
405 3630 468 3700 ipse
483 3628 603 3695 reem
617 3628 709 3697 ipsum
723 3628 814 3695 beipo
828 3627 837 3694 ΙΙ
853 3631 885 3679 13
899 3627 1014 3680 mouent
1028 3626 1146 3679 autnon
1155 3624 1310 3691 mouentem

300 3704 451 3767 mouentur
463 3698 596 3770 pudenda
609 3716 637 3765 e;
651 3698 749 3753 ibidem
763 3714 797 3751 ru.
807 3700 835 3751 2.
848 3712 931 3766 erepcr
944 3697 993 3751 tiu.
1009 3698 1073 3752 add.
1088 3696 1138 3751 eut
1150 3700 1170 3747 fi
1182 3696 1310 3762 mouent;

301 3775 349 3829 sed
366 3774 401 3840 cs.
421 3776 472 3839 17;
490 3773 631 3839 111111.
1295 3800 1298 3805 .
