3284 4459
554 489 752 543 nn'crvmnrn
765 500 819 543 nm
832 501 859 544 n.
873 500 949 541 xxm
963 500 986 541 o.
1001 502 1033 542 aa.
1239 487 1305 551 607

299 635 433 697 credibili
461 636 648 717 crudelitate,
676 654 763 715 quam
791 634 892 696 rabida
915 637 1030 695 esuries
1054 634 1192 716 iaciebat,
1219 624 1305 696 absu-

173 716 197 799 ,’
298 721 435 787 merent?
458 724 524 804 lpse
542 730 693 804 postremo
712 742 843 805 somnus,
861 725 914 802 qni
931 726 1051 803 proprie
1070 726 1179 803 quietis
1197 742 1306 785 nomen

299 816 421 893 accepit,
445 815 511 891 quis
530 811 628 873 verbis
647 812 783 892 explicet,
807 830 894 891 saepe
918 814 1100 873 somniorum
1123 814 1194 873 visis
1217 830 1306 893 quam

165 888 198 978 ιζ,
300 904 338 963 sit
360 904 510 979 inquietus
534 907 564 960 et
587 918 675 980 quam
698 903 824 981 magnis,
850 900 921 961 licet
944 900 1083 961 falsarum
1105 919 1223 983 rerum,
1245 908 1305 962 ter·

174 987 203 1085 ,5
299 989 427 1071 roribus,
450 1007 523 1068 quas
545 991 586 1049 ita
609 987 728 1050 exhibet
751 996 781 1048 et
804 988 930 1068 quodam
953 988 1040 1049 modo
1064 992 1210 1070 exprimit,
1232 996 1266 1051 ut
1289 1000 1341 1050 ao

299 1080 376 1139 veris
400 1096 449 1139 eas
472 1077 643 1137 discernere
666 1095 858 1157 nequeamus,
880 1079 1006 1137 animam
1029 1078 1167 1137 miseram
1186 1096 1304 1139 sensus-

299 1186 357 1247 que
379 1162 557 1246 perturbet?
597 1165 661 1236 Qua
685 1165 810 1226 salsitate
833 1167 965 1225 visorum
987 1167 1076 1226 etiam
1098 1166 1252 1245 vigilantes
1274 1168 1306 1227 in

299 1253 475 1335 quibusdam
494 1252 605 1314 morbis
619 1260 650 1314 et
669 1256 789 1314 venenis
808 1251 1005 1313 miserabilius
1024 1255 1185 1334 agitantum
1204 1272 1304 1333 qoam-

184 1348 193 1427 ¹.
299 1346 342 1404 vis
361 1343 532 1404 multimoda
551 1344 691 1403 varietate
715 1340 844 1402 fallaciae
867 1341 1001 1402 homines
1025 1344 1111 1401 etiarn
1135 1360 1223 1402 sanos
1246 1360 1305 1403 ma·

299 1432 370 1511 ligni
400 1431 558 1492 daemones
588 1447 809 1509 nonnumquam
840 1426 989 1509 decipiant
1015 1429 1123 1490 talibus
1151 1432 1235 1511 visis,
1263 1439 1360 1511 ut,10

299 1522 414 1581 etiamsi
432 1538 484 1579 eos
501 1536 556 1598 per
574 1517 646 1581 haec
666 1518 701 1579 ad
719 1537 773 1579 sua
796 1518 952 1580 traducere
974 1536 1034 1579 non
1056 1520 1217 1599 potuerint,
1240 1537 1304 1579 scu·

300 1626 351 1669 sus
369 1617 468 1669 tamen
487 1624 591 1668 eorum
610 1607 672 1668 solo
691 1609 824 1686 appetitu
849 1605 1103 1686 qualitercumque
1126 1606 1306 1685 persuaden-

299 1696 353 1757 dae
376 1696 509 1757 lalsitatis
532 1695 674 1758 inludant.

387 1784 431 1857 Ab
454 1785 543 1844 huius
566 1794 626 1845 tam
649 1786 773 1845 miserae
798 1785 882 1862 quasi
905 1781 1080 1862 quibusdam
1103 1783 1207 1844 inieris
1230 1784 1306 1844 ritae

299 1891 358 1934 non
387 1872 493 1933 liberat
520 1874 578 1933 nisi
606 1874 698 1951 gratia
723 1871 882 1932 Salvatoris
905 1870 1028 1951 Christi,
1056 1870 1359 1932 Deiacllomini1o

299 1963 394 2022 nostri
426 1954 498 2043 (hoc
530 1962 608 2021 onim
642 1977 749 2021 nornen
782 1968 828 2019 est
863 1960 927 2037 ipsc
960 1956 1057 2040 lesus;
1092 1961 1307 2039 interpretatur

300 2052 407 2129 qnippe
428 2040 585 2131 Salvator),
607 2051 731 2109 maxime
755 2066 792 2108 ue
812 2046 973 2126 posthanc
992 2048 1129 2107 miserior
1147 2066 1180 2107 ac
1199 2050 1306 2127 sempi-

301 2146 383 2198 terna
407 2138 562 2217 suscipiat,
590 2155 648 2197 non
672 2138 743 2216 vita,
766 2135 818 2196 sed
842 2153 930 2195 mors.
976 2134 1049 2196 Nam
1072 2137 1103 2195 in
1126 2137 1182 2196 ista
1205 2154 1306 2213 qnam·

299 2227 343 2285 vis
367 2226 426 2285 sint
447 2242 502 2304 per
525 2232 626 2285 sancta
651 2229 682 2283 et
713 2234 830 2284 sanctos
853 2226 1040 2284 curationum
1063 2241 1167 2302 magna
1190 2223 1306 2305 solacia,
1325 2247 1327 2254 ·

299 2322 398 2374 tamen
425 2311 492 2372 ideo
523 2331 581 2372 non
610 2330 727 2391 semper
755 2314 841 2373 etiam
870 2313 934 2391 ipsa
961 2309 1103 2372 beneficia
1133 2310 1306 2373 tribuuntur
1325 2325 1360 2374 20

298 2399 477 2481 petentibus,
500 2419 537 2460 ne
555 2409 678 2479 propter
696 2400 752 2460 hoo
772 2400 875 2479 religio
894 2408 1063 2481 quaeratur,
1086 2417 1160 2477 quae
1183 2408 1307 2479 propter

299 2487 384 2549 aliam
404 2490 495 2568 magis
514 2491 612 2569 vitam,
635 2486 687 2549 nbi
705 2487 778 2549 mala
797 2496 965 2548 nonerunt
984 2489 1103 2549 omnino
1126 2487 1194 2569 ulla,
1218 2505 1305 2567 quae·

299 2577 391 2638 renda
414 2585 473 2658 est3
501 2583 531 2637 et
557 2576 593 2637 ad
621 2575 678 2637 hoo
708 2576 846 2637 meliores
869 2593 1004 2654 quosque
1026 2578 1057 2637 in
1080 2574 1127 2636 his
1150 2576 1233 2637 malis
1256 2576 1305 2637 ad·

299 2667 379 2727 iuvat
397 2667 499 2746 gratia,
522 2673 556 2727 ut
578 2673 687 2744 quanto
711 2664 852 2745 fideliore,
875 2672 956 2727 tanto
976 2664 1097 2725 fortiore
1121 2663 1209 2725 corde
1234 2664 1304 2726 tole·

299 2762 412 2815 rentur.
449 2753 493 2814 to
512 2771 599 2832 quam
617 2771 681 2814 rem
700 2754 787 2814 etiam
805 2751 1019 2832 philosophiam
1039 2752 1180 2831 prodesse
1203 2752 1307 2814 dicunt
1325 2765 1359 2816 ab

299 2842 377 2903 docti
401 2841 490 2902 huius
514 2842 637 2922 saeculi,
661 2859 747 2920 quam
771 2840 813 2902 dii
835 2839 1010 2920 quibusdam
1033 2842 1151 2921 paucis,
1174 2842 1214 2901 ait
1236 2840 1305 2903 'lul-

300 2929 375 3011 lius,
401 2947 501 2990 veram
530 2929 689 3010 dederuni3
717 2947 772 2990 nec
795 2926 978 3008 hominihus,
999 2930 1104 3009 inquit,
1127 2928 1163 2990 ab
1187 2929 1233 2989 his
1255 2938 1306 2990 aut

298 3018 400 3078 datum
428 3025 473 3078 est
500 3016 610 3079 donum
638 3020 732 3078 maius
766 3023 817 3077 aut
843 3018 941 3095 potuit
971 3016 1064 3078 ullum
1088 3017 1160 3079 dari.
1205 3016 1305 3096 Usque

299 3104 371 3167 adeo
396 3113 426 3166 et
447 3107 514 3186 ipsi,
536 3112 640 3166 contra
663 3123 737 3184 quos
761 3106 884 3185 agimus,
907 3122 1026 3184 quoquo
1050 3105 1136 3165 modo
1160 3105 1305 3185 compulsi

300 3201 369 3256 sunt
398 3195 430 3255 in
458 3192 592 3253 habenda
622 3209 681 3253 non
711 3210 914 3273 quacumque,
943 3190 996 3253 sed
1024 3210 1092 3253 vera
1121 3191 1358 3273 philosophiam

300 3282 427 3343 divinam
455 3283 578 3361 gratiam
605 3281 748 3341 confiteri.
793 3279 887 3341 Porro
915 3282 941 3341 si
967 3282 1069 3359 paucis
1092 3279 1232 3343 divinitus
1255 3281 1304 3343 da·

299 3378 363 3430 tum
393 3378 439 3431 est
467 3387 553 3429 verae
582 3368 783 3449 philosophiae
814 3376 917 3429 eontra
945 3370 1081 3429 miserias
1110 3368 1201 3431 huius
1228 3371 1304 3431 ritae

299 3458 421 3518 unicum
448 3456 601 3538 auxilium,
629 3459 700 3518 satis
729 3466 759 3518 et
785 3456 854 3517 hino
883 3464 1005 3536 apparet
1026 3455 1187 3518 humanum
1210 3475 1304 3537 genus

299 3543 335 3604 ad
366 3544 489 3605 luendas
519 3547 705 3607 miseriarum
742 3563 853 3624 poenas
889 3562 955 3605 esse
988 3543 1165 3606 damnatum.
1220 3544 1304 3606 Sicut

298 3640 398 3693 autern
415 3632 481 3712 hoe,
504 3644 537 3693 ui
555 3632 693 3714 latentur,
716 3633 831 3694 nullum
850 3633 979 3693 divinum
998 3634 1093 3693 maius
1116 3640 1162 3693 est
1184 3633 1303 3713 donum,
1322 3644 1357 3694 35

364 3782 408 3849 27)
428 3778 482 3833 oie.
503 3778 562 3831 Fin.
583 3784 608 3846 ὅ,
622 3784 665 3846 21,
680 3783 722 3832 58.
759 3779 847 3833 Acsd.
866 3781 938 3849 post.
960 3785 983 3845 1,
999 3785 1024 3846 2,
1040 3785 1063 3833 7.

294 3924 444 4065 dnbiswa’lt
457 3937 507 3977 orn.
519 3921 564 3976 Re
577 3923 587 3991 ΙΙ
601 3925 634 3974 19
649 3936 682 3975 ac
696 3937 712 3975 o
725 3922 735 3990 ΙΙ
749 3924 782 3974 27
797 3920 834 3975 ab
849 3921 904 3975 diis
918 3921 944 3976 G
958 3921 1023 3993 (Oia.
1034 3921 1051 3975 l.
1062 3921 1078 3976 l.
1094 3921 1169 3976 adis
1184 3920 1305 3992 datnm);
