3284 4459
525 514 724 556 onowraarn
738 514 1038 559 rimamarum.
1225 500 1288 563 521

281 666 348 708 rum
382 648 445 708 aliis
478 647 631 728 leviorem,
660 648 724 709 aliis
751 649 885 709 futurum
921 666 987 709 esse
1020 650 1197 729 graviorem,
1229 650 1290 708 sire

280 738 375 815 ipsius
399 739 444 797 vis
463 744 551 814 atque
570 737 659 796 ardor
682 755 736 815 pro
754 754 849 816 poena
873 736 959 815 digna
983 738 1127 814 cuiusque
1151 738 1291 816 varietur,

282 827 341 885 sive
365 826 429 903 ipse
453 824 616 902 aequaliter
638 826 740 885 ardeat
770 824 823 885 sed
847 842 906 884 uon
929 824 1043 903 aequali
1066 823 1200 885 molestia
1223 842 1289 884 sen·

281 915 380 972 tiatur.

661 1117 779 1185 Garun
800 1116 905 1184 XVII.
977 1068 979 1073 Ι
1312 1137 1328 1186 a

285 1242 329 1306 De
343 1248 400 1322 Ιιίε,
418 1249 473 1321 qui
484 1253 597 1322 potant
612 1249 766 1307 nullorum
783 1248 936 1307 bominum
949 1263 1066 1322 poenos
1085 1249 1117 1306 in
1135 1255 1292 1308 oeternum

657 1352 722 1395 esse
743 1351 914 1395 mansuros.

371 1456 456 1517 Nunc
480 1458 537 1515 iam
561 1474 629 1516 oum
657 1456 901 1517 misericordibus
924 1459 1034 1517 nostris
1057 1456 1202 1535 agendum
1226 1474 1291 1517 esse

282 1546 366 1606 video
386 1553 416 1604 et
434 1545 555 1623 pacifice
575 1543 794 1624 disputandum,
818 1546 869 1622 qui
888 1544 933 1604 vel
957 1544 1094 1605 omnibus
1117 1545 1175 1607 illis
1198 1545 1290 1605 bomi-

283 1633 384 1713 nibus,
411 1650 486 1711 quos
515 1634 696 1693 iustissimus
724 1633 812 1692 iudex
841 1632 944 1711 dignos
972 1633 1123 1711 gehennae
1146 1632 1290 1712 supplicio
1312 1649 1345 1697 νο

282 1720 439 1801 iudicabit,
470 1719 516 1779 vel
546 1719 722 1799 quibusdam
749 1738 854 1780 eorum
883 1720 988 1781 nolunt
1015 1721 1137 1782 credere
1167 1739 1292 1800 poenam

283 1812 494 1888 sempiternam
516 1810 660 1889 suturam,
691 1808 744 1868 sed
766 1818 834 1887 post
857 1811 931 1868 certi
954 1812 1097 1888 temporis
1120 1817 1213 1871 metas
1236 1828 1290 1889 pro

282 1900 427 1976 cuiusque
457 1898 571 1975 peccati
610 1898 772 1974 quantitate
803 1895 944 1975 longioris
974 1900 1035 1957 sive
1066 1896 1210 1958 brevioris
1241 1915 1292 1958 eos

281 1985 349 2046 inde
380 1987 549 2045 existimant
570 1983 746 2043 liberandos.
784 1982 847 2054 Qua
870 1986 899 2044 in
925 2002 957 2045 re
982 1986 1201 2045 misericordior
1224 2004 1291 2065 pro·

283 2074 361 2134 lecto
385 2074 441 2133 luit
465 2072 617 2152 Origenes,
642 2073 692 2150 qui
715 2080 745 2132 et
768 2073 866 2150 ipsum
890 2072 1037 2133 diabolum
1061 2082 1149 2152 atque
1173 2073 1292 2151 angelos
1311 2087 1345 2135 15

283 2164 347 2222 eius
370 2169 438 2241 post
456 2162 590 2238 graviora
609 2177 663 2238 pro
688 2160 802 2219 meritis
826 2168 856 2219 ct
879 2159 1064 2221 diuturniora
1089 2161 1232 2239 supplicia
1255 2179 1291 2221 ex

282 2250 340 2310 illis
359 2248 540 2309 cruciatibus
559 2247 706 2307 eruendos
730 2255 760 2307 et
782 2248 937 2308 sociandos
961 2250 1070 2309 sanctis
1093 2248 1204 2327 angelis
1228 2266 1291 2308 cre·

282 2338 365 2398 didit.
412 2335 470 2396 Sed
495 2335 577 2395 illum
603 2343 633 2395 et
658 2343 780 2414 propter
797 2336 854 2395 hoc
878 2345 908 2396 et
930 2345 1053 2415 propter
1075 2336 1129 2396 alia
1152 2335 1292 2396 nonnulla

282 2435 313 2486 et
332 2427 456 2485 maxime
475 2431 598 2503 propter
616 2422 796 2483 alternantes
819 2426 882 2484 sine
907 2427 1070 2484 cessatione
1094 2423 1292 2485 beatitudines

282 2526 313 2574 et
340 2514 474 2574 miserias
500 2518 530 2571 et
560 2513 679 2571 statutis
707 2511 894 2572 saeculorum
923 2512 1084 2573 intervallis
1107 2511 1143 2572 ab
1167 2514 1232 2572 istis
1255 2512 1290 2571 ad
1310 2528 1345 2576 20

282 2601 347 2661 illas
371 2609 458 2679 atque
482 2599 518 2659 ab
541 2598 599 2659 illis
623 2600 657 2658 ad
687 2600 758 2659 istas
781 2602 841 2659 itus
865 2618 899 2660 ac
922 2600 1036 2660 reditus
1058 2599 1292 2660 interminabiles

283 2708 343 2749 non
361 2690 499 2749 inmerito
517 2686 686 2767 reprobavit
700 2686 838 2767 ecolesia3
857 2691 925 2767 quia
945 2697 975 2749 et
991 2689 1057 2767 boc,
1080 2689 1158 2767 quod
1179 2690 1291 2749 iniseri-

283 2795 352 2837 cors
371 2775 532 2856 videbatur,
555 2777 653 2835 amisit
672 2775 805 2834 iaciendo
826 2779 936 2837 sanctis
955 2794 1038 2836 veras
1061 2779 1204 2857 miserias,
1227 2778 1291 2855 qui·

283 2865 340 2925 bus
358 2883 468 2944 poenas
485 2864 611 2944 luerent,
630 2872 660 2923 ot
679 2862 765 2923 salsas
784 2862 990 2945 beatitudines,
1012 2867 1042 2925 in
1062 2864 1170 2944 quibus
1189 2883 1292 2925 verum

283 2972 317 3012 ac
341 2971 489 3032 securum,
511 2952 568 3011 boc
593 2960 639 3011 est
662 2953 726 3011 sine
749 2954 855 3011 timore
879 2962 1003 3033 certum,
1026 2953 1199 3032 sempiterni
1221 2953 1292 3013 boni
1312 2966 1345 3015 25

284 3040 422 3119 gaudium
447 3058 505 3099 non
534 3038 687 3099 baberent.
733 3038 833 3117 Longo
861 3049 959 3101 autem
983 3041 1067 3102 aliter
1090 3044 1215 3102 istorum
1240 3044 1292 3101 mi-

284 3129 445 3188 sericordia
468 3128 597 3187 humano
617 3134 698 3187 errat
721 3128 838 3207 allecto,
861 3130 912 3208 qui
935 3128 1087 3189 bominum
1110 3129 1159 3189 illo
1182 3128 1292 3189 iudicio

284 3217 489 3278 damnatorum
522 3217 656 3275 miserias
684 3216 879 3296 temporales,
909 3219 1040 3276 omnium
1068 3234 1138 3277 vero
1167 3220 1217 3295 qui
1247 3216 1293 3277 vel

284 3306 372 3365 citius
401 3303 447 3364 vel
475 3303 589 3363 tardius
616 3302 781 3363 liberantur
808 3313 957 3364 aeternam
986 3304 1155 3366 felicitatem
1179 3314 1292 3383 putant.

284 3392 366 3462 Quae
389 3394 535 3452 sententia
559 3394 585 3451 si
607 3400 764 3471 propterea
787 3391 865 3451 bona
887 3399 918 3451 et
940 3410 1008 3451 vera
1032 3394 1100 3471 quia
1123 3394 1292 3453 misericors
1311 3408 1346 3455 30

285 3488 339 3558 est,
361 3487 442 3541 tanto
462 3482 519 3540 erit
538 3479 641 3539 melior
664 3487 695 3540 et
716 3482 814 3540 verior
838 3488 947 3559 quanto
970 3479 1200 3541 misericordior.
1235 3479 1292 3541 Ex·

356 3652 388 3700 14
407 3645 501 3700 extim.
516 3647 556 3713 Ας
576 3646 665 3700 eslim.
683 3646 710 3701 e¹
727 3648 737 3715 11
755 3650 788 3699 17
808 3647 837 3699 et
855 3661 921 3711 neam
940 3644 1025 3713 atque
1043 3660 1059 3698 o
1076 3646 1086 3714 ΙΙ
1104 3650 1138 3697 22
1157 3646 1225 3714 quio
1243 3663 1297 3701 arus

283 3717 475 3842 Μένων
494 3717 562 3785 quin
576 3716 707 3771 Duebner
724 3733 758 3771 ex
775 3718 884 3771 coniaco.
901 3717 1004 3771 Morcli
1016 3717 1026 3785 ΙΙ
1040 3720 1072 3769 31
1091 3716 1297 3771 misericordior
