3284 4459
580 517 620 557 ore
634 516 778 559 murore
791 517 845 558 nur
857 517 883 558 u.
897 517 959 559 xvi
972 517 995 559 o.
1010 519 1042 560 ss.
1246 501 1308 568 lll

298 669 373 712 rum
394 654 530 726 penitam
548 654 640 729 posui
660 657 708 722 te,·
729 657 760 712 et
781 668 911 727 neqeunt
933 657 963 712 te
984 654 1074 714 uelde
1096 655 1185 714 uelde
1207 659 1237 714 et
1254 669 1309 730 po·

299 757 376 800 nem
399 747 430 800 te
451 742 483 799 in
504 746 618 814 pentes,
641 745 672 799 et
693 756 781 814 repes
803 755 844 800 ex
867 746 897 800 te
918 740 1053 800 exibunt.
1090 741 1131 800 Et
1153 741 1231 801 dabo
1255 742 1312 802 titt

298 845 345 889 ex
364 828 466 888 Serre
486 831 592 900 filium,
615 836 646 888 et
667 828 843 889 benedicam
866 830 957 901 idom,
981 835 1012 888 et
1035 831 1143 888 eritis
1163 832 1309 902 nationes,

297 923 334 977 et
355 933 445 991 repes
464 919 600 990 nentium
622 931 663 977 ee·
685 931 721 977 eo
743 922 835 976 eram
854 909 958 996 (quam
980 917 1207 995 promissionem
1230 934 1310 978 nune

302 1007 335 1064 in
359 1003 478 1064 Christo
501 1006 650 1064 cernimus
673 998 786 1084 reddi),
809 1021 845 1063 ex
868 1002 918 1064 illo
941 1003 1081 1082 deinceps
1104 1003 1147 1065 illi
1168 1007 1309 1084 coniuges
1328 1017 1344 1068 t

300 1110 365 1153 non
390 1099 533 1152 vorantur
553 1093 585 1152 in
604 1093 771 1171 seripturis,
792 1093 871 1152 sieut
888 1100 973 1153 antea
991 1091 1179 1173 vocabantur,
1201 1091 1310 1154 Abram

299 1188 334 1240 et
358 1178 444 1259 Sara,
471 1179 524 1240 sed
546 1181 625 1241 siout
647 1197 699 1239 eos
722 1197 776 1239 nos
799 1179 836 1240 ab
859 1181 943 1240 initio
966 1182 1147 1260 voravimus,
1170 1184 1309 1259 quoniam

303 1271 347 1328 sio
375 1270 433 1328 lam
462 1277 606 1329 rorantur
632 1266 669 1329 ab
696 1266 847 1348 omnibns,
877 1267 1022 1328 Abraham
1049 1277 1081 1328 et
1107 1267 1203 1330 Sarra.
1249 1267 1310 1329 Cur

303 1366 403 1424 autem
436 1364 580 1417 mutatum
613 1358 652 1416 sit
682 1373 790 1416 nomen
823 1354 969 1437 Abrahae,
1002 1355 1116 1418 reddite
1145 1365 1191 1416 est
1220 1359 1309 1419 ratio:

307 1447 540 1520 (tatemerem,
572 1445 682 1523 inquit,
714 1447 878 1505 multorum
898 1447 1033 1519 nentium
1052 1447 1145 1521 posui
1165 1451 1201 1504 te.
1247 1443 1309 1506 Hoc
1329 1459 1362 1508 10

299 1550 375 1612 ergo
399 1532 564 1610 significare
588 1530 817 1611 intellegendum
842 1540 887 1592 est
909 1531 1067 1613 Abrabam3
1099 1531 1207 1592 Abram
1229 1550 1309 1614 vero,

299 1618 383 1702 quod
417 1627 484 1680 ante
513 1619 686 1700 vocabatur,
717 1622 930 1699 interpretatur
961 1628 1046 1701 pater
1077 1619 1222 1681 excelsus.
1267 1619 1308 1680 lle

302 1711 423 1770 nomine
451 1716 549 1768 autem
576 1716 688 1768 mutato
713 1706 818 1768 Sarrae
847 1726 906 1769 non
930 1717 976 1768 est
998 1707 1112 1769 reddita
1136 1710 1225 1788 ratio;
1248 1708 1309 1790 sed,

303 1800 382 1858 sieut
405 1798 496 1876 aiunt,
519 1798 570 1875 qrri
593 1799 778 1875 seripserunt
799 1798 1059 1875 interpretationes
1083 1798 1232 1856 nominum
1252 1795 1309 1857 lle·

302 1885 472 1965 brneorum,
494 1901 569 1963 quae
592 1884 640 1944 his
662 1885 755 1944 saeris
776 1882 884 1944 litteris
903 1887 1102 1963 eontinentur,
1126 1884 1197 1944 Sera
1217 1887 1309 1945 inter·
1329 1899 1362 1948 15

302 1981 439 2054 pretatur
457 1975 597 2052 princeps
616 1989 690 2051 mea,
713 1971 802 2032 Sarra
821 1980 919 2032 autem
937 1974 1040 2033 virtus.
1062 1971 1146 2034 Unde
1165 1975 1309 2052 seriptum

301 2070 350 2123 est
372 2062 405 2121 in
424 2060 550 2139 epistula
567 2060 603 2120 ad
617 2059 781 2120 Hebraeos:
803 2062 881 2121 Fide
903 2066 934 2122 et
955 2063 1021 2137 apsa
1044 2061 1145 2122 Serre
1167 2064 1311 2122 oetatem

302 2151 427 2226 aceepit
442 2151 486 2209 ed
502 2152 689 2210 emissionem
706 2151 836 2210 semines.
864 2147 957 2209 Ambo
975 2151 1055 2209 enim
1070 2151 1202 2209 seniores
1216 2158 1310 2230 erant,

305 2241 385 2298 siout
407 2239 554 2316 scriptura
576 2245 717 2315 testatur3
749 2235 801 2296 sed
828 2235 877 2297 illa
905 2238 993 2297 etiam
1017 2235 1126 2296 sterilis
1149 2244 1180 2296 et
1202 2255 1309 2298 eruore

305 2333 460 2386 menstruo
491 2327 550 2386 iam
580 2325 735 2404 destituta,
767 2334 891 2404 propter
923 2324 1006 2402 quod
1032 2327 1091 2385 iam
1117 2341 1222 2404 parere
1250 2342 1310 2386 non
1329 2340 1362 2388 ιο

304 2421 418 2494 posset,
440 2415 528 2474 etiam
551 2415 577 2472 si
600 2412 710 2473 sterilis
732 2430 792 2473 non
815 2413 931 2473 luisset.
975 2412 1069 2473 Porro
1092 2413 1117 2473 si
1140 2412 1247 2473 femina
1270 2414 1311 2474 ita

303 2504 344 2563 sit
366 2503 561 2581 provectioris
580 2503 694 2581 aetatis,
716 2508 751 2562 ut
768 2502 797 2561 ei
815 2500 901 2561 solita
918 2499 1076 2562 mulierum
1096 2499 1191 2560 adhuc
1210 2500 1311 2581 tluant,

302 2589 341 2650 de
364 2592 471 2650 iuvene
494 2607 598 2668 parere
621 2597 732 2668 potest,
756 2588 793 2649 de
815 2591 933 2649 seniore
956 2607 1016 2648 non
1038 2598 1150 2668 potest3
1178 2590 1310 2667 quamvis

304 2677 402 2738 adhue
433 2679 529 2756 possit
559 2676 607 2737 ille
640 2679 753 2758 senior,
784 2676 837 2737 sed
869 2676 906 2737 de
934 2676 1153 2738 adulescentula
1179 2679 1311 2757 gignere,

304 2768 384 2826 siout
397 2764 543 2826 Abraham
566 2775 634 2844 post
656 2773 782 2826 mortem
797 2764 902 2826 Sarrae
923 2763 959 2824 de
974 2763 1095 2825 Cettura
1113 2767 1218 2845 potuit,
1241 2767 1310 2843 quia
1329 2779 1363 2830 25

303 2853 430 2914 viridam
454 2855 517 2914 eius
540 2855 653 2914 invenit
675 2861 808 2914 aetatem.
845 2851 908 2913 Hos
932 2870 1003 2932 ergo
1021 2861 1076 2932 est,
1098 2851 1178 2931 quod
1202 2855 1311 2916 mirum

304 2940 493 3003 sommendat
515 2940 674 3022 apostolus,
696 2950 727 3002 et
749 2940 785 3001 ed
808 2940 865 3002 hoe
889 2940 960 3002 dicit
982 2940 1113 3002 Abrahae
1137 2943 1195 3002 iem
1219 2942 1310 3002 luisse

304 3047 417 3110 eorpus
440 3039 618 3108 emortuum,
640 3031 779 3108 quoniam
802 3046 863 3091 non
887 3048 922 3090 ex
946 3031 1027 3090 omni
1050 3029 1167 3110 lemine,
1190 3032 1239 3090 cui
1262 3028 1310 3089 ad-

303 3117 363 3179 hue
394 3126 473 3178 esset
500 3118 616 3196 aliquod
645 3117 780 3196 pariendi
807 3126 927 3197 tempus
958 3126 1136 3197 extremum,
1167 3135 1310 3196 generare

303 3209 369 3286 ipse
391 3208 424 3266 in
445 3204 493 3266 illa
516 3215 611 3266 aetate
634 3204 731 3266 adhue
752 3215 862 3284 posset
908 3203 951 3265 td
979 3204 1089 3284 aliquid
1112 3208 1191 3266 enim
1215 3223 1309 3266 emor·
1328 3220 1362 3269 30

305 3304 391 3355 tuum
414 3311 523 3373 eorpus
545 3292 717 3372 intellegere
739 3292 892 3374 debemus,
915 3310 975 3355 non
999 3293 1035 3354 ad
1058 3295 1163 3354 omnia.
1193 3292 1266 3352 Nam
1285 3295 1311 3354 si

376 3433 420 3498 rs)
438 3427 522 3483 Hebr.
543 3435 640 3496 11,11.
697 3432 741 3499 ss)
759 3429 838 3483 Rom.
858 3436 884 3498 4,
900 3435 940 3484 19.

375 3559 389 3606 1
406 3569 527 3621 augeam
539 3569 605 3617 mss3
619 3551 755 3622 eugoboo
768 3554 778 3622 ΙΙ
790 3551 874 3607 uelde
888 3553 973 3607 uelde
990 3553 1214 3622 V¹p(1ss,1s);
1228 3550 1313 3607 uelde

303 3622 525 3693 RAFGabepo
538 3625 548 3691 l
563 3623 758 3694 iroeerimus]
769 3624 951 3693 oognouimus
962 3625 1003 3680 R¹
1016 3626 1025 3692 ΙΙ
1039 3623 1114 3676 sorei
1126 3622 1152 3677 G
1164 3624 1174 3692 ΙΙ
1189 3629 1220 3676 11
1232 3621 1312 3676 ebre-

303 3694 369 3748 tem
391 3709 442 3749 om.
468 3695 621 3763 VBGeqp
642 3697 651 3763 ll
675 3699 708 3748 lo
727 3694 802 3748 serii
823 3695 895 3764 Gap
917 3697 926 3764 ΙΙ
951 3700 983 3750 18
1007 3694 1044 3747 ad
1067 3693 1171 3764 emisa]
1194 3693 1224 3747 in
1248 3709 1313 3747 oon-

302 3764 433 3833 eeptione
449 3764 495 3820 tio
508 3767 518 3834 ΙΙ
532 3766 605 3818 enim
615 3766 677 3833 F93
692 3768 787 3818 sutem
803 3765 990 3834 VRAabepo
1004 3767 1013 3834 l
1028 3769 1061 3818 25
1076 3765 1185 3819 eolture
1200 3763 1311 3833 rann

303 3837 400 3890 cetum
418 3836 479 3902 Ae3
499 3834 615 3890 cothurn
636 3835 750 3904 Gobpo
