3284 4459
360 488 426 541 XVI
774 502 956 543 Panarnrro.

450 644 512 703 Has
536 646 634 704 varias
653 644 824 722 Augustani
845 645 941 703 nostri
963 646 1105 704 lectiones
1128 648 1269 722 quoniam
1292 667 1328 706 113
1347 650 1379 705 in

363 733 572 794 Coloniensi
603 734 724 810 quidem
756 733 856 792 codice
882 725 938 814 (K)
972 752 990 792 a
1020 753 1068 793 me
1094 735 1160 810 ipso
1188 754 1266 795 anno
1293 738 1376 795 1876

361 823 471 882 collato
503 825 633 898 repperi,
665 841 761 883 meras
788 822 857 881 illes
885 823 1129 898 interpolationes
1160 827 1244 882 ratus
1271 827 1378 885 intem·

360 911 476 988 pestivo
503 911 659 971 breuitatis
687 911 785 972 studio
812 914 845 969 in
869 911 964 970 altera
987 911 1116 971 editione
1138 932 1258 988 prorsus
1282 916 1377 973 omisi

450 1000 545 1076 Atqui
582 1001 700 1060 eaedem
737 1018 816 1058 nunc
848 1002 901 1059 aut
932 1000 964 1057 in
996 1000 1068 1059 solis
1102 1002 1253 1061 codicibus
1285 1002 1378 1082 Lng-

361 1090 580 1149 dunensibus
604 1082 693 1171 (LA)
721 1091 915 1149 inveniuntur
938 1092 991 1148 aut
1014 1109 1049 1148 ex
1072 1089 1281 1151 Oorbeiensi
1304 1111 1377 1168 quo·

361 1196 417 1253 que
445 1180 639 1269 antiquipimo
667 1178 793 1253 aliisque
816 1178 938 1255 optimis
963 1178 1113 1239 codicibus
1137 1179 1173 1238 ab
1197 1180 1378 1241 Hoffmanno

360 1268 520 1345 diligenter
547 1268 706 1343 exploratis
735 1270 837 1326 3111183
865 1271 948 1341 811111,
975 1267 1053 1327 unde
1081 1268 1233 1346 colligitur
1259 1270 1328 1329 illas
1352 1272 1378 1329 si

360 1376 419 1415 non
442 1376 540 1432 ueras,
568 1360 646 1416 certe
674 1356 834 1415 admodum
862 1356 1031 1433 probabiles
1059 1375 1121 1416 esse
1145 1361 1175 1417 et
1197 1361 1306 1418 rectius
1329 1380 1376 1418 me

360 1446 444 1523 prius
468 1465 558 1522 quam
580 1444 728 1521 posterius
751 1444 787 1503 de
811 1448 852 1504 eis
876 1446 1030 1505 iudicasse.

449 1534 535 1609 Quid,
550 1535 628 1610 quod
643 1535 707 1593 Em.
717 1534 888 1609 Hoffmann,
903 1536 957 1611 qui
968 1537 1001 1593 in
1015 1536 1200 1611 praefatione
1214 1537 1376 1597 voluminis

359 1625 467 1701 prioris
495 1642 562 1702 pag.
585 1623 673 1682 XVH
705 1623 741 1681 de
768 1623 976 1701 Augustano
1008 1623 1106 1684 minus
1134 1643 1229 1700 acque
1259 1629 1375 1684 senten-

359 1714 434 1773 tiam
456 1714 527 1787 sert,
550 1712 660 1771 inscius
684 1716 774 1787 atque
797 1715 907 1771 tacitus
930 1715 995 1788 ipse
1017 1732 1072 1789 pro
1094 1714 1148 1772 illo
1171 1716 1376 1773 testimouium

358 1803 503 1879 perhibet.
532 1801 610 1871 Quas
629 1801 708 1861 enirn
726 1819 816 1878 supra
834 1804 1065 1861 memoravimus
1082 1802 1189 1862 codicis
1204 1803 1376 1880 Augustani

358 1893 513 1965 lectiones,
539 1910 588 1950 eas
613 1910 712 1950 omnes
737 1891 858 1967 excepti.
880 1891 939 1948 unt
963 1884 1013 1973 (et
1035 1892 1110 1950 alia
1132 1912 1160 1967 p.
1181 1894 1232 1967 51,
1254 1895 1292 1950 11
1318 1883 1375 1973 D’)

360 2000 395 2037 ex
413 1980 473 2039 suis
492 1979 641 2039 codicibus
660 1982 692 2039 in
710 1983 825 2039 textum
844 1981 957 2056 recepit
975 2000 1122 2057 nusquam
1135 1983 1166 2038 in
1182 1981 1374 2040 adnotatione

359 2070 463 2129 critica
485 2069 690 2146 Augustani
713 2069 823 2129 codicis
845 2071 997 2128 mentione
1020 2070 1108 2129 facta.
1155 2061 1215 2150 (cf.
1234 2070 1374 2129 editionis

357 2158 606 2217 Hoffmannianae
629 2178 697 2235 pag.
713 2159 763 2233 37,
779 2160 812 2232 43
834 2161 885 2232 41,
901 2161 956 2233 243
979 2160 1030 2231 49,
1046 2161 1101 2233 223
1126 2160 1177 2233 52,
1193 2160 1226 2234 33
1251 2160 1302 2234 56,
1319 2162 1373 2236 123

360 2250 482 2322 57,13;
506 2249 627 2323 7313,
652 2248 774 2323 8318,
798 2248 921 2321 87,13;
946 2249 997 2322 31,
1013 2239 1078 2329 25.)

446 2337 527 2395 illud
536 2355 607 2395 sane
617 2355 676 2395 non
686 2338 731 2395 381
740 2335 937 2411 diffitendum,
949 2338 1193 2413 propinquiorem
1202 2336 1374 2415 Augustani

358 2446 424 2485 cum
446 2424 695 2504 Lugdunensibus
725 2428 933 2501 cognationem
959 2444 1019 2485 non
1046 2428 1079 2484 in
1104 2426 1240 2484 omnibus
1263 2426 1373 2501 primo-

356 2536 423 2573 rum
452 2517 582 2590 quinque
610 2515 753 2573 librorum
780 2515 917 2590 partibus
943 2516 1057 2590 pariter
1085 2532 1147 2573 esse
1169 2516 1373 2589 manifestam,

358 2607 390 2663 at
427 2606 460 2661 in
500 2604 614 2662 duobus
654 2603 759 2679 primis
793 2598 904 2662 ¹saltem
945 2596 1029 2663 libris
1070 2605 1170 2662 nullus
1207 2607 1373 2663 ceterorum

357 2693 491 2753 codicum
528 2693 566 2751 ad
597 2691 853 2770 Lugdunenses
880 2686 943 2751 lul
975 2694 1099 2768 propius
1132 2692 1246 2751 accedit
1283 2712 1372 2768 quam

361 2782 597 2860 Augustanus.

445 2960 552 3018 Restat
578 2963 612 3018 ut
640 2978 707 3017 cum
733 2961 831 3018 multa
857 2960 1023 3037 gratiarum
1051 2961 1167 3018 actione
1190 2959 1330 3019 testificer
1353 2979 1372 3017 3
1454 2971 1455 3004 l

357 3049 602 3108 bibliothecarum
625 3048 846 3108 Monacensium
874 3048 1059 3108 curatoribus
1082 3051 1173 3124 atque
1201 3047 1371 3108 custodibus

354 3140 388 3195 in
419 3137 526 3198 studiis
555 3138 628 3196 meis
656 3136 773 3197 assidue
799 3156 847 3195 me
875 3139 1057 3213 comiterque
1086 3155 1148 3197 esse
1176 3136 1313 3196 adiutum
1340 3141 1371 3196 et

355 3226 542 3287 Allonsum
570 3226 674 3302 Kalb,
704 3229 833 3285 amicum
861 3229 891 3284 et
918 3226 1064 3304 collegam
1090 3227 1308 3302 doctissimum,
1338 3229 1370 3285 in

355 3316 487 3393 plagulis
511 3315 692 3394 corrigendis
715 3316 857 3375 benevole
880 3315 954 3373 mihi
977 3334 1099 3391 operam
1116 3334 1250 3375 navasse.

445 3440 557 3516 Scripsi
579 3440 759 3499 Monachii
782 3458 882 3499 mense
905 3440 1067 3499 Novembri
1092 3441 1185 3498 1904.

1047 3628 1089 3697 Β.
1111 3628 1300 3696 Dcmbart.
