3284 4459
342 500 407 566 568
741 510 943 555 s.anonsr1u1

341 652 486 730 facerent,
511 650 664 725 iratusque
690 645 774 707 illum
800 648 886 706 domo
915 645 1063 707 abiecerat
1090 649 1197 727 vixque
1227 666 1352 729 recepe·

342 732 412 820 rat),
434 738 533 816 erupit
550 742 638 815 atque
656 736 709 795 ait:
731 734 842 795 lterum
867 753 913 795 me
936 737 1049 795 secturi
1071 732 1166 797 estis?
1193 736 1237 797 Ad
1260 736 1353 819 illius,

343 844 431 907 quem
448 824 587 885 noluistis
604 840 670 885 esse
687 832 883 903 praesentem,
905 822 994 883 verba
1016 832 1160 885 venturus
1183 822 1273 887 sum?
1302 826 1351 886 ln·

341 915 440 976 ridere
465 913 509 975 illi
534 911 683 973 medicum
709 913 881 991 imperitum
908 921 1078 991 metumque
1106 912 1235 973 bominis
1262 912 1352 975 bonis

306 1002 439 1063 ovcrbis
467 998 772 1082 promissionibusque
801 999 904 1061 lenire.
953 998 1177 1063 Praeteriernnt
1206 1002 1253 1062 alii
1285 1002 1351 1065 dies

341 1091 461 1172 plurimi
489 1088 621 1169 nihilque
653 1086 825 1167 proficiebat
856 1106 943 1149 omne
974 1088 1053 1168 quod
1091 1089 1188 1150 debat.
1242 1090 1352 1152 Medici
1460 1092 1464 1165 ᾖ

341 1181 494 1242 tamenin
517 1196 570 1239 sua
592 1176 801 1257 pollicitatione
825 1175 981 1257 sistebant,
1004 1195 1064 1238 non
1087 1196 1120 1239 se
1143 1178 1226 1239 illum
1250 1182 1352 1240 sinum

342 1270 437 1349 terro,
463 1266 516 1329 sed
543 1265 765 1345 medicamentis
791 1282 857 1325 esse
881 1264 1043 1327 clausuros.
1088 1265 1296 1328 ddbibnerunt
1319 1276 1352 1329 et

342 1356 431 1418 alium
453 1354 649 1435 grandaevum
671 1356 729 1415 iam
752 1352 899 1413 medicum
923 1356 1052 1433 satisque
1075 1355 1106 1415 in
1129 1354 1178 1415 illa
1200 1364 1264 1417 arte
1288 1355 1351 1416 lau·

291 1456 324 1505 10
342 1445 442 1506 datram
457 1438 569 1527 (adbuc
582 1444 661 1503 enim
682 1436 816 1522 vivebat),
839 1442 1035 1515 Ammonium,
1059 1444 1110 1521 qui
1130 1442 1196 1503 loco
1214 1445 1351 1523 inspecto

341 1533 420 1595 idem
447 1531 527 1612 quod
557 1530 600 1591 illi
630 1549 667 1591 er
697 1548 801 1591 eorum
830 1528 981 1609 diligentia
1009 1532 1176 1610 peritiaque
1203 1534 1351 1612 promisit.

342 1621 435 1684 Cuius
452 1619 500 1681 ille
519 1620 615 1680 iactus
633 1620 808 1680 anctoritate
827 1635 952 1681 securus
970 1617 1133 1681 domestico
1151 1637 1206 1680 suo
1226 1619 1352 1703 medico,

342 1712 394 1790 qui
415 1709 547 1770 fulturam
564 1706 750 1786 praedixerat
773 1705 858 1767 aliam
882 1708 1053 1787 sectionem,
1076 1708 1170 1769 faceta
1192 1707 1352 1791 hilaritate,

342 1797 422 1859 velut
443 1799 502 1857 iam
524 1795 635 1876 salvus,
662 1794 772 1856 inlusit.
818 1794 894 1865 Quid
928 1792 1034 1874 plura?
1081 1795 1137 1857 Tot
1160 1795 1224 1857 dies
1247 1804 1352 1876 postea

292 1898 324 1947 1⁶
342 1887 471 1948 inaniter
494 1885 662 1963 consumpti
684 1884 881 1963 transierunt,
909 1893 941 1943 ut
964 1884 1035 1944 lessi
1057 1893 1145 1964 atque
1169 1885 1285 1946 confusi
1308 1885 1350 1946 fa-

342 1982 477 2035 terentur
504 1990 574 2034 eum
603 1974 661 2032 nisi
690 1973 770 2032 ferro
801 1971 881 2031 nullo
911 1970 997 2032 modo
1025 1990 1113 2051 posse
1140 1974 1246 2033 sanari.
1291 1972 1350 2033 llx-

341 2064 430 2143 pavit,
447 2060 587 2141 expalluit
601 2062 690 2121 nimio
709 2058 846 2120 turbatus
865 2061 979 2142 timore,
1002 2068 1091 2141 atque
1111 2060 1161 2121 ubi
1179 2078 1212 2121 sc
1230 2060 1352 2141 collegit

342 2152 457 2229 farique
476 2151 582 2229 potuit,
604 2148 685 2209 abire
703 2147 770 2208 illos
792 2148 881 2207 iussit
901 2155 933 2209 et
955 2146 991 2207 ad
1015 2166 1046 2209 se
1070 2148 1195 2228 amplius
1218 2167 1278 2209 non
1302 2168 1350 2211 ac-

343 2239 467 2318 cedere,
498 2255 555 2299 nec
584 2236 662 2297 aliud
690 2237 823 2297 occurrit
850 2236 969 2315 fatigato
997 2236 1126 2297 lacrimis
1153 2245 1184 2299 ct
1212 2236 1261 2298 illa
1291 2239 1351 2298 iam

290 2340 324 2389 ao
343 2329 519 2389 necessitate
556 2326 731 2405 constricto,
767 2325 825 2383 nisi
862 2332 896 2385 ut
930 2322 1085 2385 adhiberet
1120 2324 1351 2386 Alexandrinum

343 2415 498 2496 quendam,
521 2415 573 2493 qui
595 2420 667 2474 tunc
690 2411 848 2491 chirurgus
871 2411 1012 2473 mirabilis
1034 2411 1206 2487 habebatur,
1230 2422 1264 2474 ut
1284 2415 1350 2493 ipse

343 2506 454 2566 iaceret
467 2501 546 2581 quod
565 2499 601 2562 ab
619 2500 678 2561 illis
696 2500 761 2560 lieri
779 2499 897 2560 nolebat
915 2502 1016 2561 iratus.
1063 2500 1120 2562 Sed
1140 2510 1242 2580 postea
1260 2520 1352 2581 quam

340 2594 423 2669 venit
444 2590 493 2651 ille
515 2589 705 2667 laboremque
733 2587 851 2648 illorum
878 2590 909 2648 in
932 2588 1120 2651 cicatricibus
1143 2592 1221 2652 sieut
1244 2591 1352 2651 artilex

342 2680 423 2759 vidit,
446 2678 516 2739 boni
534 2679 590 2737 viri
608 2678 728 2737 iunctus
747 2676 844 2736 oliioio
862 2680 1010 2755 persuasit
1032 2677 1153 2758 bomini,
1177 2686 1210 2739 ut
1232 2676 1274 2739 illi
1298 2698 1350 2758 po·

290 2780 324 2831 to
341 2770 410 2847 tius,
433 2767 538 2845 quiin
561 2782 597 2825 eo
620 2773 735 2825 tantum
756 2762 975 2846 laboraverant,
1003 2772 1146 2844 quantum
1169 2768 1232 2845 ipse
1256 2770 1349 2847 inspi-

341 2858 424 2917 ciens
447 2851 621 2932 mirabatur‚
644 2870 715 2913 suae
739 2854 899 2913 curationis
923 2852 981 2913 dne
1004 2854 1185 2935 fruerentur,
1208 2854 1350 2935 adiciens,

342 2942 420 3023 quod
449 2960 482 3002 rc
510 2958 578 3001 vera
608 2941 665 3000 nisi
692 2950 792 3002 scotus
820 2948 900 3001 esset
927 2940 1024 3002 salvus
1053 2959 1118 3003 esse
1147 2961 1205 3003 non
1234 2951 1352 3024 posset3

342 3030 424 3091 valde
451 3028 612 3090 abhorrere
641 3046 657 3087 a
687 3030 749 3089 suis
772 3027 922 3108 moribus,
950 3039 983 3090 ut
1010 3029 1194 3110 bominibus,
1222 3049 1352 3109 quorum

342 3118 614 3180 artificiosissimam
649 3133 770 3195 operam
807 3115 984 3177 industriam
1020 3117 1202 3197 diligentiam
1240 3122 1353 3181 mirans

290 3220 324 3269 to
341 3210 372 3268 in
391 3205 579 3269 cicatricibus
597 3207 662 3266 eins
680 3204 801 3285 videret,
824 3213 946 3284 propter
969 3208 1108 3283 exiguum
1132 3207 1210 3285 qvvod
1234 3225 1351 3269 reman-

342 3297 381 3358 sit
408 3294 534 3374 palmam
562 3294 637 3354 tanti
665 3291 774 3353 laboris
809 3292 949 3354 auferret.
998 3293 1117 3355 Redditi
1149 3303 1219 3356 sunt
1251 3298 1350 3357 animo

342 3386 419 3464 eius,
445 3391 476 3445 et
497 3382 609 3462 placuit
634 3389 669 3441 ut
695 3380 798 3440 codem
821 3378 1018 3442 Alexandrino
1042 3381 1203 3444 adsistente
1226 3385 1284 3463 ipsi
1306 3387 1346 3445 si·

341 3489 412 3533 nvrm
431 3469 513 3532 illum
531 3471 620 3550 ferro,
644 3470 695 3547 qui
717 3469 775 3528 iam
798 3485 945 3528 consensu
968 3471 1101 3531 omnium
1123 3470 1209 3532 aliter
1232 3474 1349 3533 insana·

336 3582 548 3591 ----—---

409 3630 560 3684 taceatur-i
569 3630 653 3699 A¹bp
667 3632 676 3697 ΙΙ
690 3636 706 3682 5
721 3633 751 3684 et
764 3630 839 3685 allio
853 3633 862 3700 ΙΙ
877 3636 891 3685 7
904 3631 1193 3705 sistebaanAnbm
1207 3637 1297 3691 insist.
1310 3638 1351 3706 (ἔς

338 3701 448 3771 persici.
462 3716 541 3770 cepo
558 3702 568 3769 l
584 3706 616 3754 21
635 3700 716 3825 ipaeb
728 3701 822 3754 malim
840 3701 895 3756 isle
912 3704 921 3771 ΙΙ
940 3708 973 3785 26
993 3720 1050 3758 our.
1069 3720 1137 3760 auae
1152 3724 1169 3763 o
1186 3708 1196 3777 l
1215 3712 1248 3763 28
1266 3708 1351 3764 valdo

339 3773 400 3842 Rp3
420 3769 470 3824 sed
487 3768 573 3822 ualde
590 3770 696 3824 Adra
722 3786 779 3839 epo
796 3772 805 3838 ΙΙ
824 3776 857 3823 29
877 3771 1019 3828 admarans
1038 3792 1077 3831 nv
