3284 4459
558 489 599 528 nn
612 488 754 528 omum
767 489 821 528 nm
835 488 861 528 n.
874 489 936 529 xm.
950 488 974 529 o.
988 490 1073 529 19-21.
1247 474 1312 539 525

307 622 353 683 vel
379 624 530 701 impietate
557 624 681 704 luerint,
708 631 831 702 propter
859 621 931 683 illud
958 622 1037 701 quod
1065 625 1106 683 ait
1128 622 1226 683 lesus:
1253 623 1313 685 Hic

306 718 353 772 est
379 714 472 787 ponis
498 714 552 786 qui
578 714 616 772 de
643 715 728 773 coelo
756 714 924 783 descendit,
952 718 1000 783 ut,
1032 714 1061 771 si
1087 714 1154 786 quis
1181 730 1221 772 ex
1249 714 1313 787 ipso

305 802 547 873 manducaverit,
570 816 630 861 uon
652 803 812 860 moriatur.
858 800 924 873 Epo
946 817 1012 859 som
1030 803 1123 875 punis
1145 802 1239 873 virus,
1261 802 1315 874 qui

306 890 346 949 de
368 891 453 948 coelo
482 890 632 949 descendi.
678 888 715 948 Si
739 891 807 962 quis
830 890 1063 948 manducaverit
1084 904 1125 948 ex
1146 890 1203 949 hoc
1220 904 1313 964 poue,

306 978 385 1036 rivet
402 978 434 1036 iu
452 982 616 1037 oeternum.
662 975 706 1035 Ab
729 985 848 1036 aeterua
872 994 942 1054 ergo
966 985 1069 1055 morte,
1086 958 1239 1053 inquiunt,
1252 994 1312 1039 ue·
1333 988 1348 1036 5

307 1082 392 1123 cesse
414 1073 461 1123 est
482 1066 556 1124 istos
583 1066 649 1124 erui
672 1072 702 1123 et
725 1064 760 1123 ad
784 1066 873 1124 vitam
895 1073 1045 1124 aeternam
1069 1062 1313 1142 quandocumque

306 1151 439 1231 perduci.

704 1268 822 1336 Cleon
845 1270 915 1336 XX.

307 1382 354 1441 Be
366 1382 421 1455 iiis,
435 1384 490 1456 qui
500 1397 561 1441 uon
574 1382 718 1454 omuibus,
732 1383 788 1442 sed
799 1384 844 1441 eis
858 1388 973 1441 tantum
988 1381 1041 1455 qui
1054 1383 1139 1456 opud
1151 1383 1315 1442 catholicos

329 1476 400 1529 suut
421 1471 535 1540 renati,
563 1472 683 1529 etiamsi
700 1476 806 1544 posteo
829 1472 861 1529 iu
884 1473 977 1529 multu
1001 1472 1132 1529 crimina
1155 1485 1291 1529 errores-
1335 1482 1367 1528 10

439 1575 498 1631 pue
516 1560 725 1633 proruperint,
750 1560 970 1633 indulpeutium
989 1560 1181 1633 pollicentur.

395 1680 468 1740 ltem
492 1689 574 1760 sunt,
601 1683 652 1758 qui
679 1680 735 1740 hoc
763 1698 818 1741 nec
848 1681 985 1741 omnihus
1007 1679 1184 1741 habentibus
1207 1679 1314 1759 baptis-

307 1771 394 1828 matis
417 1768 529 1829 Christi
551 1776 582 1828 et
604 1770 669 1829 eius
692 1772 826 1847 corporis
850 1778 1076 1849 sacramentum,
1099 1769 1151 1830 sed
1175 1768 1245 1829 solis
1268 1788 1314 1829 ca·

307 1857 425 1917 tholicis
443 1858 576 1935 quamvis
595 1856 670 1916 male
689 1856 856 1917 viventibus
873 1856 1060 1936 pollicentur,
1083 1860 1229 1934 quianon
1252 1857 1314 1918 solo

308 1954 501 2023 sacramento,
525 1944 577 2004 sed
596 1963 629 2004 re
651 1947 715 2024 ipsa
739 1946 991 2005 manducaverunt
1014 1963 1122 2024 corpus
1142 1944 1264 2025 Christi,
1285 1948 1315 2006 in
1335 1958 1367 2005 15

303 2036 373 2112 ipso
392 2035 457 2093 eius
475 2050 600 2111 corpore
619 2034 781 2113 constituti,
804 2032 841 2093 de
865 2051 924 2111 quo
948 2034 1020 2094 dicit
1043 2033 1207 2111 apostolus:
1235 2035 1315 2095 Urius

304 2124 411 2201 panis,
438 2138 532 2181 uuum
559 2138 670 2196 corpus
693 2124 919 2191 meritissimum
949 2128 999 2201 ut,
1022 2123 1136 2181 etiamsi
1159 2129 1261 2199 postea
1284 2124 1314 2182 in

307 2208 434 2287 aliquam
462 2208 607 2267 haeresim
635 2207 681 2267 vel
708 2211 797 2267 etiem
825 2211 856 2269 in
879 2208 1032 2287 gentilium
1055 2208 1219 2269 idolatriam
1242 2208 1315 2288 lapsi

308 2298 432 2368 luerint,
455 2303 570 2355 tantum
593 2298 660 2373 quia
684 2298 714 2355 in
738 2314 863 2375 corpore
887 2296 1010 2377 Christi,
1041 2296 1070 2357 id
1094 2299 1193 2357 estin
1217 2297 1315 2358 catho-

308 2384 363 2443 lica
387 2383 524 2463 ecclesia,
552 2393 743 2462 sumpserunt
770 2384 948 2464 baptismum
972 2384 1082 2445 Christi
1107 2392 1136 2444 et
1158 2384 1314 2445 manduca·
1334 2399 1368 2445 20

308 2480 416 2532 rerunt
442 2489 552 2550 corpus
579 2471 705 2549 Christi,
737 2490 795 2532 non
825 2474 988 2532 moriantur
1011 2475 1040 2532 in
1064 2481 1232 2553 aeternum,
1264 2472 1315 2533 sed

307 2561 398 2620 vitam
420 2558 596 2637 quandoque
615 2569 835 2637 consequantur
853 2568 1015 2641 aeternam3
1038 2569 1126 2638 atque
1149 2559 1197 2620 illa
1220 2564 1315 2621 omnis

309 2650 457 2727 impietae,
485 2657 595 2726 quanto
618 2649 711 2708 maior
734 2648 839 2727 inerit,
867 2666 926 2708 non
949 2651 992 2709 eis
1016 2647 1109 2709 valeat
1131 2647 1167 2709 ad
1190 2652 1315 2711 aeterni·

309 2744 407 2816 tatem,
430 2736 482 2796 sed
505 2735 542 2797 ad
564 2734 790 2797 diuturnitatem
813 2735 1103 2817 magnitudinemque
1126 2755 1296 2816 poenarum.

697 2888 817 2955 Cleon
840 2889 926 2955 XXI.
1335 2910 1368 2957 25

309 3001 355 3060 Be
377 3002 432 3074 liis,
455 3004 509 3075 qui
525 3018 584 3075 eos,
606 3004 661 3076 qui
673 3006 856 3076 permanent
878 3003 909 3059 iu
932 3002 1084 3061 catholieo
1104 3004 1175 3075 fide,
1198 3006 1318 3063 etiarnsi

306 3092 434 3164 pessime
451 3092 585 3149 vicerint
607 3096 637 3149 et
658 3090 695 3149 ob
718 3090 776 3149 hoc
793 3090 848 3147 uri
868 3092 1045 3162 meruerint,
1069 3096 1169 3148 tamen
1187 3098 1316 3165 propter

423 3178 499 3249 fidei
517 3175 750 3251 fundamentum
772 3177 934 3236 solvendos
957 3194 1021 3236 esse
1044 3178 1199 3249 definiunt.

398 3298 474 3359 Sunt
497 3309 604 3378 autem,
627 3301 679 3377 qui
701 3307 823 3377 propter
847 3298 876 3359 id
900 3297 978 3376 quod
1003 3302 1147 3378 scriptum
1171 3308 1229 3361 est:
1257 3302 1317 3373 Qui

307 3391 547 3461 perseveraverit
574 3405 669 3462 usque
692 3390 848 3460 induem,
876 3388 927 3447 hic
948 3390 1050 3447 solvus
1072 3389 1144 3460 erit,
1175 3404 1234 3447 non
1257 3390 1315 3448 nisi
1334 3403 1368 3450 30

379 3522 406 3589 5)
426 3521 463 3577 lo.
484 3528 509 3588 6,
528 3526 562 3575 50
580 3538 622 3589 sq.
660 3522 705 3589 17)
726 3528 749 3575 1.
768 3521 830 3576 Cor.
851 3528 892 3589 10,
913 3526 954 3575 17.
991 3522 1037 3587 30)
1055 3520 1105 3577 Mt
1125 3526 1168 3588 24,
1189 3528 1230 3576 13.

379 3681 412 3726 14
430 3674 522 3727 solum
539 3674 589 3728 ΕΙ)
608 3675 655 3741 (cf.
675 3677 801 3741 537,15)
819 3677 830 3743 h
849 3680 882 3728 18
899 3674 1062 3729 idolatriam
1080 3691 1135 3731 msa
1150 3677 1317 3747 plerumque:

306 3743 498 3799 idololatrium
514 3761 532 3798 o
544 3747 554 3813 h
568 3750 601 3797 27
620 3747 650 3798 et
664 3785 670 3796 .
683 3785 693 3799 ..
707 3746 863 3799 meruerint
879 3762 930 3799 orn.
945 3746 976 3799 E
