3284 4459
380 543 445 607 292
640 549 644 574 ·'
688 545 691 552 '
781 555 802 598 s.
816 541 1003 598 annosum*

376 687 482 752 Proca
498 692 559 751 sire
583 691 735 768 superiore
759 690 903 750 Aventino
924 709 1021 769 usque
1044 691 1079 751 ad
1103 709 1203 770 regem
1226 690 1381 751 Romulum

379 782 438 840 iam
460 779 638 858 Romanum,
665 777 711 837 vel
739 779 827 838 etiam
850 797 945 857 usqne
968 779 1005 838 ad
1028 782 1111 858 regui
1134 779 1302 858 primordia¹
1315 780 1381 839 suc-

375 869 509 928 cessoris
536 869 600 927 eins
627 865 739 926 Numae
761 866 899 946 Pompilii
920 863 1076 949 (Ezechias
1106 871 1216 946 quippe
1239 879 1296 927 rex
1312 866 1381 927 inda

381 974 416 1017 co
433 959 530 1034 usque
549 949 709 1037 regnavit);
733 972 767 1015 ac
788 973 844 1034 per
865 955 922 1016 boc
944 973 999 1034 per
1021 973 1055 1015 ea
1078 964 1211 1035 tempora
1233 957 1283 1016 isti
1306 955 1383 1016 rebrt

346 1057 362 1105 5
381 1044 479 1105 sontes
497 1043 668 1124 prophetiae
687 1046 799 1121 pariter
820 1053 994 1124 eruperunt,
1018 1044 1134 1122 quando
1158 1062 1282 1124 regnum
1305 1042 1381 1103 deie-

349 1191 352 1200 ,
381 1134 422 1193 cit
444 1133 595 1211 Assyrium
626 1133 782 1211 coepitque
809 1129 988 1212 Romaunm3
1018 1140 1051 1192 ut
1081 1132 1207 1212 sedicet,
1236 1132 1382 1211 quemad

349 1217 352 1223 '
381 1221 499 1282 modum
524 1222 607 1299 regni
626 1221 812 1298 Assyriorum
836 1214 932 1298 primo
956 1228 1088 1299 tempore
1111 1223 1208 1281 extitit
1231 1219 1383 1300 Abrabam,

375 1311 430 1371 “cui
446 1311 658 1389 promissiones
677 1310 878 1387 apertissimae
895 1308 1002 1368 tierent
1019 1311 1049 1368 in
1073 1311 1138 1370 eius
1161 1311 1273 1369 semine
1296 1307 1382 1368 bene-

380 1397 518 1458 dictionis
536 1398 667 1457 omuium
689 1399 831 1479 gentium,
852 1398 892 1455 ita
914 1395 1103 1456 occidentalis
1122 1395 1277 1476 Babylonis
1300 1414 1383 1456 exor-

328 1502 362 1552 ιο
382 1486 443 1566 dio,
470 1503 528 1564 qua
551 1485 648 1545 iuerat
670 1483 806 1546 Christus
828 1488 992 1564 imperante
1008 1487 1173 1566 -rcutnrns,
1196 1487 1226 1544 in
1249 1502 1309 1563 quo
1330 1486 1383 1546 im·

380 1574 534 1653 plorentur
571 1572 618 1633 illa
654 1575 816 1656 promissa,
857 1590 910 1632 ora
945 1573 1158 1652 prophetarum
1194 1591 1253 1632 uon
1289 1571 1384 1633 solum

330 1729 346 1736 ..
379 1663 573 1741 loquentium,
596 1663 804 1721 verumetiam
823 1659 1017 1723 scribentium
1034 1664 1065 1721 iu
1084 1670 1181 1746 tautae
1199 1663 1245 1722 rei
1267 1661 1384 1722 futurae
1461 1666 1462 1677 ¹

380 1751 583 1811 testimouium
602 1750 795 1811 solverentur.
841 1747 915 1811 Cum
938 1752 1017 1810 euim
1039 1749 1201 1828 prophetae
1224 1767 1384 1828 numquam

375 1839 443 1909 tere
466 1838 632 1899 defuissent
653 1837 763 1917 populo
786 1837 891 1917 lsrael,
913 1856 950 1898 ex
973 1855 1032 1917 quo
1055 1837 1096 1898 ibi
1119 1856 1206 1917 reges
1227 1856 1295 1898 esse
1315 1855 1385 1898 coe·
1461 1870 1462 1883 κ

329 1943 361 1991 to
380 1935 504 2006 perum,
535 1928 581 2000 in,
600 1943 701 1987 usum·
720 1925 922 1987 tantummodo
954 1942 1057 1998 eorum
1088 1926 1187 2008 fuere,
1224 1944 1283 1997 uon
1307 1923 1386 2005 μή·
1461 1932 1462 1987 i

381 2018 468 2095 tium3
491 2013 608 2092 quando
626 2017 892 2093 autemscriptura
914 2013 1098 2075 manifestius
1119 2013 1294 2094 prophetica
1315 2032 1386 2083 cou-

324 2135 348 2176 r,
378 2102 514 2183 debatur,
533 2120 607 2181 quae
621 2103 759 2181 gentibus
773 2101 950 2181 quaudoque
964 2102 1128 2182 prodesset,
1145 2112 1218 2163 tunc
1231 2101 1388 2183 oportebat

379 2192 538 2272 inciperet,
567 2190 684 2269 quaudo
708 2190 889 2252 condebatur
912 2191 984 2251 haec
1007 2192 1122 2272 civitas,
1150 2209 1225 2269 qnae
1248 2191 1387 2270 gentibus

380 2282 548 2362 imperaret
585 2340 587 2345 .

328 2425 378 2540 20⁴
666 2423 668 2438 ¹
721 2467 861 2534 <cnm
879 2467 1028 2533 xxvru.

320 2577 327 2604 ‘
382 2601 429 2660 De
450 2601 505 2672 bis,
529 2616 609 2673 quae
627 2599 670 2658 cd
690 2600 879 2672 eoaoyela'um
900 2596 1014 2656 Christi
1030 2600 1193 2672 pertinent,
1216 2599 1292 2672 quid
1313 2598 1390 2658 Osee

673 2692 703 2747 et
725 2688 814 2746 Amos
832 2685 1089 2763 prophetaverint.

471 2809 547 2873 Osee
571 2811 661 2888 igitur
684 2807 844 2888 prophete,
871 2815 981 2886 quanto
1004 2807 1180 2886 profundius
1202 2807 1323 2887 quidem
1342 2808 1389 2872 Jo-

381 2899 498 2978 'quitur,
526 2906 606 2959 tanto
630 2899 784 2977 operosius
807 2903 988 2975 penetratur.
1033 2893 1091 2954 Sed
1115 2894 1223 2973 aliquid
1247 2895 1315 2956 iude
1339 2915 1390 2957 su·

330 3003 364 3058 25
385 2985 522 3048 mendum
542 2994 635 3046 estet
658 2984 706 3045 hic
729 3003 766 3045 ex
788 2993 889 3044 nostra
910 2985 1106 3062 promissione
1129 2982 1306 3062 ponendum.
1338 2986 1393 3058 *Et

385 3078 456 3150 erit,
487 3076 600 3154 inquit,
631 3077 662 3134 tn
690 3077 754 3135 loco
782 3089 841 3148 quo
869 3074 982 3133 dictum
1011 3078 1054 3132 est
1081 3073 1140 3132 cis:
1171 3073 1238 3133 Non
1257 3077 1392 3149 populus

384 3181 467 3224 meus
493 3181 556 3237 oca,
584 3155 774 3223 vocabuntur
801 3167 832 3222 et
858 3162 1000 3236 ipctfflit
1021 3160 1080 3220 Det
1105 3162 1173 3219 civi.
1218 3159 1281 3220 Hoc
1305 3164 1391 3236 testi-

386 3254 516 3312 moninm
547 3250 753 3330 propheticum
782 3247 820 3309 de
851 3251 1001 3308 vocatione
1029 3247 1131 3326 popuii
1158 3250 1306 3330 gentium,
1331 3252 1392 3328 ,qui

372 3342 468 3419 prius
487 3357 545 3398 nou
563 3337 731 3418 pertinebat
747 3337 783 3398 ad
797 3335 901 3417 Deum,
924 3337 1012 3396 etiam
1030 3335 1153 3413 apostoli
1169 3337 1392 3409 intellexerunt

451 3463 495 3530 er)
515 3459 584 3513 osee
604 3463 628 3524 1,
644 3461 685 3510 ιο.
741 3457 786 3524 ee)
804 3452 891 3506 uem.v
905 3455 930 3516 o,
945 3454 988 3501 eo.
1006 3489 1020 3496 ..

389 3587 392 3593 ’
452 3607 467 3655 2
490 3583 668 3655 romenorum
686 3596 724 3650 bv
745 3597 755 3664 ΙΙ
778 3597 811 3648 11
832 3609 881 3646 ore
900 3587 1187 3660 RA¹(ef.'319,ee;
1203 3605 1298 3658 propr.
1314 3605 1351 3670 pr..
1363 3592 1398 3654 9;

381 3674 412 3728 F
411 3673 495 3742 ordia.
508 3671 540 3724 bt
550 3671 626 3738 Vero.
638 3667 735 3736 Georp.
745 3667 857 3730 4,4521;
872 3661 986 3744 oracula
994 3660 1224 3742 A’FGobeppo
1233 3661 1245 3728 i
1253 3666 1285 3713 16
1296 3661 1396 3727 scnpt.

381 3737 715 3868 ssAipptppopppapzeppt.
727 3735 808 3789 uuo
821 3736 1017 3804 ἣ18ωοιροτο
1027 3731 1215 3858 AGbep..'';.26
1230 3730 1306 3857 quod
1316 3729 1379 3783 R¹e
1388 3731 1398 3798 i
1459 3762 1460 3815 ᾗ
