3284 4459
347 481 411 546 192
636 533 639 536 ,
668 535 672 540 .
752 495 772 537 a.
787 495 951 540 anansrnn

346 632 565 691 resurrectione
593 631 658 690 eins
685 629 855 690 adiunctam
884 639 942 691 est:
979 631 1051 703 Quis
1076 633 1237 692 suscitabit
1264 635 1353 692 eam?

345 717 402 778 hoo
425 726 480 799 est,
502 720 570 796 quia
594 718 693 778 nulius
710 717 873 798 hominum,
897 720 952 778 nisi
977 737 1008 779 se
1031 721 1105 800 ipse,
1128 721 1179 797 qui
1204 721 1292 780 etiam
1314 720 1352 780 de

346 824 471 885 corpore
489 825 544 867 suo
562 806 649 867 dixit:
672 807 783 868 Solvite
805 810 944 882 temptam
967 809 1032 880 doc,
1055 813 1086 869 et
1107 810 1139 868 itt
1162 810 1264 870 triduo
1286 827 1351 870 sas-

345 896 447 955 citabo
470 898 552 955 illad.
597 892 698 974 ipsum
726 904 824 956 autern
852 913 945 974 genas
969 897 1085 973 mortis,
1112 895 1168 956 hoo
1192 905 1237 956 est
1261 890 1351 957 subli-

311 983 433 1044 tmitas
455 984 567 1063 orasis,
593 985 624 1066 in
648 1001 706 1043 uno
729 981 820 1042 verbo
843 983 1037 1063 intellegitur,
1060 983 1137 1062 qnod
1162 986 1216 1046 ait:
1238 986 1352 1045 Assert-
1459 971 1460 1024 ἕ

346 1071 424 1132 disti.
461 1069 546 1142 Quod
565 1088 635 1130 vero
655 1070 778 1131 addidit:
801 1071 991 1132 decumbens
1009 1074 1154 1150 dormisti,
1173 1073 1353 1152 evangelista

345 1161 475 1239 exponit,
497 1157 548 1219 ubi
571 1158 657 1219 dicit:
689 1159 730 1219 Et
751 1162 897 1220 inclinato
920 1162 1020 1236 capite
1043 1162 1173 1220 tradidit
1194 1164 1353 1237 spiritam
1459 1183 1460 1220 t

344 1255 396 1307 ant
419 1255 499 1307 certe
523 1247 674 1326 sepnitnra
697 1249 762 1308 eius
785 1249 964 1328 agnoscitur,
987 1249 1017 1308 in
1040 1266 1098 1326 qua
1120 1247 1259 1310 recubuit
1282 1249 1351 1309 dor·
1459 1277 1460 1284 ¹

345 1337 455 1416 miens,
485 1343 516 1395 et
545 1335 623 1395 unde
654 1332 736 1395 illam
766 1333 866 1396 nudus
893 1334 1058 1418 hominnm,
1089 1337 1166 1397 siout
1188 1337 1352 1417 prophetae
1459 1341 1460 1394 1

294 1435 326 1484 to
345 1423 458 1503 aliquos
481 1421 527 1482 vei
549 1425 627 1484 sicut
650 1425 712 1503 ipse
737 1422 825 1503 alios,
848 1425 1008 1504 suscitavit,
1031 1423 1082 1484 sed
1106 1427 1183 1485 sicut
1207 1443 1222 1485 a
1246 1431 1359 1486 somno*
1459 1471 1460 1488 t

345 1514 408 1591 ipse
436 1513 574 1572 surrexit.
620 1510 699 1571 Stola
729 1529 819 1590 porro
844 1514 921 1592 eins,
949 1529 1036 1590 qnam
1059 1510 1134 1573 lavat
1156 1515 1187 1573 in
1211 1516 1292 1593 vino,
1321 1515 1353 1574 id
1459 1553 1460 1570 t

344 1608 391 1680 est
430 1599 551 1660 mundat
587 1617 603 1659 a
639 1601 768 1680 peccatis
804 1602 1018 1678 insanguine
1056 1619 1125 1681 sno,
1163 1603 1249 1662 onias
1285 1620 1353 1662 san·
1459 1653 1460 1676 ,

344 1690 442 1766 guinis
461 1697 679 1748 sacramentnm·
699 1687 835 1767 baptizati
859 1689 965 1768 sciunt,
989 1688 1066 1749 unde
1090 1697 1121 1749 et
1143 1689 1287 1768 adiungit:
1312 1691 1354 1751 Et

345 1780 376 1837 itt
398 1780 548 1851 sanquine
570 1794 648 1837 attae
671 1780 813 1837 amictam
836 1793 936 1849 mam,
960 1776 1031 1854 quid
1055 1781 1105 1837 ost'
1123 1775 1180 1837 nisi
1204 1777 1353 1838 ecelesia?

292 1876 325 1924 15
343 1863 382 1924 Et
401 1863 482 1940 salvi
502 1868 585 1925 orati
605 1861 670 1925 eias
692 1883 712 1924 a
734 1869 803 1925 rino
827 1863 972 1944 spiritales
996 1867 1060 1925 eius
1083 1865 1219 1926 inebriati
1242 1868 1352 1946 poouio
1459 1855 1460 1888 ³

312 2021 315 2027 ¹
344 1954 426 2025 eius,
458 1952 494 2013 de
527 1971 586 2031 qno
619 1955 696 2014 canit
728 1951 871 2032 psalmus:
909 1953 949 2012 Et
977 1955 1062 2013 ooiix
1094 1961 1162 2014 taos
1194 1957 1353 2017 inebrians

343 2052 433 2116 attam
461 2045 645 2118 praeclaras
677 2045 737 2110 est!
766 2042 807 2100 Et
828 2043 930 2102 dentes
958 2043 1022 2101 eius
1045 2044 1240 2104 candidiores
1261 2046 1351 2126 tacte,

343 2128 421 2207 quod
441 2138 544 2208 potant
562 2129 637 2213 apnd
657 2129 821 2208 apostolam
837 2128 958 2208 parvuli,
981 2127 1070 2189 verba
1091 2130 1204 2191 scilicet
1217 2134 1363 2192 nntrien·
1459 2137 1460 2170 ¹

343 2218 397 2298 tia,
427 2217 557 2303 nondum
585 2217 684 2277 idonei
707 2216 898 2277 solidocibo.
944 2215 1010 2296 Ipso
1035 2220 1125 2296 igitar
1148 2227 1206 2298 est,
1236 2221 1266 2280 in
1290 2239 1351 2300 qno
1459 2281 1460 2300 ,

291 2317 324 2365 to
344 2307 473 2384 reposita
496 2315 580 2366 erant
604 2308 748 2385 promissa
770 2301 869 2385 Indae,
892 2321 966 2382 quae
991 2305 1084 2365 doneo
1107 2309 1242 2366 venirent
1266 2325 1350 2368 num-
1459 2333 1460 2368 t

343 2411 431 2472 quam
449 2396 608 2473 principes,
630 2393 687 2453 hoc
706 2403 752 2454 est
775 2388 861 2472 reges
880 2392 978 2473 Israel,
1002 2393 1037 2452 ab
1061 2392 1108 2453 illa
1132 2397 1224 2474 stirpe
1248 2395 1349 2456 deine·
1459 2425 1460 2462 t

342 2490 421 2542 rant.
467 2481 508 2542 Et
535 2486 610 2558 ipse·
625 2485 797 2557 expectatio
821 2485 976 2557 peritiam
1003 2481 1081 2560 qnod
1110 2481 1225 2543 clarius¹
1240 2492 1286 2544 est
1309 2487 1362 2544 νεῖ·

342 2569 438 2630 dendo
462 2587 557 2650 qnamv
573 2570 605 2630 tit
628 2570 810 2649 exponendo.
1459 2565 1460 2582 ¹

722 2772 841 2849 Carnr
865 2775 964 2842 XLII.

289 2915 322 2966 tt
342 2905 388 2964 De
407 2907 482 2977 filiis
504 2905 621 2983 Iosepit,
644 2920 717 2978 qaos
740 2902 834 2963 Iaood
854 2905 1034 2980 prophetica
1057 2921 1200 2966 mantiam
1222 2905 1349 2968 saarata

514 3069 517 3072 ἢ
627 2993 879 3052 transmutatione
901 2993 1063 3054 benedixit.

430 3112 514 3174 Siout
536 3123 635 3174 autent
665 3112 723 3174 dno
747 3114 827 3174 isaac
850 3113 916 3192 dlii,
944 3113 1021 3176 Esau
1046 3125 1076 3176 et
1098 3115 1197 3197 Iacob,
1225 3117 1355 3196 figuram·

340 3201 542 3282 praebuerunt
570 3201 696 3262 duorum
719 3201 897 3281 populorum
925 3205 955 3264 in
979 3201 1093 3264 ludaeis
1121 3215 1151 3266 et
1175 3205 1347 3268 Christianis

342 3285 499 3371 (quamvis,
522 3290 600 3369 quod
620 3289 656 3350 ad
675 3292 771 3351 carnis
795 3291 987 3370 propaginem
1009 3294 1148 3374 pertinet,
1171 3311 1225 3354 nec
1248 3287 1347 3357 ludaei

410 3405 587 3475 4)10.2,1e.
626 3406 823 3474 t)10.19‚30.
863 3408 1067 3476 lt)Ps.tt,5.
1105 3409 1147 3476 18)
1168 3413 1191 3460 1.
1208 3405 1266 3462 Cor.
1283 3413 1308 3477 3,
1323 3414 1346 3462 2.

412 3546 495 3614 iqui
511 3546 627 3600 VAFo¹
639 3547 649 3615 11
663 3551 679 3598 3
694 3548 723 3600 ei
736 3547 881 3615 inAdpo;
900 3549 929 3601 ei
943 3565 993 3602 ortt.
1010 3551 1046 3613 V;
1065 3548 1095 3602 in
1109 3565 1159 3604 om.
1170 3550 1327 3620 RFGaey
1339 3552 1348 3620 11

339 3617 1348 3690 tuso.V¹(adinitio)F;reeuso.V¹(correct.)RAGabeppo;of.309,17d

341 3727 374 3775 10
392 3721 439 3775 uel
457 3725 490 3775 ui
505 3725 551 3792 71
566 3729 597 3776 11
612 3723 707 3794 porro]
725 3700 850 3804 purpurea
865 3726 912 3793 Vn
927 3728 959 3776 lt
975 3723 1066 3777 clarus
1081 3726 1109 3780 R
1121 3725 1132 3793 11
1144 3725 1204 3778 eins
1218 3742 1268 3794 om.
1286 3725 1327 3779 V¹
1341 3728 1349 3796 11

341 3798 375 3844 23
389 3791 421 3845 fit
434 3794 576 3860 Vtinam
591 3793 697 3860 fuito¹;
712 3796 750 3847 eri
761 3794 805 3848 Ge
817 3796 828 3864 11
843 3799 875 3848 ts
885 3793 1028 3848 benedicit
1038 3794 1167 3865 Ffpliii
1178 3796 1312 3864 quodam.
1326 3799 1354 3850 V
