3284 4459
585 528 625 568 nn
639 526 781 568 emmanu
794 527 849 566 nm
862 527 888 567 n.
901 527 953 568 xv.
967 527 990 569 c.
1004 530 1037 569 ιε.
1271 513 1314 579 93

306 664 409 741 rumpi
440 664 545 723 merito
572 680 637 722 esse
664 662 811 722 nefarium
833 660 989 723 indicatur.
1034 662 1067 723 Si
1089 665 1168 723 enim
1191 671 1237 723 cst
1258 665 1313 723 ini·

304 769 402 830 quum
435 749 572 810 aviditate
607 749 778 829 possidendi
813 750 982 829 transgredi
1012 750 1134 811 limitem
1165 769 1313 831 agrorum,

305 849 420 918 quanto
444 847 490 898 est
507 839 638 917 iniquius
661 836 782 898 libidine
805 837 1021 899 concumbendi
1044 838 1216 900 subvertere
1239 839 1312 900 limi·

306 935 369 988 tem
393 925 523 988 morum!
559 926 682 1005 Experti
705 934 803 988 autem
826 945 929 988 sumus
951 929 983 987 in
1006 926 1141 988 conubiis
1163 928 1313 989 consobri-

307 1034 414 1077 narum
443 1018 531 1076 etiam
558 1017 667 1076 nostris
694 1014 878 1093 temporibus
904 1023 1028 1094 propter
1049 1014 1172 1095 gradum
1194 1019 1349 1096 propin-o

307 1106 432 1182 quitatis
459 1104 590 1164 fraterno
618 1103 722 1182 gradui
749 1106 916 1182 proximum
939 1121 1026 1182 quam
1050 1121 1117 1164 raro
1139 1123 1194 1183 per
1215 1122 1314 1165 mores

310 1191 413 1272 fiebat,
444 1191 524 1270 quod
551 1192 617 1252 fieri
643 1211 697 1271 per
724 1191 804 1270 leges
831 1190 948 1273 licebat,
980 1194 1049 1270 quia
1075 1191 1106 1252 id
1133 1210 1188 1253 nec
1217 1192 1315 1252 divina

310 1280 462 1359 prohibuit
496 1287 526 1340 et
566 1281 696 1341 nondum
728 1279 921 1359 prohibuerat
946 1280 994 1341 lex
1025 1281 1160 1342 bumana,
1205 1279 1314 1341 Verum

312 1376 408 1428 tamen
436 1369 545 1428 lactum
574 1370 662 1430 etiam
688 1369 802 1430 licitum
828 1376 953 1449 propter
974 1371 1153 1431 vicinitatem
1175 1368 1313 1429 horreba-

310 1465 360 1519 tur
385 1455 491 1517 inliciti
521 1465 564 1535 et,
591 1457 670 1536 quod
698 1456 786 1518 fiebat
816 1475 885 1518 cum
912 1457 1101 1539 consobrina,
1129 1475 1223 1536 paene
1245 1476 1314 1518 cum
1333 1471 1367 1519 10

309 1563 413 1606 sorore
441 1546 506 1604 lieri
532 1543 699 1626 videbatur3
727 1548 795 1624 quia
822 1553 854 1606 et
875 1548 932 1625 ipsi
954 1548 1032 1608 inter
1055 1565 1087 1607 se
1109 1554 1232 1625 propter
1253 1554 1315 1606 tam

308 1635 506 1713 propinquam
534 1635 817 1711 consanguinitatem
849 1635 957 1696 fratres
990 1643 1133 1696 vocantur
1162 1642 1192 1694 et
1221 1653 1314 1714 paene

307 1725 443 1801 germani
475 1730 552 1782 snut.
602 1721 670 1782 Fuit
701 1729 800 1782 autem
833 1724 962 1801 antiquis
993 1722 1126 1802 patribus
1159 1722 1314 1802 religiosae

308 1828 409 1890 curae,
431 1829 468 1871 ne
491 1812 555 1888 ipsa
576 1811 781 1889 propinquitas
804 1829 836 1870 se
858 1811 997 1889 paulatim
1019 1814 1213 1891 propaginum
1236 1811 1314 1872 ordi·

309 1898 399 1959 nibus
427 1899 568 1960 dirimens
597 1898 712 1977 longius
739 1898 835 1960 abiret
867 1907 897 1959 et
931 1902 1136 1979 propinquitas
1165 1919 1230 1961 esse
1263 1899 1366 1962 de-16

308 1989 450 2068 sisteret,
473 2004 536 2046 eam
569 1986 700 2047 nondum
727 1986 813 2066 longe
841 1988 967 2066 positam
998 2006 1104 2049 rursus
1135 1991 1315 2050 matrimonii

309 2073 428 2136 vinculo
456 2074 602 2153 conligare
640 2083 670 2135 et
701 2076 827 2154 quodam
860 2075 946 2135 modo
972 2093 1111 2137 revocare
1143 2078 1314 2156 lugientem.

309 2163 394 2224 Unde
426 2165 483 2223 iam
515 2163 603 2242 pleno
630 2162 798 2224 homiuibus
826 2163 898 2225 orbe
922 2174 1082 2245 terrarum,
1112 2183 1171 2226 non
1195 2166 1314 2245 quidem

309 2269 430 2312 sorores
453 2269 489 2311 ex
516 2259 600 2330 patre
623 2250 669 2311 vel
691 2260 784 2311 matre
807 2252 854 2312 vel
877 2270 913 2312 ex
936 2251 1078 2314 ambobus
1101 2256 1163 2314 suis
1185 2256 1313 2333 parenti·

309 2339 367 2400 bus
399 2347 499 2418 natas,
531 2339 582 2399 sed
615 2348 711 2400 tamen
744 2339 880 2401 amabant
912 2341 948 2401 de
980 2359 1034 2401 suo
1064 2359 1172 2420 genere
1204 2342 1367 2405 ducerem

311 2445 428 2488 uxores.
474 2425 583 2488 Verum
602 2430 667 2507 quis
686 2427 801 2490 dubitet
819 2429 973 2490 honestius
990 2429 1048 2489 hoc
1070 2438 1203 2508 tempore
1227 2432 1314 2490 etiam

310 2514 557 2577 consobrinorum
575 2515 722 2594 prohibita
741 2535 807 2577 esse
830 2514 987 2598 coniugia?
1009 2536 1068 2578 non
1091 2517 1187 2584 solum
1209 2536 1314 2579 secuu-

309 2604 381 2664 dum
406 2622 448 2684 ea,
470 2622 544 2682 quae
568 2603 790 2685 disputavimus,
811 2615 934 2685 propter
956 2605 1190 2685 multiplicandas
1213 2606 1314 2667 adlini·

309 2699 405 2772 tates,
435 2710 471 2752 ne
499 2691 605 2752 habeat
632 2691 704 2753 datas
732 2693 967 2754 necessitudines
993 2713 1052 2754 orna
1078 2713 1219 2776 persona,
1246 2714 1315 2756 oum

309 2781 386 2842 duae
404 2782 519 2859 possint
536 2799 586 2841 eas
604 2780 712 2842 babere
732 2790 762 2842 et
785 2799 927 2842 numerus
949 2784 1176 2862 propinquitatis
1190 2786 1314 2865 ,augeri3
1333 2795 1367 2844 2⁶

310 2869 363 2929 sed
388 2871 475 2929 etiam
498 2871 567 2947 quia
589 2872 689 2930 nescio
714 2888 772 2948 qno
795 2869 882 2930 modo
905 2872 984 2931 inest
1005 2871 1149 2931 humanae
1173 2890 1314 2932 verecun-

309 2957 376 3018 diae
397 2956 534 3036 quiddam
553 2957 685 3018 naturale
704 2967 791 3037 atque
811 2957 964 3038 laudabile,
988 2968 1032 3040 ut,
1054 2961 1102 3019 cui
1120 2958 1208 3019 debet
1227 2978 1314 3021 causa

309 3047 538 3125 propinquitatis
551 3046 746 3106 reverendum
760 3046 912 3128 honorem,
931 3045 967 3107 ab
986 3065 1021 3106 ea
1038 3048 1195 3129 contineat,
1214 3066 1314 3126 quam-

309 3137 353 3194 vis
377 3135 599 3214 generatricem,
621 3142 719 3194 tamen
742 3133 908 3208 libidinem,
932 3135 974 3194 dc·
992 3153 1050 3214 qua
1072 3134 1250 3197 erubescere
1273 3140 1314 3198 vi·

309 3223 415 3284 demus
439 3230 469 3282 et
490 3223 583 3300 ipsam
605 3222 776 3302 pudicitiam
800 3221 991 3302 coniugalem.
1332 3239 1368 3288 30

399 3308 551 3388 Copulatio
578 3311 669 3388 igitur
696 3312 785 3370 maris
814 3318 843 3370 et
871 3311 1009 3391 feminae,
1038 3319 1179 3390 quantum
1202 3313 1315 3374 adtinet

309 3397 344 3458 ad
374 3415 468 3476 genus
495 3398 675 3478 mortalium,
708 3398 854 3477 quoddam
882 3401 1072 3460 seminarium
1100 3409 1146 3461 est
1173 3401 1313 3481 civitatis3

309 3486 362 3547 sed
396 3495 519 3546 terrena
558 3488 659 3547 civitas
695 3489 884 3564 generatione
923 3487 1140 3568 tantummodo,
1179 3488 1314 3550 caelestis

309 3581 408 3634 autem
431 3576 519 3634 etiam
541 3576 763 3653 regeneratione
787 3593 861 3654 opus
884 3574 985 3657 babet,
1008 3583 1041 3636 ut
1063 3594 1169 3636 noxam
1192 3595 1313 3654 genera·

379 3787 396 3834 4
415 3783 519 3854 autem]
535 3783 609 3836 enim
629 3785 675 3853 711
690 3787 723 3837 28
741 3784 930 3837 uerecundum
944 3785 972 3840 R
985 3786 994 3853 ΙΙ
1008 3789 1042 3837 at
1061 3785 1147 3838 etiam
1160 3803 1210 3839 orn.
1232 3789 1280 3841 Va
