3284 4459
344 507 407 572 116
752 522 775 566 s.
789 521 955 565 nuunsmrn

342 675 407 738 cos3
430 659 647 718 tricameratam
669 675 739 717 vero
762 675 814 737 eo,
837 657 918 734 quod
939 675 1043 717 omnes
1065 666 1169 736 gentes
1191 657 1229 720 de
1252 657 1351 718 tribus

341 745 409 805 liliis
437 744 499 805 Noe
527 753 595 824 post
623 745 765 806 diluvium
793 754 945 824 reparatae
973 753 1058 826 sunt3
1086 745 1138 806 sed
1168 745 1247 807 aliud
1270 747 1352 807 dicat

343 833 466 915 aliquid,
495 833 575 912 quod
598 851 615 894 a
637 833 706 893 fidei
728 833 830 911 regula
852 851 912 893 non
935 836 975 894 sit
996 832 1134 894 alienum.
1179 833 1252 895 llam
1276 853 1350 914 quo-

342 923 421 983 niam
448 939 508 982 non
535 921 612 982 solas
640 923 672 981 in
698 920 890 981 inferioribus
918 923 1085 982 mansiones
1112 921 1222 984 habere
1251 941 1351 984 arcam

307 1009 447 1091 euoluit,
477 1027 580 1070 verum
607 1011 696 1070 etiam
723 1011 755 1069 in
782 1008 987 1088 superioribus
1010 1002 1056 1091 (et
1078 1009 1151 1071 haec
1174 1011 1248 1072 dixit
1269 1010 1351 1072 bica-

343 1091 468 1180 merata)
489 1105 520 1158 et
541 1100 572 1158 in
591 1097 795 1177 superioribus
817 1100 1007 1176 superiorum
1030 1091 1076 1178 (et
1097 1098 1171 1159 haec
1193 1099 1352 1178 appellavit

342 1177 554 1268 tricamerata),
578 1193 611 1247 ut
633 1184 670 1244 ab
692 1187 751 1246 imo
774 1202 895 1246 sursum
916 1204 1021 1246 versus
1043 1189 1132 1248 tertia
1154 1197 1352 1266 consurgeret

319 1273 497 1338 ‘habitatiot
519 1282 645 1353 possunt
666 1272 715 1334 hic
737 1272 869 1352 intellegi
890 1282 921 1334 et
942 1276 1000 1334 tria
1020 1273 1078 1355 illa,
1100 1293 1176 1353 quae
1199 1293 1349 1336 commen·

253 1420 255 1423 .
341 1361 391 1422 dat
418 1362 581 1444 apostolus,
613 1361 699 1442 lides,
731 1380 813 1442 spes,
845 1364 966 1442 caritas3
996 1370 1123 1441 possunt
1144 1365 1234 1424 etiam
1256 1365 1350 1425 multo

291 1463 323 1512 10
342 1453 565 1512 convenientius
579 1459 641 1512 tres
659 1449 724 1511 illae
743 1449 898 1510 ubertates
914 1450 1108 1530 evangelicae,
1126 1453 1249 1532 tricena,
1267 1471 1350 1513 sexa·

341 1557 424 1618 gena,
452 1545 589 1620 centena,
621 1547 655 1600 ut
681 1540 713 1599 in
740 1538 841 1598 infimo
869 1537 981 1599 habitet
1006 1539 1149 1617 pudicitia
1177 1541 1351 1622 coniugalis,

341 1645 431 1706 supra
460 1626 584 1688 vidualis
614 1635 701 1705 atque
729 1626 784 1687 hac
813 1628 952 1705 superior
978 1627 1144 1708 virginalis,
1175 1636 1207 1689 et
1228 1631 1255 1689 si
1277 1629 1350 1708 quid

341 1715 447 1776 melius
478 1714 644 1776 secundum
675 1715 763 1775 iidem
795 1717 922 1775 civitatis
951 1713 1040 1776 huius
1068 1715 1201 1794 intellegi
1231 1725 1261 1778 et
1290 1717 1350 1778 dici

340 1811 447 1882 potest.
491 1803 555 1864 lloc
583 1805 671 1864 etiam
694 1804 730 1864 de
754 1806 876 1883 ceteris,
904 1821 980 1881 quae
1002 1802 1051 1863 hic
1074 1804 1248 1883 exponenda
1269 1813 1351 1887 sunt,

289 1892 478 1972 tumuerim,
505 1894 587 1973 quia,
614 1894 672 1953 etsi
694 1910 754 1952 non
776 1909 837 1952 uno
860 1892 1049 1952 disseruntur
1071 1892 1172 1973 modo,
1199 1893 1237 1953 ad
1259 1911 1350 1955 unam

342 1989 440 2040 tamen
464 1980 623 2040 catholicae
647 1979 714 2040 fidei
739 1978 928 2040 concordiam
951 1979 1114 2040 revocanda
1136 1989 1216 2042 sunt

705 2203 825 2270 Oneon
842 2205 977 2271 XXVII„

343 2335 389 2397 De
411 2352 490 2396 orco
513 2339 604 2408 atque
627 2335 738 2394 dilavio
761 2351 819 2394 aec
841 2336 901 2394 illis
923 2351 988 2395 esse
1010 2337 1269 2409 consentiendum,
1297 2339 1353 2411 qui

354 2426 449 2484 solam
470 2425 630 2484 lutarium
651 2423 805 2497 recipiunt
826 2425 892 2483 sinc
914 2425 1083 2497 allegorica
1103 2426 1337 2498 significatione,

288 2523 323 2572 20
425 2529 483 2572 nec
506 2513 572 2590 illis,
595 2512 650 2585 qui
669 2513 749 2571 solas
768 2513 891 2586 figuras
913 2509 1080 2585 defendunt
1100 2514 1265 2588 repudiato

689 2601 837 2660 leterico
858 2601 994 2659 emitote.

430 2720 495 2782 Non
519 2729 618 2781 tamen
644 2723 800 2801 quisquam
828 2729 932 2800 putare
956 2721 1044 2782 debet
1066 2730 1117 2783 aut
1139 2723 1251 2783 frustra
1274 2721 1349 2784 haec

342 2829 408 2870 esse
432 2812 616 2890 conscripta,
648 2816 699 2869 aut
721 2810 923 2870 tantummodo
947 2819 1220 2889 rerumgestarum
1243 2814 1350 2871 verita·

342 2908 402 2959 tem
430 2901 494 2958 sine
522 2898 589 2958 ullis
617 2897 781 2976 allegoricis
809 2898 1072 2976 significationibus
1099 2899 1148 2959 hic
1170 2917 1236 2958 esse
1260 2917 1349 2978 qliae-

289 2987 472 3068 terendam,
495 2994 547 3046 aut
565 3004 581 3046 e
600 2987 748 3046 contrario
771 2983 845 3046 haec
867 2989 987 3046 omnino
1010 2996 1092 3065 gesta
1114 3005 1174 3047 non
1197 3005 1273 3061 esse,
1297 2987 1349 3048 sed

343 3074 418 3135 solas
437 3092 502 3135 csse
522 3073 679 3134 verborum
697 3074 815 3154 figurae,
839 3083 889 3135 aut
908 3075 1051 3154 quidquid
1073 3075 1145 3136 illud
1169 3083 1216 3135 est
1238 3094 1349 3154 nequa·

342 3181 429 3242 quam
452 3162 487 3222 ad
511 3162 695 3241 prophetiam
723 3161 865 3222 ecclesiae
888 3165 1046 3241 pertinere.
1093 3162 1165 3234 Quis
1188 3165 1267 3224 enim
1291 3167 1350 3224 nisi

342 3259 440 3311 mente
468 3268 627 3330 perversus
656 3252 783 3310 inaniter
813 3253 941 3330 scriptos
972 3269 1038 3312 esse
1068 3251 1227 3311 contendat
1256 3250 1350 3313 libros

342 3357 396 3418 per
418 3356 563 3400 annorum
591 3338 670 3398 milia
697 3346 777 3398 tanta
805 3338 948 3417 religione
971 3346 1084 3400 ettam
1107 3339 1350 3421 ordinataesuc·

289 3429 485 3489 accessionis
507 3425 693 3486 observantia
716 3425 893 3508 custoditos,
923 3436 973 3488 aut
995 3426 1072 3488 solas
1095 3446 1144 3488 res
1167 3435 1265 3506 gestas
1288 3427 1350 3489 illic

412 3549 437 3616 1)
455 3547 534 3602 Rom.
554 3553 579 3616 a,
594 3554 618 3602 o.
674 3553 700 3620 o)
720 3555 743 3604 1.
759 3548 819 3604 cor.
840 3555 882 3618 re,
898 3556 939 3605 ra.
995 3553 1039 3619 11)
1057 3551 1106 3605 Mt.
1127 3557 1169 3619 13,
1183 3557 1208 3607 e.

412 3712 426 3759 1
446 3705 585 3760 tricamer.
600 3707 628 3762 R
648 3710 657 3778 {l
678 3713 693 3762 2
713 3708 770 3762 sint
788 3708 890 3836 13¹&
910 3709 1014 3778 aliquis
1035 3710 1092 3766 θοι
1108 3713 1118 3780 ll
1137 3716 1170 3763 12
1189 3710 1265 3779 quod
1279 3707 1322 3764 117
1340 3711 1351 3783 ΙΙ
1465 3768 1466 3775 ,

341 3781 374 3829 13
393 3775 493 3830 melius
513 3779 621 3846 Veram
642 3778 721 3832 aliud
739 3781 837 3835 ΒΑΕ
872 3797 966 3849 aepr;
984 3782 1018 3849 cf.
1033 3786 1123 3850 450‚1

258 4082 403 4154 A
