3284 4459
338 493 380 558 72
748 507 770 548 s.
784 507 950 550 cucusam

338 662 417 724 nare,
432 644 492 705 'sed
510 660 562 704 eos
586 643 673 723 solos,
696 661 771 721 quos
794 644 894 722 operis
916 645 1047 722 suseepti
1069 646 1146 704 ratio
1168 642 1348 723 postulabat.

337 730 525 811 Propositum
545 734 654 810 quippe
673 733 828 809 scriptoris
845 731 925 792 illius
948 732 1013 812 luit,
1035 749 1090 810 per
1113 750 1201 810 quem
1225 744 1349 795 sanctus
1452 782 1453 785 ,

339 821 467 902 Spiritus
494 820 523 880 id
552 818 670 901 agebat,
698 837 754 898 per
781 822 986 880 successiones
1009 828 1158 881 certarum
1181 826 1348 900 generatio·

338 927 409 970 num
433 927 468 968 ex
490 927 551 969 uno
575 908 693 968 bomine
716 916 943 986 propagatarum
961 907 1177 986 pervenire'ad
1200 909 1349 971 Abrabam

302 1005 371 1058 oao
395 993 500 1057 deinde
520 1015 556 1057 ex
575 997 638 1056 eius
662 998 773 1057 semine
797 996 833 1056 ad
856 995 997 1074 populum
1020 995 1083 1076 bei,
1104 999 1135 1056 in
1160 1016 1218 1075 quo
1242 999 1349 1059 distin-

338 1095 386 1146 cto
400 1103 417 1145 a
431 1087 539 1146 ceteris
562 1083 700 1163 gentibus
718 1085 989 1163 praefigurarentur
1011 1093 1043 1144 et
1064 1088 1351 1164 praenuntiarentur·

338 1176 448 1254 omnia,
471 1191 546 1252 quae
570 1173 606 1233 de
629 1175 759 1252 civitate,
787 1175 873 1233 ouius
895 1181 1049 1232 aeternum
1072 1175 1131 1233 erit
1152 1191 1293 1255 regnum,
1318 1184 1352 1236 et

338 1262 374 1322 de
397 1280 468 1339 rege
487 1259 551 1322 eius
574 1261 737 1340 eodemque
760 1261 914 1320 conditore
934 1259 1052 1320 Christo
1075 1263 1106 1320 iu
1126 1260 1238 1340 Spiritu
1262 1279 1350 1341 prae·

337 1349 513 1411 videbantur
542 1367 607 1409 esse
637 1357 773 1428 ventura3
805 1351 846 1409 ita
875 1356 909 1408 ut
936 1366 992 1408 nec
1020 1349 1058 1408 de
1085 1349 1177 1409 altera
1205 1353 1350 1411 societate

285 1446 319 1495 10
337 1439 490 1498 bominum
526 1445 694 1518 taceretur,
730 1455 817 1515 quam
849 1444 1000 1497 terrenam
1031 1436 1157 1497 dicimus
1189 1440 1351 1520 civitatem,

338 1536 481 1606 quantum
513 1528 541 1586 ei
571 1524 844 1586 commemorandae
876 1526 947 1585 satis
977 1533 1073 1604 esset,
1102 1533 1136 1584 ut
1162 1527 1265 1587 civitas
1293 1521 1351 1586 Ilei

338 1617 426 1675 etiam
454 1631 524 1674 suae
552 1613 736 1674 adversariae
766 1615 975 1691 conparatione
998 1613 1148 1673 clarescat.
1195 1613 1269 1674 Cum
1292 1617 1350 1693 igi·
1452 1622 1453 1663 1

319 1703 387 1764 'tur
410 1705 557 1781 scriptura
581 1701 693 1780 divina,
717 1699 768 1761 ubi
791 1707 822 1760 et
844 1717 1002 1761 numerum
1025 1719 1183 1774 annorum,
1206 1720 1281 1779 quos
1304 1703 1350 1762 illi
1452 1750 1453 1773 1

337 1791 472 1851 homines
490 1793 636 1870 vixerunt,
659 1797 878 1868 commemorat,
901 1791 941 1849 ita
964 1788 1128 1863 concludat,
1151 1799 1186 1850 ut
1208 1789 1287 1850 dieat
1309 1791 1350 1850 de

287 1885 319 1936 15
338 1879 396 1958 illo,
419 1879 456 1939 de
480 1895 538 1956 quo
561 1876 752 1956 loquebatur:
775 1878 816 1936 Et
835 1881 944 1950 pendit
960 1881 1043 1949 filios
1064 1885 1095 1937 et
1112 1881 1205 1952 filios,
1229 1886 1260 1939 et
1278 1877 1349 1954 sue-

338 1975 411 2028 ramt
440 1983 541 2027 omnes
571 1969 635 2026 dies
660 1964 739 2024 illius
766 1964 812 2023 vel
841 1963 920 2024 illius
947 1982 1023 2043 quos
1044 1967 1118 2025 vixit
1139 1969 1209 2026 anni
1232 1975 1288 2048 tot,
1319 1974 1352 2028 et

337 2061 473 2116 mortuus
505 2062 562 2114 est:
594 2052 736 2130 numquid
769 2055 838 2130 quia
867 2052 987 2112 eosdem
1016 2053 1092 2113 iibos
1123 2061 1155 2114 et
1183 2053 1257 2114 filias
1286 2073 1350 2116 non

337 2145 482 2222 nominat,
509 2141 576 2202 ideo
604 2141 775 2220 intellegere
807 2157 867 2200 non
898 2139 1041 2201 debemus
1067 2159 1123 2220 per
1149 2150 1210 2201 tam
1236 2141 1351 2204 multos

337 2249 439 2312 annos,
462 2229 570 2309 quibus
589 2238 660 2290 tunc
679 2231 709 2288 in
729 2227 839 2289 saeculi
857 2227 945 2288 buius
967 2231 1062 2308 prima
1084 2237 1178 2290 aetate
1203 2229 1351 2310 virebant,

286 2329 319 2378 20
338 2321 419 2380 nasei
446 2321 578 2397 potuisse
608 2317 751 2396 plurimos
774 2316 923 2396 homines,
951 2334 1078 2395 quorum
1101 2317 1236 2379 coetibus
1259 2319 1350 2380 condi

337 2414 459 2487 possent
481 2408 569 2466 ctiam
591 2405 734 2484 plurimae
754 2400 909 2464 civitates?
939 2404 997 2465 Sed
1021 2407 1165 2483 pertinuit
1187 2406 1223 2466 ad
1242 2405 1350 2488 Deum,

339 2513 397 2574 quo
424 2496 482 2554 ista
509 2495 671 2572 inspirante
700 2495 869 2571 conscripta
896 2500 979 2567 sunt,
994 2493 1060 2553 ⁴bas
1088 2493 1161 2554 duas
1190 2497 1350 2555 societates

338 2585 400 2644 suis
419 2581 543 2642 diversis
562 2579 802 2660 generationibus
820 2582 959 2659 primitus
977 2580 1112 2659 digerere
1131 2590 1219 2660 atque
1243 2583 1349 2642 distin-

338 2687 438 2750 guere,
461 2676 496 2730 ut
519 2683 654 2730 seorsum
676 2667 838 2749 bominum,
861 2668 918 2728 boc
941 2677 988 2730 est
1010 2669 1174 2730 secundnm
1196 2669 1349 2731 bominem

285 2768 319 2818 ao
338 2760 511 2838 viventium,
539 2774 674 2818 seorsum
701 2765 800 2818 autem
829 2757 957 2816 illiorum
980 2755 1046 2837 Dei,
1073 2757 1103 2816 id
1127 2767 1173 2817 est
1194 2757 1350 2820 bominum

337 2845 503 2908 secundum
534 2843 628 2905 Deum
659 2846 838 2924 viventium,
876 2847 1082 2923 generationes
1115 2853 1349 2907 contexerentur

337 2951 432 3013 usque
461 2932 616 3013 diluvium,
644 2931 695 2994 ubi
722 2931 876 2992 ambarum
903 2935 1081 2993 societatum·
1104 2934 1244 2994 discretio
1277 2951 1348 2994 con-

338 3024 491 3099 cretioque
527 3029 683 3100 narratur3
723 3019 864 3081 discretio
901 3020 1037 3101 quidem,
1078 3021 1157 3099 quod
1194 3021 1349 3082 ambarum

338 3111 496 3189 separatim
522 3111 730 3187 generationes
757 3115 1041 3188 commemorantur,
1067 3111 1156 3170 unius
1180 3110 1350 3170 fratricidae

282 3211 319 3260 30
338 3198 426 3277 Cain,
458 3196 579 3256 alterius
611 3204 710 3257 autem
737 3199 789 3274 qui
817 3196 977 3258 vocabatur
1005 3195 1090 3277 Setb3
1127 3205 1214 3258 natus
1237 3200 1349 3276 quippe

338 3288 436 3348 iuerat
465 3292 497 3346 et
528 3287 592 3365 ipse
624 3284 660 3345 de
688 3284 779 3344 Adam
806 3302 862 3363 pro
894 3283 959 3364 illo,
986 3301 1079 3362 ‚quern
1107 3286 1198 3349 irater
1224 3286 1350 3366 occidit;

337 3375 488 3440 concretio
508 3381 616 3452 autem,
639 3375 708 3451 quia
726 3371 812 3432 bonis
831 3374 862 3432 in
880 3373 1012 3434 deterius
1035 3372 1251 3434 declinantibus
1273 3374 1349 3435 tales
1452 3396 1453 3437 1

337 3463 469 3524 universi
492 3460 561 3521 iacti
584 3461 716 3539 fuerant,
744 3469 777 3520 ut
799 3459 909 3521 diluvio
932 3459 1116 3543 delerentur,
1139 3470 1263 3542 excepto
1288 3481 1348 3523 uno

410 3615 454 3683 1⁷)
473 3611 540 3667 Gen.
559 3616 585 3680 b,
603 3579 679 3680 4'sq.
1135 3581 1138 3585 γ

411 3779 444 3828 27
463 3789 552 3842 usque
572 3743 872 3842 VRAFGp;'11sque
891 3774 928 3826 ed
946 3776 1025 3829 abeo
