3284 4459
564 521 930 566 nnorvmsnsnmnxr.
944 525 967 566 c.
981 527 1014 569 ιι.
1237 512 1298 577 ll'l

294 654 461 737 intuendas,
484 655 536 717 ubi
559 665 653 738 certe,
675 657 786 720 utalia
808 661 950 741 omittam,
972 661 998 721 si
1021 662 1218 722 numerositas
1240 664 1300 722 ani·

293 742 415 804 malium
452 743 576 823 cogebat
611 763 696 806 arcae
732 754 843 808 tantam
879 747 946 808 lieri
976 749 1221 828 magnitudinem,
1256 752 1301 809 in·

295 830 404 892 munda
435 830 506 893 bina
537 840 568 892 et
599 833 707 895 munda
734 843 857 914 septena
882 837 1041 897 intromitti
1069 838 1203 898 animalia
1230 837 1300 916 quid

294 918 434 1001 cogebat,
467 938 535 982 cum
566 921 696 1000 aequalis
723 925 840 983 numeri
866 934 989 1003 possent
1015 933 1142 1004 utraque
1169 922 1302 986 servari?

292 1008 352 1068 but
378 1025 449 1068 vero
473 1007 566 1090 Deus,
595 1011 646 1087 qui
672 1018 795 1089 propter
822 1029 916 1090 genus
939 1013 1136 1091 reparandum
1158 1014 1336 1074 servandas

292 1098 459 1178 praecepit,
492 1114 527 1156 eo
556 1097 644 1157 modo
670 1097 734 1179 ille,
764 1115 823 1176 quo
851 1101 1033 1181 instituerat,
1060 1102 1218 1161 restituere
1242 1118 1300 1162 non

292 1180 428 1244 valebat?

384 1270 442 1342 Qui
464 1290 613 1333 veronen
636 1291 702 1335 esse
724 1283 815 1355 gesta,
838 1275 891 1336 sed
913 1275 990 1336 solas
1012 1294 1114 1337 rerum
1136 1276 1300 1355 significan·

294 1359 399 1421 darum
431 1360 541 1438 figuras
571 1379 638 1422 esse
667 1363 864 1445 contendunt,
895 1365 1025 1443 primum
1054 1367 1213 1443 opinantur
1241 1372 1300 1424 um

293 1465 433 1526 magnum
451 1448 518 1508 lieri
535 1465 595 1508 non
618 1452 750 1528 potuisse
773 1450 926 1533 diluvium,
948 1461 982 1513 ut
1004 1452 1163 1512 altissimos
1184 1459 1353 1517 montesio

294 1535 465 1613 quindecim
492 1535 601 1598 cubitis
628 1555 704 1616 aqua
730 1538 893 1599 crescendo
915 1540 1151 1614 transcenderet,
1178 1547 1301 1619 propter

294 1621 412 1703 Olympi
444 1627 587 1685 verticem
619 1628 745 1707 montis,
776 1643 866 1705 supra
898 1644 986 1706 quem
1017 1627 1175 1707 perbibent
1205 1626 1301 1688 nubes

293 1729 355 1772 non
374 1729 462 1790 posse
481 1729 685 1793 concrescere,
707 1713 787 1792 quod
805 1722 866 1774 tam
888 1713 1014 1775 sublime
1036 1718 1093 1776 iam
1116 1715 1230 1776 caelum
1253 1718 1300 1796 sit,

295 1807 329 1859 ut
356 1816 416 1860 non
443 1798 485 1861 ibi
512 1803 551 1861 sit
578 1818 630 1861 aer
655 1803 713 1862 iste
741 1804 882 1884 crassior,
909 1801 962 1863 ubi
987 1805 1068 1863 renti
1094 1802 1219 1864 nebulae
1245 1805 1298 1863 im·

294 1886 423 1966 bresque
452 1890 626 1969 gignuntur,
653 1906 709 1949 nec
737 1888 900 1949 adtendunt
927 1892 1058 1951 omnium
1086 1891 1299 1952 elementorum
1318 1907 1351 1956 ιι

294 1977 508 2036 crassissimam
535 1983 644 2037 terram
671 1976 715 2038 ibi
742 1995 807 2037 esse
835 1979 975 2056 potuisse.
1019 1978 1065 2038 bn
1092 1979 1168 2039 iorte
1192 1988 1299 2057 negant

294 2081 360 2124 esse
388 2072 498 2124 terram
525 2066 666 2124 verticem
692 2061 825 2126 montis?
861 2063 922 2126 Cur
946 2067 1038 2144 igitur
1064 2083 1160 2143 usque
1187 2065 1223 2126 ad
1250 2066 1298 2127 illa

294 2151 368 2211 caeli
395 2154 488 2231 spatia
511 2153 600 2212 terris
631 2152 752 2214 exaltari
774 2152 912 2235 licuisse,
938 2161 968 2214 et
990 2155 1073 2232 aquis
1096 2152 1217 2214 exaltari
1239 2172 1299 2214 non

293 2239 413 2300 licuisse
441 2239 637 2320 contendunt,
666 2258 734 2300 cum
761 2241 812 2301 isti
839 2258 992 2301 mensores
1019 2249 1049 2301 et
1074 2259 1218 2320 pensores
1241 2242 1298 2302 ele-

293 2334 464 2387 mentorum
486 2345 577 2405 aquas
599 2330 688 2388 terris
710 2327 887 2408 perhibeant
908 2329 1077 2409 superiores
1099 2336 1188 2407 atque
1209 2328 1299 2389 levio-
1317 2347 1353 2396 ao

293 2411 367 2475 res?
412 2413 488 2485 Quid
515 2418 617 2493 itaque
644 2417 767 2476 rationis
789 2416 941 2498 adierunt,
967 2433 1058 2494 quare
1081 2424 1161 2477 terra
1183 2418 1299 2496 gravior

294 2512 325 2563 et
352 2503 477 2562 inlerior
503 2502 602 2563 locum
629 2503 702 2564 caeli
728 2504 940 2582 tranquillioris
972 2505 1112 2565 invaserit
1137 2521 1193 2584 per
1219 2504 1298 2565 volu·

294 2593 374 2650 mina
401 2598 446 2650 tot
472 2607 631 2667 annorum,
658 2598 689 2651 et
715 2608 791 2670 aqua
816 2592 909 2653 levior
935 2609 969 2652 ae
996 2593 1133 2671 superior
1155 2593 1299 2672 permisso

293 2696 354 2739 non
377 2681 416 2738 sit
438 2678 496 2738 hoo
518 2679 616 2740 iacere
639 2678 743 2739 saltem
765 2677 801 2739 ad
823 2687 941 2758 tempus
963 2675 1124 2757 exiguum?

382 2765 491 2827 Dicunt
513 2769 601 2827 etiem
630 2785 690 2827 non
713 2769 847 2847 potuisse
869 2784 974 2845 capere
998 2783 1084 2827 arcae
1105 2765 1185 2828 illius
1207 2785 1298 2846 quan·
1317 2781 1352 2832 25

292 2857 408 2915 litatem
439 2854 608 2915 animalium
640 2871 749 2934 genera
781 2863 841 2915 tam
872 2853 963 2915 multa
994 2857 1025 2915 in
1057 2861 1186 2933 utroque
1217 2873 1299 2935 sexu,

291 2942 361 3002 bina
390 2943 426 3002 de
453 2943 617 3024 inmundis,
644 2950 766 3021 septena
792 2941 978 3002 demendis.
1024 2941 1083 3013 Qui
1104 2941 1176 3003 mibi
1199 2942 1298 3003 viden·

291 3041 342 3090 tur
365 3047 425 3091 non
449 3039 612 3109 conputare
635 3031 693 3091 uisi
715 3037 847 3090 trecenta
871 3027 969 3091 cubita
990 3029 1184 3109 longitudinis
1207 3038 1238 3091 et
1259 3031 1298 3090 le·

291 3117 428 3180 titudinis
451 3120 675 3198 quinquaginta,
703 3135 758 3177 nec
788 3119 918 3196 cogitare
940 3116 1018 3178 aliud
1041 3125 1155 3179 tantum
1178 3135 1244 3179 esse
1266 3121 1298 3179 in

291 3204 497 3286 superioribus
524 3208 654 3284 itemque
683 3204 761 3265 aliud
789 3212 904 3265 tantum
930 3207 962 3264 in
984 3205 1189 3284 superioribus
1211 3223 1298 3286 supe·
1317 3221 1353 3270 so

291 3297 418 3375 riorum,
446 3311 480 3354 ac
507 3311 562 3372 per
588 3292 645 3353 boc
672 3299 719 3353 ter
746 3291 835 3352 ducta
861 3291 910 3352 illa
937 3290 1037 3353 cubita
1063 3293 1128 3353 lieri
1150 3300 1299 3372 nongenta

291 3400 345 3461 per
364 3390 484 3442 centum
502 3381 723 3460 quinquaginta.
769 3379 802 3441 Si
825 3390 923 3440 autem
946 3381 1109 3458 cogitemus
1131 3380 1210 3459 quod
1233 3379 1300 3441 Ori·

361 3576 394 3624 12
413 3569 563 3640 perbibent
579 3588 607 3638 r;
629 3570 766 3640 perhiben
785 3574 826 3640 V;
848 3572 1031 3642 perhibentur
1044 3573 1301 3644 RAFGobepoll

291 3645 323 3694 ts
342 3641 528 3696 conscendere
542 3658 585 3712 pr
601 3643 611 3712 ll
630 3641 757 3696 sublimis
777 3643 849 3698 Gne
865 3645 877 3712 ll
892 3643 949 3698 iam
965 3642 1194 3714 vultuosum
1213 3658 1300 3711 quam

291 3711 393 3768 Goe¹c
414 3714 424 3782 ΙΙ
446 3718 480 3766 31
502 3729 588 3782 nung.
609 3714 668 3769 VR
688 3715 699 3782 ΙΙ
721 3718 754 3767 82
777 3729 829 3783 per
846 3714 1066 3782 VRAFre11.;
1087 3730 1138 3769 oen.
1158 3730 1191 3782 o;
1215 3729 1300 3783 super

289 3783 393 3850 Hoffm.
413 3784 505 3852 (locos
518 3799 622 3853 parom
639 3783 790 3852 delucidue)
