3284 4459
532 516 573 557 ue
586 516 730 558 meruere
743 516 798 557 nm
811 517 837 557 u.
851 516 926 557 xxn.
940 516 963 557 o.
976 518 996 559 o.
1010 517 1029 558 a.
1216 498 1282 563 565

279 658 314 712 ut
336 668 404 711 cum
423 649 479 711 lide
499 668 533 711 ac
552 669 605 729 per
623 650 712 710 fidem
729 653 825 711 teneri
848 649 894 711 vel
915 653 1014 731 potius
1037 650 1153 729 adquiri
1174 650 1282 730 possit3

279 738 335 799 lide
368 747 467 800 autem
498 739 613 817 perdite
644 739 680 799 ad
713 757 776 799 eam
806 742 932 818 quisque
962 742 1062 800 venire
1092 755 1151 798 non
1180 738 1283 817 possit.

278 826 359 898 Quae
390 828 529 905 cogitatio
557 828 718 887 firmissimi
752 846 786 887 ac
814 829 1022 907 patientissimi
1048 827 1146 887 cordis
1176 834 1220 886 tot
1249 842 1283 897 ac

277 923 376 976 tantos
396 925 538 994 martyres
557 916 636 997 lecit,
659 916 775 995 qualem
793 934 832 976 ne
855 934 947 976 uinum
971 916 1090 994 quidem
1112 912 1215 977 babuit
1237 912 1283 991 vel

276 1002 387 1064 habere
409 1005 507 1083 potnit
529 1004 645 1084 quando
669 1013 715 1064 est
737 1004 810 1065 deus
834 1003 965 1065 creditus
986 1003 1139 1066 Romulus.
1302 1014 1318 1063 5

505 1220 507 1224 ’
622 1237 625 1241 “
669 1227 788 1295 Carur
807 1228 881 1295 VII.

305 1358 394 1429 Quod
413 1362 448 1418 et
468 1361 598 1418 mundos
621 1361 652 1417 in
679 1357 829 1418 Christum
852 1360 1001 1431 crederet,
1024 1358 1144 1418 virtutes
1162 1354 1262 1431 [uerit

468 1448 601 1520 divinoe,
623 1463 684 1507 non
702 1448 912 1522 persuasionis
933 1447 1092 1507 humanae.

367 1567 426 1629 Sed
453 1568 535 1629 valde
563 1567 721 1629 ridiculum
748 1577 795 1631 est
824 1568 861 1630 de
884 1569 1001 1630 Romuli
1029 1568 1100 1630 falsa
1123 1567 1282 1648 divinitate,

278 1675 346 1717 cum
370 1657 406 1718 de
429 1655 547 1718 Christo
569 1656 731 1738 loquimur,
754 1658 852 1717 lacere
875 1660 1063 1719 mentionem.
1108 1655 1217 1717 Verum
1240 1663 1282 1715 ta·
1302 1670 1336 1719 10

277 1764 346 1806 men
369 1763 437 1806 cum
460 1747 605 1805 sescentis
627 1746 720 1805 lerme
744 1748 828 1805 annis
852 1755 919 1807 aute
943 1744 1116 1807 Ciceronem
1139 1743 1283 1805 Romulus

278 1834 368 1894 luerit
398 1842 486 1912 etque
516 1832 564 1893 illa
596 1842 676 1893 aetas
703 1836 761 1893 iam
791 1834 883 1895 inisse
918 1835 1060 1895 doctrinis
1089 1833 1204 1894 dicetur
1234 1851 1282 1893 ex·

278 1921 370 2002 culta,
396 1930 432 1983 ut
457 1920 536 1999 quod
566 1922 631 1982 fieri
658 1940 716 1981 non
746 1931 845 2001 potest
867 1940 953 1983 omne
976 1930 1145 2001 respueretc
1173 1928 1282 2000 quanto

278 2012 370 2089 magis
406 2018 475 2090 post
510 2017 662 2070 sescentos
698 2028 790 2071 annos
831 2013 925 2090 ipsius
963 2019 1093 2089 ternpore
1131 2007 1282 2070 Ciceronis

278 2100 463 2177 maximeque
485 2105 588 2176 postea
610 2097 666 2158 sub
689 2098 822 2177 Augusto
845 2107 933 2176 atque
957 2097 1091 2178 Tiberio,
1114 2097 1335 2160 eruditiori-15

277 2185 334 2247 bus
353 2188 456 2264 utique
475 2184 668 2266 temporibus,
686 2188 935 2247 resurrectionem
954 2188 1052 2247 carnis
1066 2184 1176 2246 Christi
1194 2193 1281 2263 atque

278 2278 309 2334 in
328 2273 443 2335 caelum
460 2276 672 2355 ascensionem,
695 2283 842 2352 tamquam
861 2274 890 2334 id
910 2274 988 2353 quod
1008 2274 1072 2333 lieri
1094 2291 1154 2333 non
1176 2279 1284 2353 potest,

279 2381 363 2422 mens
394 2361 522 2422 humana
551 2362 630 2422 serre
660 2380 719 2422 non
748 2370 851 2441 posset
884 2362 1065 2441 eludensque
1095 2360 1131 2421 ab
1161 2359 1284 2421 auribus

279 2449 478 2529 cordibusque
496 2459 660 2531 respueret,
678 2452 735 2510 nisi
753 2468 817 2510 eam
836 2452 901 2511 fieri
919 2452 1051 2530 potuisse
1070 2456 1158 2528 atque
1176 2449 1283 2509 iactam

279 2557 345 2600 esse
364 2538 501 2599 divinitas
519 2540 613 2617 ipsius
631 2540 762 2599 veritatis
780 2538 827 2599 vel
850 2540 1009 2599 divinitatis
1032 2540 1139 2599 veritas
1162 2546 1192 2598 et
1215 2555 1283 2598 con·
1302 2552 1336 2600 20

279 2629 417 2689 testantia
444 2626 654 2688 miraculorum
684 2629 765 2705 signa
796 2636 1007 2707 monstrarent,
1039 2634 1073 2687 ut
1102 2624 1283 2687 terrentibus

279 2723 310 2776 et
332 2714 602 2776 contradicentibus
619 2724 679 2776 tam
702 2714 804 2776 multis
827 2725 944 2793 tamque
968 2717 1080 2794 magnis
1101 2715 1283 2795 persecutio-

279 2802 367 2865 nibus
389 2804 570 2882 praecedens
592 2805 622 2864 in
646 2803 778 2884 Christo,
801 2802 907 2864 deinde
930 2806 961 2864 in
985 2804 1093 2864 ceteris
1115 2803 1151 2864 ad
1174 2819 1284 2863 novum

280 2891 430 2952 saeculnm
460 2900 599 2952 secutura
627 2894 808 2953 resurrectio
840 2900 927 2970 etque
959 2891 1153 2953 inmortalitas
1185 2892 1283 2952 carnis

280 2989 311 3039 et
332 2979 500 3039 fidelissime
518 2980 692 3041 crederetur
712 2989 742 3041 et
764 2981 985 3059 praedicaretur
1007 2980 1154 3059 intrepide
1177 2988 1208 3039 et
1229 2996 1283 3059 per
1302 2991 1336 3041 aa

280 3067 383 3128 orbem
409 3075 506 3128 terrac
536 3067 719 3147 pullulatura
744 3067 899 3128 fecundius
928 3086 997 3130 cum
1027 3077 1188 3147 martyrum
1218 3084 1283 3127 san·

280 3158 368 3234 guine
387 3164 547 3217 sereretur.
591 3154 778 3235 Legebantur
797 3158 876 3216 enim
898 3159 1055 3236 praeconia
1078 3156 1288 3236 praecedentia

280 3243 503 3324 prophetarum,
533 3242 750 3305 concurrebant
776 3252 892 3305 ostenta
919 3246 1077 3326 virtutum,
1107 3252 1138 3306 et
1163 3262 1283 3323 persua·

280 3332 404 3393 debatur
434 3334 542 3393 veritas
570 3350 644 3391 nova
666 3332 888 3413 consuetudini,
916 3351 975 3393 non
998 3334 1145 3394 contraria
1168 3334 1284 3412 rationi,

280 3421 373 3480 donec
402 3419 483 3480 orbis
510 3428 624 3501 terrae,
656 3422 707 3499 qui
733 3420 969 3499 persequebatur
998 3422 1115 3497 lurore,
1145 3438 1283 3501 sequere·
1302 3435 1339 3484 30

281 3516 329 3568 tur
351 3507 417 3569 fide.
