3284 4459
585 511 626 550 nn
640 511 784 551 omniun
797 512 852 551 nur
864 512 890 551 u.
903 512 978 551 xxm.
992 510 1015 551 o.
1028 511 1048 551 s.
1062 512 1082 551 e.
1273 494 1337 558 557

327 647 455 720 pulvere
478 638 564 726 (sive,
587 654 621 705 ut
639 645 757 723 quidam
779 646 968 723 interpretati
990 653 1069 726 sunt,
1092 636 1222 726 appare)
1245 662 1337 705 enar·

328 738 415 807 pent,
442 734 477 793 iti
503 736 534 793 in
561 738 653 795 uitam
676 741 833 795 aeternam
866 740 895 794 et
922 735 957 794 ni
982 736 1014 793 in
1037 734 1232 810 opprobriam
1255 739 1285 794 ct
1307 734 1338 793 in

330 820 537 895 confasionem
559 829 734 893 aeternam
764 821 873 882 etalio
896 822 961 882 loco
984 839 1039 899 per
1062 820 1189 882 eundem
1212 820 1337 899 prophe·

330 918 403 969 tam:
426 912 585 986 Accipient
606 928 733 986 repnnnt
756 914 858 972 sancti
878 913 1024 971 Alttssimi
1049 917 1080 970 ct
1106 912 1281 971 obtinebant
1303 912 1337 969 ii-

330 1000 386 1057 Iad
401 1016 496 1072 usqae
514 1002 546 1059 in
563 1003 718 1060 saeculam
737 1007 768 1060 et
783 1016 879 1074 nsque
898 1002 929 1059 in
951 1002 1106 1059 saeculam
1127 1002 1372 1069 saeculoruma

331 1095 360 1146 et
379 1086 465 1163 paulo
484 1097 564 1165 post:
586 1089 734 1168 Beonan,
756 1090 862 1166 inquit,
880 1090 945 1147 eins
963 1105 1091 1161 raanan
1108 1090 1339 1164 sempiternam

330 1174 438 1234 etalio
462 1192 537 1253 quae
560 1175 675 1236 adhoc
704 1178 884 1255 pertinentia
906 1178 937 1235 in
960 1175 1035 1234 libro
1059 1177 1219 1235 vicensimo
1242 1177 1338 1255 posui,

331 1264 392 1321 sive
420 1280 496 1341 quae
522 1282 583 1324 nou
610 1266 696 1344 posui
724 1272 754 1324 et
780 1272 879 1324 tamen
908 1266 939 1323 iu
964 1262 1075 1323 eisdem
1097 1262 1205 1323 litteris
1229 1265 1337 1341 scripta

332 1359 410 1431 sunt,
432 1354 551 1412 venient
572 1361 603 1413 et
625 1352 711 1431 haec,
734 1354 812 1412 sicut
834 1355 891 1412 ista
912 1360 1071 1431 venerunt,
1094 1370 1168 1430 quae
1191 1351 1338 1411 increduli

331 1457 391 1498 non
418 1440 561 1517 putabant
588 1459 654 1501 esse
681 1450 813 1501 ventura.
859 1440 940 1500 idem
969 1442 1076 1518 quippe
1105 1439 1184 1499 Deus
1211 1450 1337 1517 utraque
1359 1450 1390 1497 10

331 1530 479 1608 promisit,
508 1538 632 1607 utraque
660 1537 783 1589 ventura
811 1547 877 1589 esse
904 1528 1065 1609 praedixit,
1097 1546 1185 1606 quem
1214 1527 1337 1607 perhor-

313 1625 454 1677 rescunt
476 1619 597 1677 numina
619 1635 814 1697 paganorum,
844 1619 933 1678 etiam
955 1625 1032 1677 teste
1055 1616 1233 1697 Porphyrio,
1256 1615 1337 1675 nohi-

331 1702 442 1764 lissimo
465 1705 640 1784 philosopho
662 1723 852 1784 paganorum.

739 1964 856 2031 Carnu
876 1964 931 2028 IV.

337 2091 450 2152 Contra
467 2095 617 2167 sapientes
630 2096 743 2167 mandi,
762 2096 816 2167 qai
830 2097 941 2167 patant
958 2098 1083 2153 terrena
1101 2094 1253 2153 hominnm
1271 2111 1338 2154 cor·
1360 2104 1391 2150 15

378 2197 459 2256 pora
482 2183 525 2240 ad
546 2184 674 2241 caeleste
695 2182 902 2241 habitaculam
924 2196 984 2240 non
1004 2197 1092 2256 possa
1115 2181 1289 2256 transferri.

424 2302 482 2363 Sed
511 2302 647 2363 videlicet
672 2303 807 2364 homines
836 2304 914 2364 docti
942 2313 1030 2381 atque
1059 2306 1206 2383 sapientes
1236 2313 1338 2364 contra

334 2394 392 2452 vim
414 2399 512 2452 tantae
535 2394 727 2473 auctoritatis,
750 2411 825 2471 quae
848 2394 946 2452 omnia
967 2410 1076 2470 genera
1099 2391 1260 2472 hominum,
1283 2395 1338 2453 sio-

335 2490 368 2541 ut
389 2489 471 2541 tanto
495 2488 562 2540 autc
585 2480 739 2561 praedixit,
761 2483 792 2540 in
816 2480 873 2540 hoc
897 2480 1078 2540 credendum
1101 2480 1338 2559 sperandumque

334 2570 493 2648 convertit,
520 2577 604 2628 acute
633 2567 689 2628 sibi
716 2570 915 2647 argumentari
942 2568 1079 2629 videntur
1106 2568 1246 2628 adversus
1274 2586 1338 2628 oor-
1358 2582 1390 2629 20

333 2675 440 2736 porum
464 2659 713 2717 resurrectionem
731 2666 762 2717 et
780 2657 879 2717 dicere
903 2655 981 2734 quod
1005 2658 1035 2715 in
1059 2657 1146 2717 tertio
1170 2655 1206 2715 de
1230 2674 1263 2717 re
1284 2676 1338 2735 pu·

334 2744 410 2805 blica
441 2744 517 2805 libro
549 2763 566 2803 a
597 2744 739 2805 Cicerone
770 2753 1032 2805 commemoratum
1062 2753 1115 2805 est.
1168 2743 1241 2804 Nam
1271 2764 1339 2805 cum

334 2832 494 2894 Herculem
516 2841 547 2893 et
564 2832 723 2894 Romulum
746 2851 781 2893 ex
804 2831 972 2892 hominibus
996 2832 1066 2893 deos
1090 2851 1155 2893 esse
1179 2833 1271 2893 factos
1294 2852 1338 2893 as·

335 2930 498 2981 serenaret:
520 2921 678 3001 „Quorum
702 2939 761 2980 uon
785 2938 923 2999 corpora,
946 2922 1056 3001 inquit,
1079 2923 1202 2982 suntin
1225 2921 1338 2982 caelum

335 3010 422 3090 elata3
449 3027 546 3088 neque
575 3012 653 3068 enim
681 3017 785 3070 natura
814 3016 980 3090 pateretur,
1008 3017 1041 3069 ut
1063 3008 1093 3069 id
1117 3008 1196 3086 quod
1219 3018 1298 3069 esset
1322 3029 1337 3069 e
1357 3021 1391 3070 no

335 3108 415 3159 terra
443 3099 500 3157 uisi
526 3099 557 3156 in
585 3105 664 3157 terra
691 3093 855 3158 maneret.“
899 3096 979 3156 Haec
1001 3106 1047 3157 est
1070 3115 1173 3175 magna
1197 3100 1271 3158 ratio
1295 3116 1338 3157 sa·

334 3188 494 3266 pientiam,
525 3202 651 3263 quorum
675 3186 820 3246 Dominus
847 3188 930 3247 novit
955 3188 1166 3261 tentationes,
1198 3189 1339 3261 qnoniam

335 3293 434 3337 vanae
463 3282 542 3335 sant.
588 3272 620 3332 Si
647 3276 725 3333 enim
753 3276 866 3333 animae
899 3274 1101 3334 tantummodo
1132 3291 1280 3353 essemus,
1310 3275 1339 3335 id

336 3365 467 3423 estsine
491 3362 550 3423 uilo
574 3379 699 3441 oorpore
723 3364 859 3441 spiritum
883 3371 912 3422 et
934 3364 965 3422 in
988 3360 1068 3421 caelo
1091 3360 1257 3422 habitantes
1281 3371 1339 3422 ter-

406 3515 693 3583 3)Dau.12,1sq.
730 3517 757 3581 5)
781 3514 851 3568 Dan.
875 3520 906 3581 t,
930 3520 970 3568 18.
1008 3516 1037 3582 6)
1059 3514 1099 3568 Ib.
1123 3519 1166 3567 nt.
1205 3516 1231 3583 7)
1255 3514 1284 3569 C.
1305 3521 1337 3568 21

335 3604 394 3654 sqq.
429 3589 474 3655 22)
492 3584 522 3639 Ο.
541 3591 582 3640 28.
619 3587 665 3652 28)
682 3585 726 3640 Po.
746 3591 789 3650 93,
809 3592 851 3640 11.

401 3794 417 3841 t
434 3788 466 3841 in
480 3787 551 3841 conf.
564 3787 655 3857 Reyp
667 3801 717 3840 sca.
729 3784 838 3853 Gracc.;
856 3786 887 3839 iu
900 3784 1161 3855 enneaconta
1177 3785 1339 3840 nicetetia
