3284 4459
312 486 379 548 444
713 495 734 537 o.
748 494 914 538 amonemur

313 651 399 695 mcre
428 636 556 692 vitreum
586 634 683 692 simile
715 634 868 708 crystallo.
915 630 973 691 Sed
1004 641 1075 692 tunc
1105 649 1164 692 non
1195 631 1232 691 de
1263 634 1324 693 isto

313 724 371 782 fine
395 720 506 781 saeculi
528 718 712 799 loquebatur,
736 737 791 779 nec
814 721 935 799 proprie
960 719 1070 780 dixisse
1090 720 1208 780 videtur
1230 739 1324 801 mare,

313 810 364 871 sed
394 817 546 883 tamqnam
573 825 667 869 more.
714 806 853 878 Quamvis
876 814 907 868 et
929 826 1022 887 nuno,
1050 810 1128 869 siout
1152 818 1230 869 amat
1252 827 1320 889 pro·

313 898 429 979 phetioa
461 896 571 956 locutio
602 898 731 976 propriis
764 894 863 955 verbis
890 895 1031 956 translata
1059 899 1185 957 miscere
1214 916 1248 957 no
1278 900 1323 957 sic

278 997 294 1045 5
313 985 439 1065 quodam
463 985 549 1045 modo
568 984 664 1045 velare
684 983 764 1062 quod
786 983 905 1065 dicitur,
928 986 1025 1064 potuit
1047 985 1083 1046 de
1107 984 1157 1045 illo
1180 988 1255 1045 mari
1279 986 1322 1046 di·

313 1093 396 1136 cere:
424 1075 465 1134 Et
490 1091 576 1134 mure
605 1077 666 1134 inm
693 1079 833 1153 nonest,
865 1072 901 1133 de
925 1091 984 1151 qrro
1008 1091 1098 1153 supra
1122 1074 1249 1135 dixerat:
1282 1076 1324 1134 lit

313 1164 452 1225 exhibuit
469 1169 602 1223 mortuos
619 1179 713 1236 mare,
736 1164 840 1235 quiin
862 1179 898 1223 eo
920 1170 1017 1223 erunt.
1064 1161 1124 1221 iam
1147 1166 1226 1223 enim
1250 1172 1324 1224 tunc

313 1271 372 1311 non
407 1253 465 1312 erit
496 1250 553 1310 hoe
585 1249 735 1310 soeculum
768 1252 826 1310 vita
858 1249 1025 1310 mortalium
1058 1249 1264 1311 turbulentum
1293 1259 1326 1311 et

312 1339 521 1420 procellosum,
545 1339 623 1410 urrod
646 1340 737 1399 maris
760 1340 878 1398 nomine
902 1339 1045 1417 figuravit.

263 1582 294 1630 ro
694 1561 811 1629 Carnu
834 1562 938 1629 XVII.

398 1695 445 1755 De
467 1696 614 1755 ecciesiae
634 1696 859 1767 clorificctione
880 1696 947 1753 sine
965 1695 1029 1765 fine
1048 1697 1236 1770 postlimen.

403 1818 444 1877 Et
461 1820 620 1891 civitatem,
639 1818 744 1896 inquit,
762 1833 904 1891 maenam
922 1816 1114 1878 Hierusalem
1133 1835 1240 1878 novam
1259 1820 1330 1879 nidi

315 1908 543 1968 descendentem
577 1908 615 1966 de
647 1908 730 1965 coeio
763 1923 783 1965 α
810 1904 890 1977 Deo,
922 1911 1071 1981 optatam,
1098 1909 1189 1981 qnasi
1214 1924 1325 1967 novum

315 2002 440 2071 nuptam
462 2000 602 2056 ornatam
625 1996 735 2053 marito
757 2010 820 2053 sno.
867 1993 907 2052 Et
929 1996 1036 2054 andini
1057 2011 1158 2055 vocem
1180 2012 1325 2069 mannam

263 2094 295 2141 15
316 2086 353 2143 de
376 2086 484 2144 tireno
507 2084 668 2143 dicentem:
697 2081 780 2142 Ecce
802 2082 1033 2142 tubernaculum
1057 2084 1117 2143 Dei
1138 2100 1206 2143 cnm
1228 2085 1322 2145 bomi-

315 2174 415 2244 nibus,
444 2178 474 2232 et
495 2172 645 2231 dubitabit
671 2188 740 2231 cnm
762 2173 818 2244 eis,
847 2176 877 2231 et
903 2177 995 2231 erunt
1017 2173 1076 2246 ipsi
1093 2175 1223 2247 populns
1247 2176 1327 2247 eins,

315 2267 345 2321 et
371 2264 434 2337 ipse
457 2261 539 2321 Dens
566 2262 625 2320 erit
652 2276 721 2319 cnm
750 2261 802 2319 eis.
848 2258 888 2318 Et
915 2259 1069 2334 absterqet
1090 2277 1205 2321 omnem
1228 2264 1322 2321 lucri-

314 2367 393 2410 mcm
426 2350 464 2409 ab
497 2351 592 2409 oculis
623 2364 743 2418 eoram,-
775 2352 805 2407 et
835 2363 916 2407 mors
949 2350 1009 2406 inm
1041 2365 1101 2408 non
1134 2351 1194 2407 erit
1224 2367 1328 2423 neque

315 2442 413 2499 inctns
439 2456 538 2513 neque
565 2439 694 2510 clamor,
721 2436 777 2495 sed
801 2452 859 2495 nec
887 2437 973 2495 dolor
999 2439 1091 2515 nilus,
1118 2440 1190 2510 quic
1210 2440 1327 2512 priore

262 2538 296 2585 20
316 2528 458 2587 abierunt
510 2526 552 2585 Et
577 2526 658 2585 dixit
683 2526 790 2584 sedens
818 2526 849 2583 in
878 2525 1000 2585 tireno:
1028 2524 1109 2585 Ecce
1136 2542 1214 2585 noun
1234 2522 1323 2600 facio

315 2617 423 2675 omnic.
470 2612 511 2673 lie
530 2611 611 2673 caelo
634 2611 815 2672 descendere
839 2613 894 2670 ista
917 2612 1018 2671 civitas
1042 2611 1158 2691 dicitur,
1182 2615 1327 2691 quoniam

315 2700 451 2761 caelestis
478 2709 524 2760 est
551 2702 658 2781 gratia,
686 2718 743 2779 que
772 2699 850 2759 Deus
879 2716 943 2759 eam
966 2700 1044 2760 iecit.
1090 2699 1216 2778 Propter
1240 2702 1320 2779 quod

316 2791 343 2848 ei
367 2788 439 2848 dicit
461 2790 548 2849 etiam
572 2806 626 2867 per
649 2787 777 2849 Esaiam:
800 2789 866 2862 Epo
888 2804 954 2848 snm
971 2789 1119 2849 Dominus
1138 2787 1260 2864 faciens
1283 2798 1321 2851 te.

316 2875 354 2937 Et
376 2875 412 2935 de
441 2875 522 2936 caelo
550 2875 670 2955 quidem
693 2876 728 2937 ab
752 2878 836 2936 initio
859 2877 906 2935 sui
930 2875 1096 2955 descendit,
1125 2895 1160 2936 ex
1185 2895 1242 2956 quo
1266 2897 1327 2957 per

263 2978 296 3026 25
315 2964 405 3024 huius
429 2963 539 3024 saeculi
561 2971 678 3043 tempus
701 2966 793 3044 gratia
817 2963 869 3023 Dei
893 2963 1021 3043 desuper
1044 2966 1179 3025 veniente
1202 2984 1257 3044 per
1280 2966 1321 3026 ia·

317 3071 436 3113 vacrum
466 3055 697 3131 regenerationis
725 3055 755 3113 in
785 3052 898 3131 Spiritu
926 3061 1027 3113 sancto
1056 3055 1145 3113 misso
1174 3053 1210 3114 de
1239 3054 1325 3115 caelo

316 3140 441 3201 subinde
475 3143 553 3200 cives
583 3143 646 3201 eius
674 3140 858 3201 adcrescunt.
913 3139 971 3200 Sed
1004 3159 1058 3219 per
1087 3141 1229 3202 iudicium
1259 3142 1326 3225 Dei,

316 3229 395 3307 quod
423 3231 481 3289 erit
508 3231 700 3290 novissimum
732 3247 786 3307 per
818 3230 882 3289 eius
911 3228 1003 3289 filium
1034 3228 1130 3290 iesum
1161 3228 1325 3312 Christum,

317 3325 397 3378 tanta
420 3320 484 3378 eius
507 3324 621 3379 ettam
644 3335 718 3377 nora
741 3316 777 3376 de
801 3316 853 3376 Dei
872 3335 996 3377 munere
1019 3316 1136 3378 claritas
1160 3318 1323 3400 apparebit,

264 3418 298 3467 30
316 3413 350 3466 nt
374 3405 452 3466 nullo
475 3413 646 3467 remaneant
669 3405 790 3483 vestigia
813 3407 980 3485 vetustatis3
1008 3405 1125 3483 quando
1149 3406 1267 3484 quidem
1291 3416 1323 3467 et

385 3534 410 3599 1)
429 3533 515 3599 Apoe.
534 3536 560 3598 4,
575 3535 604 3597 63
626 3536 698 3595 142
744 3534 788 3599 21)
807 3531 892 3597 Apoe.
913 3535 955 3597 21,
971 3536 1057 3599 isqq.
1095 3534 1139 3602 23)
1158 3532 1232 3586 Esai.
1247 3539 1291 3602 45,
1301 3540 1327 3590 8.

387 3694 419 3741 15
442 3688 554 3758 throno]
577 3686 655 3741 coelo
676 3705 697 3739 n
716 3688 726 3756 Ι
748 3693 779 3740 17
799 3688 943 3757 absterget
961 3690 1138 3760 EAG-bey
1161 3697 1193 3745 ut
1210 3691 1332 3761 Sinoni,-

315 3760 458 3828 ebsterget
476 3757 550 3811 Deus
569 3774 631 3825 apo
