3284 4459
576 466 617 505 un
632 464 775 507 crmrauu
789 465 841 506 nm
855 465 881 507 n.
895 466 971 506 xm
985 465 1009 507 c.
1022 466 1055 506 aa.
1257 452 1322 517 605

314 608 430 662 creseat
447 599 609 660 indomitus
628 599 799 679 domarique
819 602 876 660 iam
895 601 988 661 durus
1011 608 1063 661 ant
1086 602 1132 661 vix
1155 603 1249 680 possit
1271 610 1323 663 aut

314 685 483 767 (fortasse)
512 705 567 748 nec
594 683 710 767 possit?
755 686 833 758 Quid
860 690 956 767 agitur
980 686 1026 749 bis
1048 691 1152 768 poenis
1175 689 1322 771 omnibus,

314 779 372 837 nisi
395 784 429 837 ut
458 774 622 837 debelletur
649 778 786 855 inperitia
814 785 845 837 et
867 793 956 855 prava
978 777 1123 856 cupiditas
1145 778 1323 859 infrenetur,

313 883 383 926 cum
412 863 520 944 quibus
547 863 631 925 malis
658 866 689 924 in
717 864 774 924 boc
802 864 952 925 saeculum
976 862 1131 927 venimus?
1177 866 1254 937 Quid
1270 859 1324 929 ‘est

313 955 402 1034 euim,
426 952 504 1031 quod
528 970 596 1013 cum
618 952 718 1013 labore
743 955 944 1033 meminimus,
967 955 1031 1013 sine
1053 952 1153 1015 labore
1177 954 1357 1017 oblivisci-t

314 1058 396 1121 mur3
426 1059 494 1101 oum
524 1040 624 1101 labore
654 1041 811 1121 discimus,
842 1043 906 1101 sine
932 1040 1033 1101 labore
1061 1045 1224 1123 nescimus;
1254 1062 1323 1105 cum

314 1128 414 1191 labore
446 1132 574 1210 strenui,
602 1132 665 1190 sine
694 1128 793 1190 labore
821 1132 933 1190 inertes
956 1127 1082 1192 sumus?
1125 1130 1230 1191 Nonne
1253 1132 1323 1193 binc

315 1226 446 1299 apparet,
468 1220 499 1278 in
524 1217 594 1296 quid
617 1217 699 1279 velut
720 1217 852 1296 pondere
876 1236 931 1279 suo
953 1218 1092 1297 proclivis
1115 1228 1146 1279 et
1167 1237 1261 1299 prona
1285 1223 1324 1281 sit

317 1308 418 1367 vitiosa
442 1316 547 1367 natura
570 1314 601 1367 et
624 1315 732 1384 quanta
755 1324 825 1386 ope,
849 1314 883 1367 ut
904 1306 974 1367 binc
997 1306 1150 1388 liberetur,
1172 1305 1323 1387 indigeat?

315 1393 431 1455 Desidia
451 1395 584 1474 segnitia,
606 1396 724 1474 pigritia
743 1394 927 1473 neglegentia
946 1395 1015 1455 vitia
1038 1404 1109 1456 sunt
1130 1397 1234 1473 utique
1258 1399 1321 1475 qui·
1343 1410 1375 1459 ιο

315 1481 371 1544 bus
399 1482 481 1543 labor
507 1482 634 1563 fugitur,
661 1500 730 1544 eum
756 1481 841 1543 labor
866 1485 944 1564 ipso,
971 1485 1060 1543 etiam
1088 1485 1140 1562 qui
1162 1491 1209 1544 est
1231 1484 1322 1565 utilis,

314 1588 409 1650 poena
432 1573 479 1631 sit.

404 1658 463 1720 Sed
486 1667 604 1738 praeter
630 1659 761 1739 pueriles
789 1678 916 1740 poenas,
946 1662 1011 1721 sine
1034 1659 1143 1739 quibus
1166 1659 1240 1720 disci
1263 1679 1323 1722 non

315 1756 414 1827 potest
441 1748 519 1827 quod
549 1750 676 1809 maiores
705 1748 819 1829 volunt,
848 1750 899 1827 qui
927 1750 975 1810 vix
1004 1748 1114 1827 aliquid
1138 1748 1251 1809 utiliter
1274 1767 1322 1809 vo·

315 1834 395 1917 lunt,
425 1844 498 1915 quot
527 1846 557 1897 et
587 1838 704 1915 quantis
734 1838 838 1915 poenis
871 1854 965 1914 genus
995 1839 1124 1915 agitetur
1152 1836 1324 1916 humanum,
1343 1849 1376 1898 15

315 1941 390 2003 quae
421 1942 480 1984 non
510 1923 546 1984 ad
576 1924 715 1986 malitiam
744 1926 965 2003 nequitiamque
992 1927 1178 2005 iniquorum,
1206 1924 1258 1985 sed
1287 1926 1323 1986 ad

316 2012 520 2074 condicionem
542 2014 693 2091 pertinent
716 2014 924 2091 miseriamque
947 2030 1150 2094 communem,
1173 2014 1241 2091 quis
1263 2013 1323 2074 ullo

204 2182 206 2184 Ι
317 2118 454 2161 sermone
496 2096 624 2179 digerit?
665 2103 732 2179 quis
773 2100 833 2162 ulla
873 2103 1050 2179 cogitatione
1087 2098 1324 2181 conprehendit?

317 2187 451 2259 Quantus
474 2196 521 2249 est
543 2196 649 2269 metus,
672 2196 780 2268 quanta
804 2189 953 2250 calamitas
975 2188 1012 2249 ab
1035 2189 1212 2251 orbitatibus
1235 2199 1323 2269 atquo

316 2276 408 2356 luctu,
431 2294 446 2336 a
466 2276 579 2338 damnis
598 2286 629 2338 et
647 2276 892 2357 damnationibus,
915 2295 932 2336 a
950 2276 1175 2356 deceptionibus
1194 2285 1224 2339 et
1243 2296 1322 2339 men·
1343 2291 1377 2341 20

315 2362 409 2425 daciis
426 2364 587 2445 bominum,
609 2364 864 2445 asuspicionibus
881 2365 971 2446 falsis,
994 2364 1030 2427 ab
1053 2366 1192 2427 omnibus
1214 2366 1322 2427 violen-

316 2455 355 2513 tis
385 2451 564 2514 facinoribus
597 2461 628 2514 et
654 2452 817 2515 sceleribus
845 2452 961 2515 alienisl
993 2454 1111 2532 quando
1139 2454 1259 2533 quidem
1286 2454 1324 2516 ab

317 2543 361 2602 eis
384 2548 415 2603 et
437 2540 625 2620 depraedatio
649 2549 680 2602 et
707 2544 877 2621 captivitas,
901 2550 931 2603 et
953 2542 1048 2603 vincla
1071 2551 1102 2602 et
1124 2560 1270 2624 carceres,
1292 2552 1324 2604 et

316 2629 401 2690 exilia
431 2638 461 2691 et
487 2632 651 2710 cruciatus,
679 2638 709 2691 et
736 2632 897 2709 amputatio
920 2629 1122 2691 membrorum
1146 2639 1176 2691 et
1198 2633 1323 2710 privatio

269 2728 274 2743 ·
317 2736 475 2793 sensuum,
505 2727 535 2779 et
566 2720 719 2798 oppressio
752 2720 887 2797 corporis
916 2716 952 2778 ad
982 2717 1140 2779 obscenam
1171 2718 1323 2781 libidinem
1342 2732 1376 2781 25

316 2808 511 2885 opprimentis
534 2806 706 2886 explendam
730 2813 760 2867 et
781 2805 839 2867 alia
861 2805 952 2867 multa
973 2805 1121 2868 borrenda
1143 2825 1230 2888 saepe
1254 2826 1323 2870 con·

317 2896 443 2973 tingunt.
489 2890 588 2964 Quid?
606 2894 642 2955 ab
656 2894 821 2955 innumeris
842 2892 960 2955 casibus
978 2912 1053 2973 quae
1073 2895 1239 2956 forinsecus
1258 2914 1322 2957 cor·

316 2983 382 3061 pori
414 2982 625 3063 formidantur,
661 2981 792 3045 aestibus
828 2989 859 3043 ot
889 2982 1066 3065 frigoribus,
1098 2983 1323 3063 tempestatibus

316 3068 462 3131 imbribus
484 3069 702 3151 adluvionibus,
725 3071 930 3131 coruscatione
954 3073 1081 3152 tonitru,
1103 3072 1245 3150 grandine
1267 3072 1322 3133 ful·

317 3160 409 3235 mine,
438 3156 566 3219 motibus
593 3156 781 3236 hiatibusque
805 3165 971 3238 terrarum,
997 3158 1239 3238 oppressionibus
1262 3162 1322 3222 rui·
1341 3172 1376 3221 80

317 3264 437 3327 narum,
467 3244 504 3307 ab
534 3245 746 3307 offensionibus
774 3254 804 3306 et
831 3264 939 3325 pavore
967 3246 1012 3307 vel
1035 3248 1124 3307 etiam
1146 3247 1255 3308 malitia
1277 3250 1322 3309 iu·

317 3343 503 3415 mentorum,
534 3352 552 3395 a
583 3343 627 3396 tot
657 3335 780 3395 venenis
811 3334 954 3394 fruticum
985 3350 1148 3415 aquarum,
1183 3353 1323 3397 aurarum

386 3538 402 3587 2
425 3532 545 3587 fortasse
568 3548 617 3587 om.
638 3533 665 3587 R
683 3532 692 3601 ll
710 3537 727 3586 8
745 3530 775 3584 in
794 3529 865 3599 quid
883 3530 912 3586 R
927 3530 968 3585 ed.
983 3532 1093 3586 ltlrcem.
1111 3550 1139 3599 υς
1162 3532 1192 3586 in
1211 3550 1267 3602 quo
1284 3535 1325 3588 ed.

311 3606 415 3675 primu
433 3603 526 3671 inquit
544 3603 654 3673 aucep
695 3604 704 3671 ΙΙ
722 3618 808 3670 quam
825 3599 959 3671 proclidio
976 3619 1018 3672 pp
1035 3604 1152 3670 Hoffm.;
1171 3618 1256 3673 quam
1274 3620 1324 3659 om.

316 3676 398 3731 RA'e
411 3675 468 3729 rell.
482 3674 522 3728 cd.
529 3674 644 3743 prinus
664 3674 817 3728 mama
831 3674 840 3742 ΙΙ
854 3676 889 3726 to
903 3672 1037 3742 segnities
1047 3690 1065 3729 o
1077 3674 1087 3742 ll
1101 3679 1134 3726 23
1148 3673 1243 3728 uincla
1253 3675 1326 3743 RG3

314 3744 429 3801 uincula
443 3746 492 3800 Ao
504 3748 514 3815 ΙΙ
528 3750 561 3798 2⁷
580 3760 654 3813 queo
667 3742 871 3814 RAGue¹gp3
890 3744 941 3811 qui
959 3744 1051 3800 abe¹o
1063 3747 1073 3815 ll
1087 3749 1119 3798 31
1140 3743 1291 3800 offensione
1309 3764 1327 3803 c
