3284 4459
556 501 597 541 nn
611 500 755 542 otvrrnrs
767 501 822 542 om
835 503 860 543 o
874 502 936 542 xcx.
950 501 973 543 o.
987 503 1019 544 aa.
1231 489 1297 555 399

293 634 455 694 doctissimi
478 636 662 716 praedicant,
685 636 822 696 audiatur
844 638 984 697 timeatur
1006 638 1171 717 impleatur,
1195 656 1231 699 ne
1254 641 1298 699 in-

292 720 484 783 oboedientes
512 724 669 784 eradicatio
701 734 908 803 consequatur.
961 725 1164 801 sacrificans,
1193 729 1299 807 inquit,

292 813 352 872 diis
371 813 583 873 eradicabitur
600 815 661 874 nisi
678 813 804 874 Domino
828 820 961 884 tamum,-
983 830 1042 873 non
1066 832 1125 892 qno
1149 816 1191 874 rei
1214 824 1299 893 egeat

292 899 425 979 alicuius,
449 899 499 960 sed
524 902 592 979 qnia
616 900 701 961 nobis
724 898 852 979 expedit,
874 909 908 962 ut
931 919 980 961 res
1002 903 1067 962 eins
1090 904 1191 963 simus.
1222 902 1299 964 lluic

292 990 371 1048 enim
395 991 512 1049 canitur
533 991 565 1050 in
584 991 676 1050 sacris
699 989 806 1050 litteris
824 989 1041 1051 Hebraeorum:
1064 991 1140 1051 Drkct'
1156 992 1334 1053 Dominoro

291 1078 375 1138 Deus
402 1094 484 1138 meus
511 1095 543 1139 es
566 1085 611 1154 tu,
639 1082 781 1153 qnoniam
808 1079 955 1139 bonorum
982 1095 1115 1139 meorum
1137 1096 1197 1140 noa
1221 1098 1299 1155 aper.

291 1164 388 1225 liuius
415 1173 513 1226 autem
540 1166 806 1246 praeclarissimum
836 1174 924 1244 atque
955 1168 1098 1245 optimum
1123 1168 1298 1228 sacriticium

292 1271 347 1313 nos
371 1255 427 1332 ipsi
451 1272 562 1335 snmus,
585 1254 642 1315 boc
660 1262 706 1315 εει
730 1256 831 1314 civitas
854 1256 928 1333 eins,
951 1257 1036 1314 cuins
1059 1255 1103 1314 rei
1127 1257 1298 1336 mysterium

292 1340 477 1402 celebramus
495 1341 692 1404 oblationibus
711 1345 831 1424 nostris,
854 1361 929 1421 qnae
952 1341 1088 1403 fidelibus
1111 1353 1197 1404 notae
1221 1352 1299 1425 sunt,

291 1432 370 1491 sicut
401 1432 431 1490 in
463 1429 547 1491 libris
578 1430 825 1510 praecedentibus
854 1431 1075 1511 disputavimus.
1126 1430 1299 1493 cessaturas
1320 1446 1352 1495 ιο

292 1520 372 1579 enim
395 1519 537 1600 victimas,
560 1522 685 1598 quasin
709 1518 813 1580 umbra
837 1520 930 1580 luturi
953 1518 1116 1580 offerebant
1137 1519 1246 1600 ludaei,
1269 1528 1300 1581 et

291 1625 387 1667 unum
414 1607 590 1668 sacrificinm
618 1615 721 1687 gentes
744 1626 761 1668 a
785 1608 855 1668 solis
882 1616 950 1668 ortu
973 1625 1069 1686 usque
1093 1608 1129 1669 ad
1152 1627 1299 1688 occasum,

291 1697 371 1755 sicut
402 1697 458 1756 iam
496 1696 559 1756 lieri
591 1698 755 1778 cernimus,
792 1695 940 1756 oblaturas
972 1715 1026 1776 per
1053 1696 1212 1776 prophetas
1242 1689 1298 1757 lle·

291 1781 398 1843 bracos
434 1784 552 1845 oracula
588 1785 764 1863 increpuere
801 1784 911 1865 divina3
948 1803 984 1845 ex
1016 1784 1124 1864 quibus
1157 1793 1299 1865 quantum

292 1874 363 1932 satis
395 1873 489 1932 risum
523 1881 581 1951 εει,
614 1872 753 1932 nonnulla
780 1872 958 1952 protulimus
985 1882 1016 1933 et
1043 1873 1114 1934 huic
1135 1877 1193 1935 iam
1216 1876 1352 1953 operito

292 1960 502 2038 adspersimus.
548 1959 736 2040 Quapropter
756 1960 805 2021 ubi
825 1979 884 2020 non
908 1970 954 2021 est
975 1964 1031 2022 ista
1055 1963 1175 2044 iustitia,
1198 1971 1232 2024 nt
1254 1981 1299 2023 se·

293 2048 423 2109 cundum
456 2067 539 2110 suam
570 2051 694 2127 gratiam
726 2051 837 2109 civitati
866 2047 1034 2110 oboedienti
1063 2049 1142 2110 Deus
1174 2051 1301 2129 imperet

293 2155 372 2198 unus
396 2145 426 2198 et
448 2155 595 2220 summus,
622 2155 659 2197 ne
688 2139 825 2215 cuiquam
849 2137 995 2198 sacrificet
1017 2139 1075 2198 nisi
1098 2146 1211 2199 tantum
1235 2138 1300 2219 sibi,

293 2233 324 2286 et
351 2245 405 2308 per
431 2223 487 2286 boc
514 2227 545 2286 in
573 2224 709 2286 omnibus
741 2224 910 2286 bominibus
938 2225 972 2285 ad
1002 2225 1125 2286 eandem
1152 2227 1300 2286 civitatem

291 2312 511 2395 pertinentibus
541 2323 628 2394 atque
652 2311 878 2374 oboedientibus
901 2312 961 2373 lieo
985 2315 1100 2374 animus
1123 2316 1211 2374 etiam
1234 2332 1299 2374 cor·
1318 2331 1352 2381 ao

292 2407 359 2484 pori
388 2412 476 2482 atque
505 2405 580 2462 ratio
609 2403 685 2462 vitiis
713 2402 815 2462 ordine
849 2400 980 2480 legitimo
1007 2400 1134 2462 lideliter
1160 2403 1300 2482 imperet3

293 2503 340 2575 ιιι,
368 2510 457 2571 quem
480 2491 515 2552 ad
538 2490 657 2550 modurn
681 2492 778 2551 iustus
801 2508 893 2572 unus,
924 2491 964 2550 ita
987 2497 1091 2551 coetus
1113 2489 1299 2569 populusque

292 2584 441 2643 iustorum
472 2581 548 2640 vivat
580 2597 615 2639 ex
643 2578 713 2658 lide,
745 2596 819 2657 quae
853 2589 992 2658 operatur
1020 2595 1074 2657 por
1103 2577 1300 2659 dilectionem,

294 2688 351 2749 qnia
383 2669 471 2729 homo
503 2668 599 2746 diligit
631 2666 737 2746 licum,
770 2669 848 2727 sicut
879 2666 1046 2746 diligendus
1072 2674 1119 2727 εει
1145 2665 1239 2749 Deus,
1270 2675 1301 2728 et

292 2761 462 2839 proximum
491 2758 568 2816 sicut
594 2763 688 2816 semet
715 2757 826 2836 ipsum,
851 2787 889 2798 -
915 2754 966 2815 ubi
994 2772 1064 2834 ergo
1093 2772 1152 2816 non
1176 2764 1221 2816 est
1244 2755 1299 2816 ista
1318 2769 1352 2820 at

292 2849 418 2928 iustitia,
446 2845 579 2925 proiecto
603 2861 661 2904 non
685 2850 731 2903 εει
754 2852 857 2904 coetus
880 2843 1032 2904 bominum
1055 2845 1129 2905 iuris
1151 2861 1299 2904 consensu

293 2945 324 2998 ει
348 2934 482 2995 utilitatis
505 2934 711 2993 communione
735 2933 872 2992 sociatus.
918 2930 1003 3001 Quod
1027 2934 1052 2992 si
1075 2950 1135 2993 non
1158 2940 1219 3011 est,
1242 2934 1299 2992 uti·

293 3042 351 3104 que
380 3021 507 3102 populns
534 3038 594 3081 non
624 3028 683 3100 εει,
715 3021 741 3081 si
768 3037 837 3080 vera
864 3026 911 3080 est
936 3020 1009 3080 baec
1036 3019 1136 3100 populi
1160 3020 1299 3081 delinitio.

292 3111 372 3191 Ergo
396 3129 450 3171 nec
473 3127 522 3170 res
545 3107 661 3188 publica
689 3115 751 3188 εει,
782 3109 850 3187 quia
878 3125 927 3168 res
950 3108 1051 3187 populi
1074 3125 1134 3170 non
1157 3116 1219 3192 εει,
1248 3107 1299 3168 ubi

292 3204 355 3281 lpse
379 3197 506 3278 populus
528 3215 587 3258 non
611 3206 664 3258 εει
1319 3211 1353 3262 eo

365 3307 1160 3422 nfflmamoememmmmm

365 3525 465 3582 lbuic
483 3541 551 3592 nram
569 3523 641 3579 Hinc
658 3526 698 3594 ”ll
716 3527 750 3576 ιδ
769 3537 799 3575 se
817 3537 853 3588 ep
