3284 4459
342 506 383 566 14
746 516 947 561 suueusrnn

739 699 858 767 Onru‘r
881 700 953 767 VII.

369 832 508 891 Amorem
531 838 561 892 et
582 833 772 892 dilectionem
794 830 1008 904 indifferenter
1030 837 1062 891 et
1081 833 1116 891 in
1137 832 1215 891 bono
1236 838 1267 892 et
1288 834 1322 891 in

533 923 613 980 mulo
636 921 721 995 opud
741 935 850 979 socrus
871 922 991 979 litteras
1013 921 1152 980 inveniri.

428 1042 501 1103 Nem
530 1044 614 1103 euius
641 1043 828 1122 propositum
855 1050 901 1103 est
928 1059 1025 1101 amare
1049 1040 1143 1103 Deum
1166 1049 1196 1102 et
1218 1061 1278 1102 non
1302 1061 1348 1103 se·

305 1132 470 1193 boundnm
489 1130 648 1211 hominem,
671 1130 722 1191 sed
746 1129 909 1191 seeundum
933 1128 1027 1189 Deum
1050 1147 1148 1190 amare
1170 1132 1349 1212 proximum,

340 1222 418 1280 sicut
435 1222 523 1279 etiem
542 1237 574 1279 se
593 1220 705 1297 ipsum:
727 1218 833 1298 procul
854 1216 944 1278 dubio
962 1218 1090 1297 'propter
1114 1217 1193 1278 hune
1216 1218 1347 1280 amorem

340 1308 449 1368 dieitur
467 1306 625 1367 voluntatis
643 1304 747 1387 bonae,
765 1324 841 1385 quae
860 1308 998 1367 usitatius
1016 1308 1047 1366 in
1066 1307 1223 1385 seripturis
1237 1309 1348 1368 sanetis

339 1397 447 1457 ceritas
479 1394 654 1475 appellatum
686 1394 739 1455 sed
770 1412 853 1454 emor
881 1412 998 1473 quoque
1031 1394 1196 1455 seeundum
1227 1395 1348 1455 easdem

340 1502 438 1545 sacres
460 1484 574 1544 litteras
601 1482 718 1544 dieitur.
763 1482 837 1543 Nem
868 1490 897 1543 et
920 1491 1080 1544 amatorem
1103 1482 1174 1543 boni
1196 1483 1347 1563 apostolus

288 1583 321 1632 10
340 1573 412 1633 dicit
435 1590 500 1633 esse
523 1570 646 1652 debere,
674 1589 763 1650 quem
786 1570 915 1650 regendo
938 1570 1048 1651 populo
1070 1573 1214 1651 praecipit
1237 1571 1346 1651 eligen-

340 1662 420 1744 dum,
442 1668 473 1721 et
490 1662 554 1740 ipse
573 1658 716 1720 Dominus
733 1658 856 1720 Petrum
879 1659 1045 1737 apostolum
1067 1662 1254 1739 interrogans
1277 1677 1347 1721 oum

340 1749 477 1810 dixisset:
503 1750 614 1823 odinis
635 1765 683 1808 me
701 1751 771 1825 pins
793 1744 862 1809 itis?
888 1746 938 1808 ille
960 1748 1127 1827 respondit:
1154 1749 1290 1823 Domine,
1314 1756 1346 1810 tn

339 1841 400 1899 sois
431 1840 504 1913 quio
535 1850 603 1897 omo
635 1844 681 1909 te;
713 1843 743 1896 et
774 1837 884 1896 iterum
916 1835 1058 1897 Dominus
1090 1833 1250 1918 quaesivit,
1286 1855 1346 1898 uon

340 1934 441 1987 utrum
468 1933 593 2005 amaret,
625 1924 677 1984 sed
705 1934 806 1985 utrum
834 1922 970 2003 diligeret
996 1941 1065 1985 eum
1095 1923 1217 2005 Petrus3
1245 1933 1275 1984 nt
1296 1924 1346 1985 ille

288 2024 321 2074 15
340 2013 494 2093 respondit
519 2015 642 2074 iterum:
669 2014 809 2092 Domine,
840 2020 872 2072 m
899 2016 960 2073 seis
986 2016 1059 2087 quio
1087 2030 1154 2074 omo
1182 2020 1228 2084 te;
1258 2015 1347 2074 tertia

339 2120 410 2162 vero
437 2103 669 2180 interrogatione
698 2109 728 2162 et
750 2102 814 2180 ipse
838 2100 921 2160 lesus
944 2118 1004 2160 non
1027 2102 1081 2161 ait:
1106 2099 1231 2181 „Diligis
1254 2096 1347 2161 me?“

340 2190 405 2251 sed:
428 2192 520 2250 Amos
541 2192 609 2250 me?
637 2188 689 2249 ubi
716 2197 838 2249 secutus
861 2190 901 2249 ait
923 2188 1114 2269 evangelista:
1145 2190 1348 2250 Contristntns

339 2285 385 2340 est
402 2280 520 2352 Petrus,
543 2282 617 2352 qnia
635 2279 716 2338 dixit
733 2281 763 2338 ei
784 2280 890 2339 tertio:
912 2279 1004 2338 Amos
1025 2280 1093 2337 me?
1116 2295 1186 2338 enm
1203 2276 1347 2338 Dominus

340 2385 398 2427 non
412 2368 510 2440 tertio,
534 2366 586 2427 sed
601 2366 692 2427 semel
707 2366 828 2426 dixerit:
847 2366 939 2426 Amus
952 2361 1020 2427 me?
1043 2364 1089 2425 bis
1108 2374 1206 2426 autem
1225 2365 1347 2427 dixerit:

286 2465 321 2516 20
339 2457 450 2530 Diligis
468 2454 538 2517 me?
574 2453 657 2514 Unde
687 2453 898 2532 intellegimus,
926 2453 1005 2532 quod
1028 2456 1208 2514 etiamnum
1231 2452 1347 2515 dicebat

339 2542 496 2604 Dominus:
529 2544 639 2618 Diligis
665 2545 732 2607 mei
764 2541 838 2602 nihil
866 2541 944 2602 eliud
974 2540 1091 2602 dicebat
1120 2560 1221 2621 quum:
1253 2544 1347 2603 Amos

339 2634 405 2693 me?
436 2630 544 2691 Petrus
573 2640 754 2692 autemnon
777 2632 900 2691 mutavit
923 2629 1012 2690 huius
1035 2632 1124 2690 unius
1147 2632 1191 2690 rei
1213 2629 1347 2711 verbum,

340 2720 392 2780 sed
415 2721 504 2780 etiem
527 2721 628 2781 tertio:
652 2720 790 2793 Domine,
813 2720 924 2798 inquit,
946 2725 978 2779 tn
1001 2721 1104 2779 omnin
1124 2721 1201 2793 seis,
1230 2725 1264 2779 in
1285 2722 1347 2780 seis

339 2812 413 2885 qnia
435 2824 503 2868 nmo
526 2814 563 2867 te.

287 2906 321 2956 no
430 2894 493 2956 Hoc
520 2902 677 2973 propterea
707 2893 997 2955 commemorandum
1024 2895 1140 2974 putavi,
1172 2896 1241 2974 quia
1272 2913 1346 2957 non-

340 2983 412 3045 nulli
445 2981 626 3043 arbitrantur
658 2982 735 3044 eliud
773 3000 839 3043 esse
871 2982 1058 3044 dilectionem
1091 2984 1151 3042 sive
1185 2985 1347 3064 caritatem,

340 3072 418 3133 aliud
437 3089 574 3132 umorem.
620 3069 729 3132 Dicunt
746 3073 826 3131 enim
848 3070 1036 3131 dilectionem
1058 3071 1259 3149 accipiendam
1278 3089 1346 3132 esse

340 3163 371 3221 in
393 3159 481 3241 bono,
503 3177 634 3220 amorem
652 3162 683 3219 in
702 3158 786 3219 mulo.
833 3158 883 3219 Sic
906 3166 1005 3219 autem
1027 3177 1083 3219 neo
1106 3160 1187 3238 ipsos
1209 3168 1346 3220 suctores

341 3248 534 3310 saecularium
557 3246 723 3308 litterarum
746 3246 861 3308 locutos
884 3264 949 3308 esse
973 3248 1173 3308 certissimum
1195 3256 1249 3309 est.
1286 3245 1346 3308 Sed

286 3348 321 3398 30
339 3336 467 3397 viderint
484 3334 653 3416 philosophi
672 3343 772 3397 utrum
796 3335 842 3395 vel
865 3353 922 3414 qua
944 3337 1059 3395 ratione
1081 3337 1138 3396 iste
1161 3336 1347 3416 discernent:

339 3443 468 3485 amorem
497 3432 595 3485 tamen
623 3441 674 3484 eos
700 3425 732 3484 in
759 3422 846 3483 bonis
873 3422 964 3484 rebus
987 3432 1017 3484 et
1040 3440 1110 3503 erge
1131 3425 1230 3503 ipsum
1253 3424 1347 3485 Deum

410 3558 453 3625 11)
474 3561 497 3609 1.
512 3554 582 3608 Tim.
602 3559 728 3623 3,1sqq.
783 3556 829 3623 nt)
846 3553 885 3607 Io.
905 3560 948 3623 21,
964 3559 997 3608 15
1007 3572 1067 3623 sqq.

410 3712 426 3761 ‘l
445 3705 550 3761 sanetis
567 3722 622 3760 mss
639 3708 741 3775 (pompe.
757 3707 863 3774 p.17);
880 3704 967 3759 seems
980 3721 996 3759 o
1010 3706 1020 3774 ΙΙ
1034 3710 1067 3759 12
1086 3704 1151 3774 plus
1170 3705 1194 3759 is
1210 3705 1264 3772 V¹3
1282 3706 1347 3774 plus

338 3795 423 3849 quum
440 3778 471 3832 hi
487 3777 527 3832 Fl
545 3777 554 3846 ΙΙ
573 3781 606 3829 16
624 3775 699 3829 iesus
717 3791 783 3842 ntes:
805 3775 963 3830 dominuso
981 3777 991 3845 l
1009 3781 1043 3829 23
1061 3778 1094 3830 tu
1113 3775 1179 3847 sois]
1198 3778 1231 3830 tu
1249 3777 1350 3832 nonnil
