<?xml version="1.0" encoding="UTF-8"?>
<!DOCTYPE html PUBLIC "-//W3C//DTD XHTML 1.0 Transitional//EN"
    "http://www.w3.org/TR/xhtml1/DTD/xhtml1-transitional.dtd">
<html xmlns="http://www.w3.org/1999/xhtml" xml:lang="en" lang="en">
 <head>
  <title>
</title>
<meta http-equiv="Content-Type" content="text/html;charset=utf-8" />
  <meta name='ocr-system' content='tesseract 3.04.00' />
  <meta name='ocr-capabilities' content='ocr_page ocr_carea ocr_par ocr_line ocrx_word'/>
</head>
<body>
  <div class='ocr_page' id='page_1' title='image "./sanctiaureliiau11augugoog_0386.png"; bbox 0 0 3284 4459; ppageno 0'>
   <div class='ocr_carea' id='block_1_1' title="bbox 348 447 947 509">
    <p class='ocr_par' dir='ltr' id='par_1_1' title="bbox 348 447 947 509">
     <span class='ocr_line' id='line_1_1' title="bbox 348 447 947 509; baseline -0.018 0"><span class='ocrx_word' id='word_1_1' title='bbox 348 447 413 509; x_wconf 87' lang='grc'><strong>366</strong></span> <span class='ocrx_word' id='word_1_2' title='bbox 745 457 768 499; x_wconf 85' lang='lat' dir='ltr'><strong>s.</strong></span> <span class='ocrx_word' id='word_1_3' title='bbox 782 456 947 500; x_wconf 74' lang='lat' dir='ltr'><strong>Antinoum</strong></span> 
     </span>
    </p>
   </div>
   <div class='ocr_carea' id='block_1_2' title="bbox 742 622 955 690">
    <p class='ocr_par' dir='ltr' id='par_1_2' title="bbox 742 622 955 690">
     <span class='ocr_line' id='line_1_2' title="bbox 742 622 955 690; baseline -0.005 0"><span class='ocrx_word' id='word_1_4' title='bbox 742 622 862 690; x_wconf 70' lang='lat' dir='ltr'><strong>Carnu</strong></span> <span class='ocrx_word' id='word_1_5' title='bbox 881 622 955 689; x_wconf 87' lang='lat' dir='ltr'><strong>VII.</strong></span> 
     </span>
    </p>
   </div>
   <div class='ocr_carea' id='block_1_3' title="bbox 349 750 1363 914">
    <p class='ocr_par' dir='ltr' id='par_1_3' title="bbox 349 750 1363 914">
     <span class='ocr_line' id='line_1_3' title="bbox 349 750 1363 827; baseline -0.006 -14"><span class='ocrx_word' id='word_1_6' title='bbox 349 753 396 813; x_wconf 70' lang='lat' dir='ltr'><strong>be</strong></span> <span class='ocrx_word' id='word_1_7' title='bbox 409 755 584 813; x_wconf 84' lang='lat' dir='ltr'><strong>diversitate</strong></span> <span class='ocrx_word' id='word_1_8' title='bbox 598 755 780 827; x_wconf 70' lang='lat' dir='ltr'><strong>linguarum,</strong></span> <span class='ocrx_word' id='word_1_9' title='bbox 799 770 860 826; x_wconf 83' lang='lat' dir='ltr'><strong>qua</strong></span> <span class='ocrx_word' id='word_1_10' title='bbox 879 755 1011 812; x_wconf 82' lang='lat' dir='ltr'><strong>societas</strong></span> <span class='ocrx_word' id='word_1_11' title='bbox 1021 750 1174 810; x_wconf 81' lang='lat' dir='ltr'><strong>bominum</strong></span> <span class='ocrx_word' id='word_1_12' title='bbox 1185 751 1363 824; x_wconf 79' lang='lat' dir='ltr'><strong><em>dirimatur,</em></strong></span> 
     </span>
     <span class='ocr_line' id='line_1_4' title="bbox 397 842 1307 914; baseline 0 -13"><span class='ocrx_word' id='word_1_13' title='bbox 397 849 428 902; x_wconf 87' lang='lat' dir='ltr'><strong>et</strong></span> <span class='ocrx_word' id='word_1_14' title='bbox 450 843 488 901; x_wconf 83' lang='lat' dir='ltr'><strong>de</strong></span> <span class='ocrx_word' id='word_1_15' title='bbox 510 844 634 901; x_wconf 80' lang='lat' dir='ltr'><strong>miseria</strong></span> <span class='ocrx_word' id='word_1_16' title='bbox 657 842 810 914; x_wconf 83' lang='lat' dir='ltr'><strong>bellorum,</strong></span> <span class='ocrx_word' id='word_1_17' title='bbox 834 843 925 900; x_wconf 85' lang='lat' dir='ltr'><strong>etiam</strong></span> <span class='ocrx_word' id='word_1_18' title='bbox 947 857 1026 914; x_wconf 83' lang='lat' dir='ltr'><strong>quoe</strong></span> <span class='ocrx_word' id='word_1_19' title='bbox 1049 843 1129 900; x_wconf 84' lang='lat' dir='ltr'><strong>iusto</strong></span> <span class='ocrx_word' id='word_1_20' title='bbox 1152 843 1307 901; x_wconf 82' lang='lat' dir='ltr'><strong>dicuutur.</strong></span> 
     </span>
    </p>
   </div>
   <div class='ocr_carea' id='block_1_4' title="bbox 298 962 1381 2190">
    <p class='ocr_par' dir='ltr' id='par_1_4' title="bbox 437 962 1360 1046">
     <span class='ocr_line' id='line_1_5' title="bbox 437 962 1360 1046; baseline 0 -21"><span class='ocrx_word' id='word_1_21' title='bbox 437 963 509 1025; x_wconf 87' lang='lat' dir='ltr'><strong>Post</strong></span> <span class='ocrx_word' id='word_1_22' title='bbox 536 966 684 1026; x_wconf 88' lang='lat' dir='ltr'><strong>civitatem</strong></span> <span class='ocrx_word' id='word_1_23' title='bbox 712 963 756 1024; x_wconf 90' lang='lat' dir='ltr'><strong>vel</strong></span> <span class='ocrx_word' id='word_1_24' title='bbox 784 963 890 1025; x_wconf 91' lang='lat' dir='ltr'><strong>urbem</strong></span> <span class='ocrx_word' id='word_1_25' title='bbox 916 965 1052 1040; x_wconf 88' lang='lat' dir='ltr'><strong>sequitur</strong></span> <span class='ocrx_word' id='word_1_26' title='bbox 1082 962 1164 1024; x_wconf 87' lang='lat' dir='ltr'><strong>orbis</strong></span> <span class='ocrx_word' id='word_1_27' title='bbox 1187 971 1299 1046; x_wconf 84' lang='lat' dir='ltr'><strong>terrae,</strong></span> <span class='ocrx_word' id='word_1_28' title='bbox 1326 967 1360 1026; x_wconf 92' lang='lat' dir='ltr'><strong>ln</strong></span> 
     </span>
    </p>

    <p class='ocr_par' dir='ltr' id='par_1_5' title="bbox 298 1051 1381 2190">
     <span class='ocr_line' id='line_1_6' title="bbox 314 1051 1359 1133; baseline 0 -19"><span class='ocrx_word' id='word_1_29' title='bbox 314 1063 408 1133; x_wconf 72' lang='lat' dir='ltr'><strong>aquo</strong></span> <span class='ocrx_word' id='word_1_30' title='bbox 432 1055 554 1114; x_wconf 88' lang='lat' dir='ltr'><strong>tertium</strong></span> <span class='ocrx_word' id='word_1_31' title='bbox 576 1052 699 1130; x_wconf 86' lang='lat' dir='ltr'><strong>gradum</strong></span> <span class='ocrx_word' id='word_1_32' title='bbox 721 1059 837 1131; x_wconf 89' lang='lat' dir='ltr'><strong>ponunt</strong></span> <span class='ocrx_word' id='word_1_33' title='bbox 859 1053 1010 1112; x_wconf 87' lang='lat' dir='ltr'><strong>societatis</strong></span> <span class='ocrx_word' id='word_1_34' title='bbox 1032 1051 1193 1132; x_wconf 89' lang='lat' dir='ltr'><strong>humanae,</strong></span> <span class='ocrx_word' id='word_1_35' title='bbox 1214 1055 1359 1133; x_wconf 82' lang='lat' dir='ltr'><strong>incipien-</strong></span> 
     </span>
     <span class='ocr_line' id='line_1_7' title="bbox 350 1138 1359 1220; baseline 0 -18"><span class='ocrx_word' id='word_1_36' title='bbox 350 1150 396 1202; x_wconf 90' lang='lat' dir='ltr'><strong>tes</strong></span> <span class='ocrx_word' id='word_1_37' title='bbox 419 1159 435 1200; x_wconf 92' lang='lat' dir='ltr'><strong>a</strong></span> <span class='ocrx_word' id='word_1_38' title='bbox 458 1141 656 1218; x_wconf 86' lang='lat' dir='ltr'><strong>damnatque</strong></span> <span class='ocrx_word' id='word_1_39' title='bbox 678 1141 747 1202; x_wconf 90' lang='lat' dir='ltr'><strong>inde</strong></span> <span class='ocrx_word' id='word_1_40' title='bbox 769 1139 806 1200; x_wconf 92' lang='lat' dir='ltr'><strong>ad</strong></span> <span class='ocrx_word' id='word_1_41' title='bbox 830 1139 949 1219; x_wconf 89' lang='lat' dir='ltr'><strong>urbem,</strong></span> <span class='ocrx_word' id='word_1_42' title='bbox 975 1138 1082 1200; x_wconf 89' lang='lat' dir='ltr'><strong>deinde</strong></span> <span class='ocrx_word' id='word_1_43' title='bbox 1105 1139 1141 1200; x_wconf 92' lang='lat' dir='ltr'><strong>ad</strong></span> <span class='ocrx_word' id='word_1_44' title='bbox 1163 1140 1269 1202; x_wconf 85' lang='lat' dir='ltr'><strong>orbem</strong></span> <span class='ocrx_word' id='word_1_45' title='bbox 1291 1156 1359 1220; x_wconf 80' lang='lat' dir='ltr'><strong>pro</strong></span> 
     </span>
     <span class='ocr_line' id='line_1_8' title="bbox 349 1229 1361 1310; baseline -0.001 -20"><span class='ocrx_word' id='word_1_46' title='bbox 349 1229 511 1309; x_wconf 81' lang='lat' dir='ltr'><strong>gradiendo</strong></span> <span class='ocrx_word' id='word_1_47' title='bbox 530 1232 694 1308; x_wconf 67' lang='lat' dir='ltr'><strong>venientem</strong></span> <span class='ocrx_word' id='word_1_48' title='bbox 717 1231 769 1306; x_wconf 89' lang='lat' dir='ltr'><strong>qui</strong></span> <span class='ocrx_word' id='word_1_49' title='bbox 791 1230 905 1308; x_wconf 87' lang='lat' dir='ltr'><strong>utique,</strong></span> <span class='ocrx_word' id='word_1_50' title='bbox 928 1230 1006 1289; x_wconf 89' lang='lat' dir='ltr'><strong>sicut</strong></span> <span class='ocrx_word' id='word_1_51' title='bbox 1027 1245 1172 1306; x_wconf 88' lang='lat' dir='ltr'><strong>aquarum</strong></span> <span class='ocrx_word' id='word_1_52' title='bbox 1193 1232 1361 1310; x_wconf 76' lang='lat' dir='ltr'><strong>congeries,</strong></span> 
     </span>
     <span class='ocr_line' id='line_1_9' title="bbox 350 1315 1360 1398; baseline -0.001 -19"><span class='ocrx_word' id='word_1_53' title='bbox 350 1327 460 1398; x_wconf 88' lang='lat' dir='ltr'><strong>quanto</strong></span> <span class='ocrx_word' id='word_1_54' title='bbox 489 1321 582 1378; x_wconf 91' lang='lat' dir='ltr'><strong>maior</strong></span> <span class='ocrx_word' id='word_1_55' title='bbox 610 1325 668 1392; x_wconf 88' lang='lat' dir='ltr'><strong>est,</strong></span> <span class='ocrx_word' id='word_1_56' title='bbox 701 1323 782 1377; x_wconf 86' lang='lat' dir='ltr'><strong>tanto</strong></span> <span class='ocrx_word' id='word_1_57' title='bbox 810 1315 953 1396; x_wconf 88' lang='lat' dir='ltr'><strong>periculis</strong></span> <span class='ocrx_word' id='word_1_58' title='bbox 980 1315 1103 1395; x_wconf 78' lang='lat' dir='ltr'><strong>plenior.</strong></span> <span class='ocrx_word' id='word_1_59' title='bbox 1147 1315 1181 1376; x_wconf 91' lang='lat' dir='ltr'><strong>ln</strong></span> <span class='ocrx_word' id='word_1_60' title='bbox 1210 1335 1272 1395; x_wconf 87' lang='lat' dir='ltr'><strong>quo</strong></span> <span class='ocrx_word' id='word_1_61' title='bbox 1298 1320 1360 1396; x_wconf 86' lang='lat' dir='ltr'><strong>pri-</strong></span> 
     </span>
     <span class='ocr_line' id='line_1_10' title="bbox 350 1403 1360 1484; baseline 0 -16"><span class='ocrx_word' id='word_1_62' title='bbox 350 1426 431 1468; x_wconf 90' lang='lat' dir='ltr'><strong>mum</strong></span> <span class='ocrx_word' id='word_1_63' title='bbox 461 1406 629 1484; x_wconf 85' lang='lat' dir='ltr'><strong>linguarum</strong></span> <span class='ocrx_word' id='word_1_64' title='bbox 659 1404 814 1466; x_wconf 84' lang='lat' dir='ltr'><strong>diversitas</strong></span> <span class='ocrx_word' id='word_1_65' title='bbox 846 1404 997 1465; x_wconf 90' lang='lat' dir='ltr'><strong>hominem</strong></span> <span class='ocrx_word' id='word_1_66' title='bbox 1026 1403 1133 1466; x_wconf 91' lang='lat' dir='ltr'><strong>alienat</strong></span> <span class='ocrx_word' id='word_1_67' title='bbox 1163 1403 1200 1465; x_wconf 89' lang='lat' dir='ltr'><strong>ab</strong></span> <span class='ocrx_word' id='word_1_68' title='bbox 1230 1405 1360 1468; x_wconf 88' lang='lat' dir='ltr'><strong>homine.</strong></span> 
     </span>
     <span class='ocr_line' id='line_1_11' title="bbox 298 1492 1360 1573; baseline -0.003 -16"><span class='ocrx_word' id='word_1_69' title='bbox 298 1508 332 1564; x_wconf 76' lang='grc' dir='ltr'><strong>ιο</strong></span> <span class='ocrx_word' id='word_1_70' title='bbox 350 1496 423 1556; x_wconf 90' lang='lat' dir='ltr'><strong>Nam</strong></span> <span class='ocrx_word' id='word_1_71' title='bbox 454 1497 479 1555; x_wconf 87' lang='lat' dir='ltr'><strong>si</strong></span> <span class='ocrx_word' id='word_1_72' title='bbox 506 1494 565 1554; x_wconf 92' lang='lat' dir='ltr'><strong>duo</strong></span> <span class='ocrx_word' id='word_1_73' title='bbox 594 1493 712 1554; x_wconf 87' lang='lat' dir='ltr'><strong>sibimet</strong></span> <span class='ocrx_word' id='word_1_74' title='bbox 742 1495 870 1554; x_wconf 84' lang='lat' dir='ltr'><strong>invicem</strong></span> <span class='ocrx_word' id='word_1_75' title='bbox 896 1493 969 1552; x_wconf 89' lang='lat' dir='ltr'><strong>liant</strong></span> <span class='ocrx_word' id='word_1_76' title='bbox 1002 1492 1117 1553; x_wconf 89' lang='lat' dir='ltr'><strong>obviam</strong></span> <span class='ocrx_word' id='word_1_77' title='bbox 1149 1511 1246 1571; x_wconf 89' lang='lat' dir='ltr'><strong>neque</strong></span> <span class='ocrx_word' id='word_1_78' title='bbox 1273 1513 1360 1573; x_wconf 88' lang='lat' dir='ltr'><strong>prae·</strong></span> 
     </span>
     <span class='ocr_line' id='line_1_12' title="bbox 351 1580 1360 1664; baseline -0.001 -20"><span class='ocrx_word' id='word_1_79' title='bbox 351 1587 455 1664; x_wconf 89' lang='lat' dir='ltr'><strong>terire,</strong></span> <span class='ocrx_word' id='word_1_80' title='bbox 484 1583 537 1643; x_wconf 91' lang='lat' dir='ltr'><strong>sed</strong></span> <span class='ocrx_word' id='word_1_81' title='bbox 564 1581 652 1642; x_wconf 86' lang='lat' dir='ltr'><strong>simul</strong></span> <span class='ocrx_word' id='word_1_82' title='bbox 681 1599 747 1642; x_wconf 88' lang='lat' dir='ltr'><strong>esse</strong></span> <span class='ocrx_word' id='word_1_83' title='bbox 775 1580 872 1660; x_wconf 89' lang='lat' dir='ltr'><strong>aliqua</strong></span> <span class='ocrx_word' id='word_1_84' title='bbox 898 1583 1075 1642; x_wconf 86' lang='lat' dir='ltr'><strong>necessitate</strong></span> <span class='ocrx_word' id='word_1_85' title='bbox 1097 1590 1255 1663; x_wconf 81' lang='lat' dir='ltr'><strong>cogantur,</strong></span> <span class='ocrx_word' id='word_1_86' title='bbox 1285 1601 1360 1661; x_wconf 74' lang='lat' dir='ltr'><strong>quo-</strong></span> 
     </span>
     <span class='ocr_line' id='line_1_13' title="bbox 351 1669 1362 1748; baseline 0 -16"><span class='ocrx_word' id='word_1_87' title='bbox 351 1690 418 1732; x_wconf 88' lang='lat' dir='ltr'><strong>rum</strong></span> <span class='ocrx_word' id='word_1_88' title='bbox 450 1678 556 1732; x_wconf 78' lang='lat' dir='ltr'><strong>neuter</strong></span> <span class='ocrx_word' id='word_1_89' title='bbox 587 1669 716 1748; x_wconf 88' lang='lat' dir='ltr'><strong>linguam</strong></span> <span class='ocrx_word' id='word_1_90' title='bbox 752 1671 834 1730; x_wconf 87' lang='lat' dir='ltr'><strong>novit</strong></span> <span class='ocrx_word' id='word_1_91' title='bbox 869 1669 1008 1733; x_wconf 80' lang='lat' dir='ltr'><strong>alterius:</strong></span> <span class='ocrx_word' id='word_1_92' title='bbox 1041 1669 1156 1730; x_wconf 82' lang='lat' dir='ltr'><strong>facilius</strong></span> <span class='ocrx_word' id='word_1_93' title='bbox 1187 1669 1245 1730; x_wconf 88' lang='lat' dir='ltr'><strong>sibi</strong></span> <span class='ocrx_word' id='word_1_94' title='bbox 1277 1678 1362 1732; x_wconf 88' lang='lat' dir='ltr'><strong>muta</strong></span> 
     </span>
     <span class='ocr_line' id='line_1_14' title="bbox 350 1757 1360 1839; baseline -0.001 -18"><span class='ocrx_word' id='word_1_95' title='bbox 350 1758 494 1839; x_wconf 88' lang='lat' dir='ltr'><strong>animalia,</strong></span> <span class='ocrx_word' id='word_1_96' title='bbox 517 1761 604 1818; x_wconf 89' lang='lat' dir='ltr'><strong>etiam</strong></span> <span class='ocrx_word' id='word_1_97' title='bbox 628 1758 736 1818; x_wconf 89' lang='lat' dir='ltr'><strong>diversi</strong></span> <span class='ocrx_word' id='word_1_98' title='bbox 755 1760 884 1838; x_wconf 86' lang='lat' dir='ltr'><strong>generis,</strong></span> <span class='ocrx_word' id='word_1_99' title='bbox 907 1774 994 1836; x_wconf 91' lang='lat' dir='ltr'><strong>quam</strong></span> <span class='ocrx_word' id='word_1_100' title='bbox 1016 1757 1067 1838; x_wconf 83' lang='lat' dir='ltr'><strong>illi,</strong></span> <span class='ocrx_word' id='word_1_101' title='bbox 1090 1776 1159 1820; x_wconf 90' lang='lat' dir='ltr'><strong>cum</strong></span> <span class='ocrx_word' id='word_1_102' title='bbox 1182 1760 1242 1819; x_wconf 88' lang='lat' dir='ltr'><strong>sint</strong></span> <span class='ocrx_word' id='word_1_103' title='bbox 1263 1759 1360 1820; x_wconf 91' lang='lat' dir='ltr'><strong>homi·</strong></span> 
     </span>
     <span class='ocr_line' id='line_1_15' title="bbox 350 1845 1381 1927; baseline 0 -19"><span class='ocrx_word' id='word_1_104' title='bbox 350 1866 404 1910; x_wconf 90' lang='lat' dir='ltr'><strong>nes</strong></span> <span class='ocrx_word' id='word_1_105' title='bbox 432 1846 531 1927; x_wconf 89' lang='lat' dir='ltr'><strong>ambo,</strong></span> <span class='ocrx_word' id='word_1_106' title='bbox 561 1849 720 1908; x_wconf 90' lang='lat' dir='ltr'><strong>sociantur.</strong></span> <span class='ocrx_word' id='word_1_107' title='bbox 765 1845 889 1917; x_wconf 85' lang='lat' dir='ltr'><strong>Quando</strong></span> <span class='ocrx_word' id='word_1_108' title='bbox 916 1847 996 1906; x_wconf 91' lang='lat' dir='ltr'><strong>enim</strong></span> <span class='ocrx_word' id='word_1_109' title='bbox 1026 1863 1101 1925; x_wconf 88' lang='lat' dir='ltr'><strong>quae</strong></span> <span class='ocrx_word' id='word_1_110' title='bbox 1124 1849 1258 1908; x_wconf 88' lang='lat' dir='ltr'><strong>sentiunt</strong></span> <span class='ocrx_word' id='word_1_111' title='bbox 1279 1849 1381 1908; x_wconf 83' lang='lat' dir='ltr'><strong>inter.</strong></span> 
     </span>
     <span class='ocr_line' id='line_1_16' title="bbox 300 1933 1361 2013; baseline -0.001 -16"><span class='ocrx_word' id='word_1_112' title='bbox 300 1946 332 1997; x_wconf 72' lang='lat'><strong>15</strong></span> <span class='ocrx_word' id='word_1_113' title='bbox 351 1955 382 1997; x_wconf 92' lang='lat' dir='ltr'><strong>se</strong></span> <span class='ocrx_word' id='word_1_114' title='bbox 411 1937 629 1996; x_wconf 89' lang='lat' dir='ltr'><strong>communicare</strong></span> <span class='ocrx_word' id='word_1_115' title='bbox 655 1952 715 1994; x_wconf 91' lang='lat' dir='ltr'><strong>non</strong></span> <span class='ocrx_word' id='word_1_116' title='bbox 741 1940 874 2013; x_wconf 82' lang='lat' dir='ltr'><strong>possunt,</strong></span> <span class='ocrx_word' id='word_1_117' title='bbox 896 1942 1020 2013; x_wconf 88' lang='lat' dir='ltr'><strong>propter</strong></span> <span class='ocrx_word' id='word_1_118' title='bbox 1043 1933 1135 1994; x_wconf 89' lang='lat' dir='ltr'><strong>solam</strong></span> <span class='ocrx_word' id='word_1_119' title='bbox 1157 1934 1361 1996; x_wconf 80' lang='lat' dir='ltr'><strong>diversitatem</strong></span> 
     </span>
     <span class='ocr_line' id='line_1_17' title="bbox 351 2021 1360 2102; baseline 0.001 -19"><span class='ocrx_word' id='word_1_120' title='bbox 351 2024 467 2102; x_wconf 85' lang='lat' dir='ltr'><strong>linguae</strong></span> <span class='ocrx_word' id='word_1_121' title='bbox 501 2023 576 2083; x_wconf 90' lang='lat' dir='ltr'><strong>nihil</strong></span> <span class='ocrx_word' id='word_1_122' title='bbox 607 2022 730 2102; x_wconf 89' lang='lat' dir='ltr'><strong>prodest</strong></span> <span class='ocrx_word' id='word_1_123' title='bbox 756 2021 792 2082; x_wconf 92' lang='lat' dir='ltr'><strong>ad</strong></span> <span class='ocrx_word' id='word_1_124' title='bbox 820 2021 1034 2082; x_wconf 80' lang='lat' dir='ltr'><strong>consociandos</strong></span> <span class='ocrx_word' id='word_1_125' title='bbox 1055 2021 1193 2083; x_wconf 79' lang='lat' dir='ltr'><strong>homInes</strong></span> <span class='ocrx_word' id='word_1_126' title='bbox 1215 2032 1296 2084; x_wconf 91' lang='lat' dir='ltr'><strong>tanta</strong></span> <span class='ocrx_word' id='word_1_127' title='bbox 1320 2027 1360 2084; x_wconf 90' lang='lat' dir='ltr'><strong>si-</strong></span> 
     </span>
     <span class='ocr_line' id='line_1_18' title="bbox 351 2108 1361 2190; baseline -0.001 -16"><span class='ocrx_word' id='word_1_128' title='bbox 351 2112 485 2174; x_wconf 89' lang='lat' dir='ltr'><strong>militudo</strong></span> <span class='ocrx_word' id='word_1_129' title='bbox 504 2120 639 2190; x_wconf 88' lang='lat' dir='ltr'><strong>naturae,</strong></span> <span class='ocrx_word' id='word_1_130' title='bbox 661 2113 702 2170; x_wconf 87' lang='lat' dir='ltr'><strong>ita</strong></span> <span class='ocrx_word' id='word_1_131' title='bbox 725 2119 758 2171; x_wconf 89' lang='lat' dir='ltr'><strong>ut</strong></span> <span class='ocrx_word' id='word_1_132' title='bbox 780 2111 921 2172; x_wconf 90' lang='lat' dir='ltr'><strong>libentius</strong></span> <span class='ocrx_word' id='word_1_133' title='bbox 944 2108 1031 2170; x_wconf 93' lang='lat' dir='ltr'><strong>homo</strong></span> <span class='ocrx_word' id='word_1_134' title='bbox 1054 2113 1094 2172; x_wconf 90' lang='lat' dir='ltr'><strong>sit</strong></span> <span class='ocrx_word' id='word_1_135' title='bbox 1115 2128 1184 2172; x_wconf 88' lang='lat' dir='ltr'><strong>cum</strong></span> <span class='ocrx_word' id='word_1_136' title='bbox 1207 2129 1280 2172; x_wconf 90' lang='lat' dir='ltr'><strong>cane</strong></span> <span class='ocrx_word' id='word_1_137' title='bbox 1303 2131 1361 2174; x_wconf 90' lang='lat' dir='ltr'><strong>sno</strong></span> 
     </span>
    </p>
   </div>
   <div class='ocr_carea' id='block_1_5' title="bbox 351 2199 1468 2280">
    <p class='ocr_par' dir='ltr' id='par_1_6' title="bbox 351 2199 1468 2280">
     <span class='ocr_line' id='line_1_19' title="bbox 351 2199 1468 2280; baseline -0.002 -19"><span class='ocrx_word' id='word_1_138' title='bbox 351 2219 439 2280; x_wconf 88' lang='lat' dir='ltr'><strong>quam</strong></span> <span class='ocrx_word' id='word_1_139' title='bbox 467 2219 533 2260; x_wconf 90' lang='lat' dir='ltr'><strong>cum</strong></span> <span class='ocrx_word' id='word_1_140' title='bbox 562 2199 679 2261; x_wconf 89' lang='lat' dir='ltr'><strong>bomine</strong></span> <span class='ocrx_word' id='word_1_141' title='bbox 707 2199 810 2260; x_wconf 93' lang='lat' dir='ltr'><strong>alieno.</strong></span> <span class='ocrx_word' id='word_1_142' title='bbox 857 2199 894 2259; x_wconf 83' lang='lat' dir='ltr'><strong>At</strong></span> <span class='ocrx_word' id='word_1_143' title='bbox 921 2200 1001 2258; x_wconf 92' lang='lat' dir='ltr'><strong>enim</strong></span> <span class='ocrx_word' id='word_1_144' title='bbox 1027 2216 1117 2278; x_wconf 88' lang='lat' dir='ltr'><strong>opera</strong></span> <span class='ocrx_word' id='word_1_145' title='bbox 1145 2199 1212 2260; x_wconf 92' lang='lat' dir='ltr'><strong>data</strong></span> <span class='ocrx_word' id='word_1_146' title='bbox 1235 2209 1294 2280; x_wconf 87' lang='lat' dir='ltr'><strong>est,</strong></span> <span class='ocrx_word' id='word_1_147' title='bbox 1325 2207 1362 2261; x_wconf 91' lang='lat' dir='ltr'><strong>ut</strong></span> <span class='ocrx_word' id='word_1_148' title='bbox 1467 2218 1468 2259; x_wconf 74' lang='lat'><em>3</em></span> 
     </span>
    </p>
   </div>
   <div class='ocr_carea' id='block_1_6' title="bbox 298 2287 1363 3603">
    <p class='ocr_par' dir='ltr' id='par_1_7' title="bbox 298 2287 1363 3603">
     <span class='ocr_line' id='line_1_20' title="bbox 351 2287 1362 2369; baseline -0.003 -17"><span class='ocrx_word' id='word_1_149' title='bbox 351 2291 507 2369; x_wconf 83' lang='lat' dir='ltr'><strong>imperiosa</strong></span> <span class='ocrx_word' id='word_1_150' title='bbox 531 2290 632 2349; x_wconf 81' lang='lat' dir='ltr'><strong>civitas</strong></span> <span class='ocrx_word' id='word_1_151' title='bbox 655 2305 715 2348; x_wconf 92' lang='lat' dir='ltr'><strong>non</strong></span> <span class='ocrx_word' id='word_1_152' title='bbox 738 2287 834 2347; x_wconf 89' lang='lat' dir='ltr'><strong>solum</strong></span> <span class='ocrx_word' id='word_1_153' title='bbox 857 2290 968 2366; x_wconf 91' lang='lat' dir='ltr'><strong>iugum,</strong></span> <span class='ocrx_word' id='word_1_154' title='bbox 991 2305 1095 2348; x_wconf 86' lang='lat' dir='ltr'><strong>verum</strong></span> <span class='ocrx_word' id='word_1_155' title='bbox 1117 2290 1207 2348; x_wconf 92' lang='lat' dir='ltr'><strong>etiam</strong></span> <span class='ocrx_word' id='word_1_156' title='bbox 1228 2287 1362 2366; x_wconf 91' lang='lat' dir='ltr'><strong>linguam</strong></span> 
     </span>
     <span class='ocr_line' id='line_1_21' title="bbox 299 2374 1362 2456; baseline -0.001 -19"><span class='ocrx_word' id='word_1_157' title='bbox 299 2389 332 2439; x_wconf 77' lang='lat' dir='ltr'><strong>ao</strong></span> <span class='ocrx_word' id='word_1_158' title='bbox 351 2396 434 2438; x_wconf 91' lang='lat' dir='ltr'><strong>suam</strong></span> <span class='ocrx_word' id='word_1_159' title='bbox 453 2377 571 2438; x_wconf 86' lang='lat' dir='ltr'><strong>domitis</strong></span> <span class='ocrx_word' id='word_1_160' title='bbox 590 2374 727 2454; x_wconf 89' lang='lat' dir='ltr'><strong>gentibus</strong></span> <span class='ocrx_word' id='word_1_161' title='bbox 746 2393 922 2453; x_wconf 89' lang='lat' dir='ltr'><strong>perpacem</strong></span> <span class='ocrx_word' id='word_1_162' title='bbox 943 2377 1094 2436; x_wconf 85' lang='lat' dir='ltr'><strong>societatis</strong></span> <span class='ocrx_word' id='word_1_163' title='bbox 1116 2377 1282 2456; x_wconf 83' lang='lat' dir='ltr'><strong>inponeret,</strong></span> <span class='ocrx_word' id='word_1_164' title='bbox 1303 2395 1362 2456; x_wconf 95' lang='lat' dir='ltr'><strong>per</strong></span> 
     </span>
     <span class='ocr_line' id='line_1_22' title="bbox 351 2462 1362 2544; baseline 0 -18"><span class='ocrx_word' id='word_1_165' title='bbox 351 2485 438 2544; x_wconf 90' lang='lat' dir='ltr'><strong>quam</strong></span> <span class='ocrx_word' id='word_1_166' title='bbox 461 2483 520 2526; x_wconf 91' lang='lat' dir='ltr'><strong>non</strong></span> <span class='ocrx_word' id='word_1_167' title='bbox 544 2464 674 2543; x_wconf 81' lang='lat' dir='ltr'><strong>deesset,</strong></span> <span class='ocrx_word' id='word_1_168' title='bbox 697 2465 786 2522; x_wconf 92' lang='lat' dir='ltr'><strong>immo</strong></span> <span class='ocrx_word' id='word_1_169' title='bbox 810 2471 842 2522; x_wconf 88' lang='lat' dir='ltr'><strong>et</strong></span> <span class='ocrx_word' id='word_1_170' title='bbox 863 2462 1027 2524; x_wconf 86' lang='lat' dir='ltr'><strong>abundaret</strong></span> <span class='ocrx_word' id='word_1_171' title='bbox 1049 2466 1139 2524; x_wconf 87' lang='lat' dir='ltr'><strong>etiam</strong></span> <span class='ocrx_word' id='word_1_172' title='bbox 1160 2466 1362 2543; x_wconf 86' lang='lat' dir='ltr'><strong>interpretum</strong></span> 
     </span>
     <span class='ocr_line' id='line_1_23' title="bbox 351 2550 1360 2632; baseline 0.001 -19"><span class='ocrx_word' id='word_1_173' title='bbox 351 2557 443 2632; x_wconf 88' lang='lat' dir='ltr'><strong>copia.</strong></span> <span class='ocrx_word' id='word_1_174' title='bbox 489 2551 598 2614; x_wconf 89' lang='lat' dir='ltr'><strong>Verum</strong></span> <span class='ocrx_word' id='word_1_175' title='bbox 625 2560 683 2631; x_wconf 87' lang='lat' dir='ltr'><strong>est;</strong></span> <span class='ocrx_word' id='word_1_176' title='bbox 712 2550 764 2610; x_wconf 89' lang='lat' dir='ltr'><strong>sed</strong></span> <span class='ocrx_word' id='word_1_177' title='bbox 791 2550 849 2611; x_wconf 90' lang='lat' dir='ltr'><strong>hoc</strong></span> <span class='ocrx_word' id='word_1_178' title='bbox 871 2569 959 2630; x_wconf 88' lang='lat' dir='ltr'><strong>qnam</strong></span> <span class='ocrx_word' id='word_1_179' title='bbox 983 2551 1084 2612; x_wconf 89' lang='lat' dir='ltr'><strong>multis</strong></span> <span class='ocrx_word' id='word_1_180' title='bbox 1107 2559 1137 2611; x_wconf 93' lang='lat' dir='ltr'><strong>et</strong></span> <span class='ocrx_word' id='word_1_181' title='bbox 1159 2570 1249 2630; x_wconf 87' lang='lat' dir='ltr'><strong>quam</strong></span> <span class='ocrx_word' id='word_1_182' title='bbox 1270 2571 1360 2631; x_wconf 91' lang='lat' dir='ltr'><strong>gran·</strong></span> 
     </span>
     <span class='ocr_line' id='line_1_24' title="bbox 351 2638 1362 2720; baseline 0.002 -19"><span class='ocrx_word' id='word_1_183' title='bbox 351 2640 438 2710; x_wconf 88' lang='lat' dir='ltr'><strong>dibus</strong></span> <span class='ocrx_word' id='word_1_184' title='bbox 470 2640 569 2713; x_wconf 83' lang='lat' dir='ltr'><strong>hellis,</strong></span> <span class='ocrx_word' id='word_1_185' title='bbox 603 2647 710 2718; x_wconf 89' lang='lat' dir='ltr'><strong>quanta</strong></span> <span class='ocrx_word' id='word_1_186' title='bbox 743 2646 840 2717; x_wconf 81' lang='lat' dir='ltr'><strong>strage</strong></span> <span class='ocrx_word' id='word_1_187' title='bbox 872 2638 1041 2720; x_wconf 86' lang='lat' dir='ltr'><strong>hominum,</strong></span> <span class='ocrx_word' id='word_1_188' title='bbox 1073 2648 1182 2719; x_wconf 87' lang='lat' dir='ltr'><strong>quanta</strong></span> <span class='ocrx_word' id='word_1_189' title='bbox 1213 2641 1362 2704; x_wconf 78' lang='lat' dir='ltr'><strong>allusione</strong></span> 
     </span>
     <span class='ocr_line' id='line_1_25' title="bbox 352 2724 1362 2812; baseline 0.001 -23"><span class='ocrx_word' id='word_1_190' title='bbox 352 2728 472 2789; x_wconf 89' lang='lat' dir='ltr'><strong>humani</strong></span> <span class='ocrx_word' id='word_1_191' title='bbox 508 2730 659 2806; x_wconf 89' lang='lat' dir='ltr'><strong>sanguinis</strong></span> <span class='ocrx_word' id='word_1_192' title='bbox 695 2735 897 2805; x_wconf 88' lang='lat' dir='ltr'><strong>comparatum</strong></span> <span class='ocrx_word' id='word_1_193' title='bbox 933 2724 1000 2789; x_wconf 81' lang='lat' dir='ltr'><strong>est?</strong></span> <span class='ocrx_word' id='word_1_194' title='bbox 1046 2727 1161 2799; x_wconf 84' lang='lat' dir='ltr'><strong>Quibus</strong></span> <span class='ocrx_word' id='word_1_195' title='bbox 1192 2732 1362 2812; x_wconf 85' lang='lat' dir='ltr'><strong>transactis,</strong></span> 
     </span>
     <span class='ocr_line' id='line_1_26' title="bbox 298 2815 1361 2888; baseline 0.003 -12"><span class='ocrx_word' id='word_1_196' title='bbox 298 2827 333 2876; x_wconf 74' lang='lat' dir='ltr'><strong>io</strong></span> <span class='ocrx_word' id='word_1_197' title='bbox 351 2835 411 2877; x_wconf 94' lang='lat' dir='ltr'><strong>non</strong></span> <span class='ocrx_word' id='word_1_198' title='bbox 434 2825 482 2877; x_wconf 88' lang='lat' dir='ltr'><strong>est</strong></span> <span class='ocrx_word' id='word_1_199' title='bbox 504 2825 601 2876; x_wconf 90' lang='lat' dir='ltr'><strong>tamen</strong></span> <span class='ocrx_word' id='word_1_200' title='bbox 620 2816 781 2876; x_wconf 89' lang='lat' dir='ltr'><strong>eorundem</strong></span> <span class='ocrx_word' id='word_1_201' title='bbox 806 2815 950 2876; x_wconf 89' lang='lat' dir='ltr'><strong>malorum</strong></span> <span class='ocrx_word' id='word_1_202' title='bbox 973 2816 1055 2876; x_wconf 88' lang='lat' dir='ltr'><strong>linita</strong></span> <span class='ocrx_word' id='word_1_203' title='bbox 1077 2818 1204 2877; x_wconf 88' lang='lat' dir='ltr'><strong>miseria.</strong></span> <span class='ocrx_word' id='word_1_204' title='bbox 1250 2817 1361 2888; x_wconf 83' lang='lat' dir='ltr'><strong>Quam·</strong></span> 
     </span>
     <span class='ocr_line' id='line_1_27' title="bbox 352 2903 1362 2982; baseline 0.002 -17"><span class='ocrx_word' id='word_1_205' title='bbox 352 2907 395 2965; x_wconf 89' lang='lat' dir='ltr'><strong>vis</strong></span> <span class='ocrx_word' id='word_1_206' title='bbox 418 2907 497 2965; x_wconf 90' lang='lat' dir='ltr'><strong>enim</strong></span> <span class='ocrx_word' id='word_1_207' title='bbox 516 2923 574 2964; x_wconf 93' lang='lat' dir='ltr'><strong>non</strong></span> <span class='ocrx_word' id='word_1_208' title='bbox 594 2904 743 2966; x_wconf 81' lang='lat' dir='ltr'><strong>defuerint</strong></span> <span class='ocrx_word' id='word_1_209' title='bbox 760 2922 857 2982; x_wconf 88' lang='lat' dir='ltr'><strong>neque</strong></span> <span class='ocrx_word' id='word_1_210' title='bbox 881 2904 979 2964; x_wconf 85' lang='lat' dir='ltr'><strong>desint</strong></span> <span class='ocrx_word' id='word_1_211' title='bbox 1001 2903 1102 2964; x_wconf 91' lang='lat' dir='ltr'><strong>hostes</strong></span> <span class='ocrx_word' id='word_1_212' title='bbox 1124 2915 1242 2965; x_wconf 78' lang='lat' dir='ltr'><strong>exterae</strong></span> <span class='ocrx_word' id='word_1_213' title='bbox 1266 2909 1362 2967; x_wconf 89' lang='lat' dir='ltr'><strong>natio-</strong></span> 
     </span>
     <span class='ocr_line' id='line_1_28' title="bbox 353 2991 1362 3074; baseline 0.004 -21"><span class='ocrx_word' id='word_1_214' title='bbox 353 3011 421 3074; x_wconf 77' lang='lat' dir='ltr'><strong>neS,</strong></span> <span class='ocrx_word' id='word_1_215' title='bbox 453 3001 555 3053; x_wconf 88' lang='lat' dir='ltr'><strong>contra</strong></span> <span class='ocrx_word' id='word_1_216' title='bbox 585 3010 658 3070; x_wconf 84' lang='lat' dir='ltr'><strong>quas</strong></span> <span class='ocrx_word' id='word_1_217' title='bbox 685 3011 802 3072; x_wconf 88' lang='lat' dir='ltr'><strong>semper</strong></span> <span class='ocrx_word' id='word_1_218' title='bbox 833 2991 908 3052; x_wconf 92' lang='lat' dir='ltr'><strong>bella</strong></span> <span class='ocrx_word' id='word_1_219' title='bbox 935 3000 1019 3071; x_wconf 87' lang='lat' dir='ltr'><strong>gesta</strong></span> <span class='ocrx_word' id='word_1_220' title='bbox 1044 3001 1115 3053; x_wconf 86' lang='lat' dir='ltr'><strong>sunt</strong></span> <span class='ocrx_word' id='word_1_221' title='bbox 1142 3000 1173 3052; x_wconf 92' lang='lat' dir='ltr'><strong>et</strong></span> <span class='ocrx_word' id='word_1_222' title='bbox 1198 3004 1362 3072; x_wconf 86' lang='lat' dir='ltr'><strong>geruntur:</strong></span> 
     </span>
     <span class='ocr_line' id='line_1_29' title="bbox 353 3079 1363 3160; baseline 0.003 -20"><span class='ocrx_word' id='word_1_223' title='bbox 353 3091 450 3142; x_wconf 84' lang='lat' dir='ltr'><strong>tamen</strong></span> <span class='ocrx_word' id='word_1_224' title='bbox 473 3083 562 3140; x_wconf 84' lang='lat' dir='ltr'><strong>etiam</strong></span> <span class='ocrx_word' id='word_1_225' title='bbox 589 3082 652 3158; x_wconf 91' lang='lat' dir='ltr'><strong>ipsa</strong></span> <span class='ocrx_word' id='word_1_226' title='bbox 682 3082 798 3160; x_wconf 88' lang='lat' dir='ltr'><strong>imperii</strong></span> <span class='ocrx_word' id='word_1_227' title='bbox 821 3079 945 3140; x_wconf 90' lang='lat' dir='ltr'><strong>latitudo</strong></span> <span class='ocrx_word' id='word_1_228' title='bbox 968 3082 1085 3158; x_wconf 90' lang='lat' dir='ltr'><strong>peperit</strong></span> <span class='ocrx_word' id='word_1_229' title='bbox 1106 3083 1218 3159; x_wconf 88' lang='lat' dir='ltr'><strong>peioris</strong></span> <span class='ocrx_word' id='word_1_230' title='bbox 1240 3086 1363 3160; x_wconf 86' lang='lat' dir='ltr'><strong>generis</strong></span> 
     </span>
     <span class='ocr_line' id='line_1_30' title="bbox 352 3167 1362 3249; baseline 0.003 -20"><span class='ocrx_word' id='word_1_231' title='bbox 352 3168 438 3249; x_wconf 85' lang='lat' dir='ltr'><strong>bella,</strong></span> <span class='ocrx_word' id='word_1_232' title='bbox 460 3168 577 3228; x_wconf 87' lang='lat' dir='ltr'><strong>socialia</strong></span> <span class='ocrx_word' id='word_1_233' title='bbox 596 3169 710 3228; x_wconf 90' lang='lat' dir='ltr'><strong>scilicet</strong></span> <span class='ocrx_word' id='word_1_234' title='bbox 732 3178 762 3229; x_wconf 92' lang='lat' dir='ltr'><strong>et</strong></span> <span class='ocrx_word' id='word_1_235' title='bbox 784 3167 889 3249; x_wconf 82' lang='lat' dir='ltr'><strong>civilia,</strong></span> <span class='ocrx_word' id='word_1_236' title='bbox 912 3167 1021 3246; x_wconf 89' lang='lat' dir='ltr'><strong>quibus</strong></span> <span class='ocrx_word' id='word_1_237' title='bbox 1043 3168 1241 3230; x_wconf 79' lang='lat' dir='ltr'><strong>miserabilius</strong></span> <span class='ocrx_word' id='word_1_238' title='bbox 1263 3173 1362 3248; x_wconf 86' lang='lat' dir='ltr'><strong>quati·</strong></span> 
     </span>
     <span class='ocr_line' id='line_1_31' title="bbox 299 3255 1362 3337; baseline 0.002 -20"><span class='ocrx_word' id='word_1_239' title='bbox 299 3269 334 3319; x_wconf 80' lang='lat' dir='ltr'><strong>to</strong></span> <span class='ocrx_word' id='word_1_240' title='bbox 353 3266 402 3318; x_wconf 91' lang='lat' dir='ltr'><strong>tur</strong></span> <span class='ocrx_word' id='word_1_241' title='bbox 425 3256 587 3317; x_wconf 90' lang='lat' dir='ltr'><strong>humanum</strong></span> <span class='ocrx_word' id='word_1_242' title='bbox 609 3274 716 3337; x_wconf 90' lang='lat' dir='ltr'><strong>genus,</strong></span> <span class='ocrx_word' id='word_1_243' title='bbox 743 3259 803 3316; x_wconf 90' lang='lat' dir='ltr'><strong>sive</strong></span> <span class='ocrx_word' id='word_1_244' title='bbox 828 3273 896 3316; x_wconf 93' lang='lat' dir='ltr'><strong>cum</strong></span> <span class='ocrx_word' id='word_1_245' title='bbox 918 3255 1123 3334; x_wconf 83' lang='lat' dir='ltr'><strong>belligeratur,</strong></span> <span class='ocrx_word' id='word_1_246' title='bbox 1147 3257 1362 3336; x_wconf 89' lang='lat' dir='ltr'><strong>utaliquando</strong></span> 
     </span>
     <span class='ocr_line' id='line_1_32' title="bbox 352 3346 1361 3424; baseline 0.003 -20"><span class='ocrx_word' id='word_1_247' title='bbox 352 3347 580 3424; x_wconf 88' lang='lat' dir='ltr'><strong>conquiescant,</strong></span> <span class='ocrx_word' id='word_1_248' title='bbox 616 3347 676 3405; x_wconf 88' lang='lat' dir='ltr'><strong>sive</strong></span> <span class='ocrx_word' id='word_1_249' title='bbox 709 3363 777 3404; x_wconf 89' lang='lat' dir='ltr'><strong>curn</strong></span> <span class='ocrx_word' id='word_1_250' title='bbox 808 3346 946 3424; x_wconf 88' lang='lat' dir='ltr'><strong>timetur,</strong></span> <span class='ocrx_word' id='word_1_251' title='bbox 982 3362 1020 3403; x_wconf 91' lang='lat' dir='ltr'><strong>ne</strong></span> <span class='ocrx_word' id='word_1_252' title='bbox 1052 3361 1158 3404; x_wconf 90' lang='lat' dir='ltr'><strong>rursus</strong></span> <span class='ocrx_word' id='word_1_253' title='bbox 1190 3354 1361 3424; x_wconf 79' lang='lat' dir='ltr'><strong>exsurgant.</strong></span> 
     </span>
     <span class='ocr_line' id='line_1_33' title="bbox 353 3430 1363 3511; baseline 0.003 -18"><span class='ocrx_word' id='word_1_254' title='bbox 353 3433 486 3504; x_wconf 83' lang='lat' dir='ltr'><strong>Quorum</strong></span> <span class='ocrx_word' id='word_1_255' title='bbox 515 3432 657 3493; x_wconf 89' lang='lat' dir='ltr'><strong>malorum</strong></span> <span class='ocrx_word' id='word_1_256' title='bbox 685 3431 792 3492; x_wconf 91' lang='lat' dir='ltr'><strong>multas</strong></span> <span class='ocrx_word' id='word_1_257' title='bbox 820 3440 851 3492; x_wconf 93' lang='lat' dir='ltr'><strong>et</strong></span> <span class='ocrx_word' id='word_1_258' title='bbox 874 3431 1051 3511; x_wconf 88' lang='lat' dir='ltr'><strong>multiplices</strong></span> <span class='ocrx_word' id='word_1_259' title='bbox 1075 3430 1185 3506; x_wconf 89' lang='lat' dir='ltr'><strong>clades,</strong></span> <span class='ocrx_word' id='word_1_260' title='bbox 1217 3433 1306 3495; x_wconf 89' lang='lat' dir='ltr'><strong>duras</strong></span> <span class='ocrx_word' id='word_1_261' title='bbox 1330 3443 1363 3496; x_wconf 91' lang='lat' dir='ltr'><strong>et</strong></span> 
     </span>
     <span class='ocr_line' id='line_1_34' title="bbox 352 3519 1360 3603; baseline 0.002 -22"><span class='ocrx_word' id='word_1_262' title='bbox 352 3521 431 3582; x_wconf 91' lang='lat' dir='ltr'><strong>diras</strong></span> <span class='ocrx_word' id='word_1_263' title='bbox 458 3523 651 3582; x_wconf 87' lang='lat' dir='ltr'><strong>necessitates</strong></span> <span class='ocrx_word' id='word_1_264' title='bbox 681 3523 708 3581; x_wconf 92' lang='lat' dir='ltr'><strong>si</strong></span> <span class='ocrx_word' id='word_1_265' title='bbox 734 3527 768 3580; x_wconf 89' lang='lat' dir='ltr'><strong>ut</strong></span> <span class='ocrx_word' id='word_1_266' title='bbox 795 3519 917 3598; x_wconf 86' lang='lat' dir='ltr'><strong>dignum</strong></span> <span class='ocrx_word' id='word_1_267' title='bbox 939 3527 986 3580; x_wconf 91' lang='lat' dir='ltr'><strong>est</strong></span> <span class='ocrx_word' id='word_1_268' title='bbox 1007 3520 1107 3599; x_wconf 88' lang='lat' dir='ltr'><strong>eloqui</strong></span> <span class='ocrx_word' id='word_1_269' title='bbox 1130 3520 1230 3603; x_wconf 86' lang='lat' dir='ltr'><strong>velim,</strong></span> <span class='ocrx_word' id='word_1_270' title='bbox 1257 3539 1360 3601; x_wconf 87' lang='lat' dir='ltr'><strong>quam·</strong></span> 
     </span>
    </p>
   </div>
   <div class='ocr_carea' id='block_1_7' title="bbox 351 3681 1364 3812">
    <p class='ocr_par' dir='ltr' id='par_1_8' title="bbox 351 3681 1364 3812">
     <span class='ocr_line' id='line_1_35' title="bbox 419 3681 1364 3810; baseline 0.002 -74"><span class='ocrx_word' id='word_1_271' title='bbox 419 3683 600 3810; x_wconf 46' lang='lat' dir='ltr'><strong>{dirimatur</strong></span> <span class='ocrx_word' id='word_1_272' title='bbox 611 3683 684 3753; x_wconf 75' lang='lat' dir='ltr'><strong>fgp3</strong></span> <span class='ocrx_word' id='word_1_273' title='bbox 699 3681 868 3735; x_wconf 84' lang='lat' dir='ltr'><strong>dirimituru</strong></span> <span class='ocrx_word' id='word_1_274' title='bbox 881 3683 890 3748; x_wconf 87' lang='grc' dir='ltr'><strong>ΙΙ</strong></span> <span class='ocrx_word' id='word_1_275' title='bbox 905 3686 937 3735; x_wconf 76' lang='lat'><strong>12</strong></span> <span class='ocrx_word' id='word_1_276' title='bbox 952 3681 1028 3735; x_wconf 82' lang='lat' dir='ltr'><strong>norit</strong></span> <span class='ocrx_word' id='word_1_277' title='bbox 1039 3681 1195 3752; x_wconf 84' lang='lat' dir='ltr'><strong>linguamu</strong></span> <span class='ocrx_word' id='word_1_278' title='bbox 1209 3685 1218 3752; x_wconf 89' lang='grc' dir='ltr'><strong>ΙΙ</strong></span> <span class='ocrx_word' id='word_1_279' title='bbox 1232 3689 1266 3736; x_wconf 81' lang='lat'><strong>20</strong></span> <span class='ocrx_word' id='word_1_280' title='bbox 1280 3701 1364 3739; x_wconf 82' lang='lat' dir='ltr'><strong>enam</strong></span> 
     </span>
     <span class='ocr_line' id='line_1_36' title="bbox 351 3773 401 3812; baseline -0.04 0"><span class='ocrx_word' id='word_1_281' title='bbox 351 3773 401 3812; x_wconf 81' lang='lat' dir='ltr'><strong>otu.</strong></span> 
     </span>
    </p>
   </div>
   <div class='ocr_carea' id='block_1_8' title="bbox 0 0 1650 4459">
    <p class='ocr_par' dir='ltr' id='par_1_9' title="bbox 0 0 1650 4459">
     <span class='ocr_line' id='line_1_37' title="bbox 0 0 1650 4459; baseline 0 0"><span class='ocrx_word' id='word_1_282' title='bbox 0 0 1650 4459; x_wconf 95' lang='lat' dir='ltr'><strong> </strong></span> 
     </span>
    </p>
   </div>
  </div>
 </body>
</html>
