3284 4459
552 521 593 561 nn
607 520 751 562 common
765 521 857 562 omn
871 519 991 563 uos.
1005 522 1025 561 o.
1226 506 1293 570 415

285 655 384 716 trihus
411 657 484 716 meis
511 658 654 728 minimis,
682 658 757 716 mitti
778 655 905 731 fecistis.
955 655 1038 717 ione
1067 657 1158 727 diret,
1188 655 1293 734 inquit,

285 749 316 802 et
335 742 384 802 itis
406 745 461 818 qui
477 761 497 803 o
514 746 646 804 sinistris
664 751 768 805 erunt:
791 745 946 806 Discedite
964 762 984 805 o
1003 761 1057 818 me,
1080 745 1242 816 maledicti,
1261 746 1293 803 in

285 833 386 904 ionem
409 837 580 911 aetemum,
602 835 657 907 qui
674 839 805 908 paratus
828 839 874 893 est
894 833 1006 895 zabolo
1029 841 1059 892 et
1080 834 1197 906 ornetis
1220 833 1293 891 eius.

285 917 398 979 Deinde
422 919 559 980 similiter
581 923 668 980 etiam
693 919 738 980 his
761 930 930 994 enumerat,
959 920 1038 999 quod
1061 919 1110 980 illa
1133 938 1192 980 non
1216 919 1293 979 ieco-

286 1008 356 1084 rint,
379 1023 453 1085 qnae
477 1007 598 1069 dextros
621 1008 727 1068 iecisse
751 1010 931 1069 memoravit.
978 1007 1178 1087 Similiterque
1201 1009 1327 1067 inter-5

286 1094 476 1175 rogantibus,
511 1095 627 1174 qnando
665 1113 733 1156 eum
769 1096 898 1156 viderint
932 1097 962 1156 in
995 1096 1101 1158 horum
1133 1094 1294 1173 indigentia

286 1184 495 1246 constitutum:
522 1182 601 1262 qood
631 1187 759 1244 minimis
782 1187 846 1246 suis
868 1203 928 1245 non
952 1185 1061 1247 iactnm
1085 1192 1145 1263 est,
1173 1182 1230 1244 sihi
1253 1183 1293 1242 ia-

287 1281 369 1331 ctum
393 1289 451 1332 non
476 1273 568 1332 inisse
592 1271 764 1352 respondet3
787 1290 1014 1351 sermonemque
1038 1271 1231 1332 concludens:
1250 1271 1296 1330 Et

287 1360 381 1432 ibunt,
404 1362 515 1438 inquit,
537 1362 571 1421 Μ
593 1364 625 1422 in
647 1364 828 1437 supplicium
850 1367 1020 1434 manum,
1043 1363 1118 1421 iusti
1139 1367 1238 1420 autern
1262 1361 1294 1420 in

286 1451 380 1508 vitam
409 1456 575 1510 aeternam.
624 1447 769 1510 iohannes
800 1467 870 1509 vero
900 1448 1077 1528 evangelista
1108 1449 1293 1528 apertissime
1314 1461 1347 1509 10

287 1543 389 1596 narret
417 1554 485 1597 enm
515 1539 546 1598 in
576 1539 796 1598 resurrectione
827 1545 1013 1598 mortuorum
1044 1537 1178 1598 totorum
1210 1553 1294 1614 prae·

287 1623 396 1684 dixisse
419 1624 569 1686 iudicium.
615 1623 688 1686 Cum
711 1627 789 1686 enim
813 1625 949 1687 dixisset:
972 1625 1075 1701 Neque
1097 1628 1176 1686 enim
1199 1625 1294 1685 Pater

288 1714 406 1773 iudicat
434 1729 624 1788 quemquem,
653 1716 709 1775 sed
736 1716 884 1775 iudiciuin
913 1731 999 1775 omne
1025 1716 1110 1774 dedit
1136 1715 1227 1787 Filio,
1258 1719 1293 1774 ut

288 1817 388 1862 omnes
422 1803 623 1874 honorificent
651 1803 774 1878 Filium,
806 1806 887 1863 sieut
919 1805 1125 1875 honorificant
1154 1802 1295 1871 Patrem

287 1891 343 1962 qui
363 1905 423 1950 non
446 1891 629 1962 honorificat
651 1891 772 1963 Filium,
796 1907 857 1952 non
879 1893 1064 1964 honorificat
1086 1891 1219 1963 Patrem,
1242 1891 1296 1964 qui
1315 1901 1348 1951 tn

288 1979 369 2037 misit
400 1980 496 2038 illurn:
526 1980 663 2056 protinus
695 1978 818 2040 addidit:
850 1980 959 2053 Amen,
986 1995 1075 2039 amen
1105 1980 1174 2039 dico
1204 1979 1295 2051 rotis,

288 2068 370 2140 quio,
393 2069 447 2140 qui
468 2067 590 2127 verbum
608 2083 705 2128 meum
729 2069 817 2128 audit
839 2073 869 2128 et
890 2069 991 2128 eredit
1012 2070 1043 2128 ei
1063 2069 1118 2141 qui
1138 2069 1220 2126 misit
1240 2082 1296 2138 me,

289 2155 380 2218 natet
410 2157 501 2215 vitam
528 2161 702 2230 aeternam,
735 2163 764 2216 et
793 2159 825 2215 in
856 2157 1001 2216 indicium
1028 2171 1088 2216 non
1116 2157 1211 2229 venit,
1242 2156 1298 2214 sed

289 2245 414 2304 transiit
442 2261 461 2304 a
490 2251 586 2304 morte
616 2245 647 2304 in
677 2246 777 2305 vitam.
822 2242 900 2304 Eeoe
928 2242 977 2304 hio
1004 2242 1079 2303 dixit
1100 2241 1202 2302 fideles
1225 2259 1296 2302 suos

289 2333 320 2390 in
349 2329 490 2394 iudicium
517 2350 576 2393 non
608 2335 718 2393 venire.
765 2331 830 2402 Quo
858 2330 946 2391 modo
973 2348 1045 2409 ergo
1071 2347 1127 2410 per
1154 2329 1295 2390 iudicium
1315 2344 1349 2393 20

290 2418 506 2497 separabuntur
534 2438 550 2479 a
578 2420 662 2482 maiis
690 2429 720 2481 et
747 2420 783 2480 ad
811 2421 876 2480 eins
899 2419 1050 2479 dexteram
1073 2417 1209 2497 stabunt,
1239 2418 1297 2476 nisi

291 2506 437 2585 quiahoc
465 2507 530 2567 loeo
558 2507 700 2570 iudicium
728 2527 783 2588 pro
806 2508 992 2568 damnatione
1015 2502 1137 2585 posuit?
1181 2504 1215 2566 ln
1239 2503 1296 2566 tale

291 2597 399 2674 quippe
426 2594 568 2656 iudicium
597 2614 655 2658 non
683 2600 816 2678 venient,
847 2598 900 2674 qui
926 2594 1051 2656 audiunt
1078 2593 1203 2656 verbum
1232 2595 1297 2654 eius

183 2673 188 2684 '
290 2691 321 2744 et
344 2681 471 2744 eredunt
492 2686 533 2762 ei,
556 2685 607 2762 qui
630 2686 710 2746 misit
731 2685 823 2746 illum.

693 2908 811 2975 Canon
834 2908 891 2974 VI.

420 3039 504 3110 Quae
525 3042 565 3098 sit
583 3042 685 3115 primo
707 3039 904 3110 resurreetio,
927 3054 1006 3111 quoe
1027 3039 1170 3100 secundo.

381 3159 492 3221 deinde
522 3161 654 3240 adiungit
684 3169 714 3220 et
742 3160 827 3220 dicit:
859 3161 967 3234 Amen,
995 3177 1082 3220 omen
1110 3163 1179 3221 dico
1207 3162 1297 3233 rotis,

290 3253 364 3325 quio
387 3252 469 3310 venit
489 3251 567 3311 toro
591 3257 620 3310 et
642 3265 724 3310 none
746 3255 799 3322 est,
821 3249 944 3323 quando
967 3251 1081 3308 mortui
1101 3249 1228 3309 audient
1248 3263 1297 3308 oo

363 3355 407 3424 10)
423 3352 474 3407 Mt.
494 3355 537 3418 25,
551 3356 583 3405 31
595 3368 654 3419 sqq.
711 3355 754 3420 19)
772 3351 810 3404 Io.
831 3357 856 3418 ὁ,
871 3357 905 3404 22
915 3366 975 3418 sqq.

362 3489 379 3538 2
397 3485 490 3608 erunt)
510 3486 575 3538 sunt
593 3484 621 3540 A
637 3484 647 3554 ΙΙ
665 3488 681 3536 8
700 3482 800 3538 nebulo
819 3483 848 3537 R
865 3484 1164 3550 (108,3o;136,19);
1187 3480 1300 3536 diabolo

291 3555 381 3627 (-bulo
393 3558 420 3626 p)
434 3556 472 3609 ret
484 3597 490 3608 .
505 3571 521 3609 o
534 3555 543 3623 lt
558 3559 574 3607 8
588 3553 733 3623 respondit
746 3553 915 3623 nto-rep
928 3551 1109 3622 respondebit
1118 3568 1141 3620 p
1153 3552 1163 3622 Ι
1176 3553 1206 3606 et
1218 3550 1301 3606 ibunt

289 3626 385 3694 inquit
401 3625 432 3678 hi
451 3625 653 3696 Roranam
672 3626 701 3678 et
718 3624 801 3678 ibunt
818 3623 850 3677 hi
867 3622 961 3691 inquit
979 3624 1019 3689 A3
1038 3625 1067 3678 ei
1084 3622 1128 3691 hi,
1145 3621 1251 3691 inquit,
1269 3622 1300 3676 in

291 3697 382 3768 suppl.
392 3698 445 3750 aet.
454 3694 561 3750 ibunto
574 3696 584 3765 ΙΙ
598 3701 631 3749 18
641 3696 720 3749 uenit
729 3694 789 3749 ΒΑ
797 3693 965 3765 θ’·ταὸερρ
976 3694 1109 3764 (ineram
1122 3694 1300 3762 ot.417,19)‚·

290 3784 387 3841 ueniet
408 3780 514 3838 (ΜΗ
534 3784 543 3852 ΙΙ
565 3789 597 3837 19
616 3781 718 3837 nonsit
738 3781 841 3850 (inem
859 3782 979 3838 transiet
993 3779 1085 3851 tnn-
1102 3783 1138 3850 οἵ.
1152 3786 1216 3849 417,
1228 3786 1265 3839 19
