3284 4459
336 510 401 574 616
744 521 764 562 s.
778 520 944 600 nuousrnu

336 662 367 721 in
386 657 561 720 tammultis
574 656 665 718 rebus
683 656 809 717 tuendae
829 665 880 716 aut
896 657 1083 736 recipiendae
1102 657 1204 718 salutis
1223 657 1349 720 auxilia!

338 748 432 820 Qunam
451 754 532 826 grata
551 745 723 806 vicissitudo
742 744 800 805 diei
819 744 992 805 alternantis
1009 753 1041 805 et
1063 744 1173 807 noctis!
1195 746 1348 807 durarum

339 853 426 915 quam
449 834 554 895 blanda
577 831 750 912 temperiesl
786 831 819 893 ln
844 832 1001 894 fruticibus
1023 841 1055 894 et
1076 833 1234 913 pecoribus
1257 836 1347 896 indu-

338 931 506 984 mentorum
534 920 785 982 conficiendorum
800 935 803 943 ’
817 928 925 999 quantu
949 920 1100 982 materies!
1137 921 1241 984 Omnia
1265 940 1348 984 com·

304 1025 503 1074 ememorare
534 1012 601 1089 quis
632 1005 749 1089 possit?
792 1008 872 1069 llaec
908 1018 1007 1070 autem
1037 1009 1113 1091 sola,
1145 1029 1220 1090 quae
1249 1029 1266 1071 a
1296 1031 1348 1073 me

338 1099 471 1161 velutin
495 1098 640 1178 quendam
664 1106 735 1158 sunt
757 1114 894 1176 aggerem
916 1105 1059 1180 coartata,
1089 1102 1115 1159 si
1137 1099 1240 1159 vellem
1263 1100 1349 1161 velut

338 1188 483 1267 conligata
511 1186 662 1247 involucra
692 1185 805 1246 solvere
836 1192 926 1264 atque
948 1184 1113 1267 discutere,
1139 1196 1248 1266 quanta
1271 1189 1348 1250 milri

338 1295 421 1338 mora
448 1283 529 1337 esset
550 1277 581 1335 in
605 1274 743 1353 singulis,
770 1272 879 1352 quibus
906 1273 1033 1353 plurima
1056 1275 1260 1336 continentur!
1306 1276 1349 1337 Et

338 1365 411 1426 baec
434 1366 531 1425 omnia
555 1365 732 1423 miserorum
755 1370 826 1422 sunt
848 1360 1112 1442 damnatorumque
1135 1364 1254 1445 solacia,
1284 1383 1347 1425 non

288 1466 320 1516 ιο
338 1456 467 1534 praemia
495 1451 658 1513 beatorum.
705 1449 786 1521 Quae
809 1452 901 1529 igitur
921 1449 972 1510 illa
995 1458 1079 1533 sunt,
1094 1454 1133 1530 vsi
1155 1459 1201 1513 tot
1223 1461 1254 1513 et
1275 1453 1349 1514 talia

339 1560 373 1603 ac
398 1549 480 1629 tauta
509 1546 579 1601 sunt
605 1536 683 1600 ista?
728 1537 804 1609 Quid
833 1537 914 1599 dabit
941 1540 984 1598 eis
1012 1558 1087 1618 quos
1117 1540 1350 1619 praedestinavit

339 1630 374 1691 ad
392 1632 491 1709 utam,
514 1631 566 1708 qui
583 1627 656 1688 haec
675 1626 757 1687 dedit
780 1629 868 1687 etiam
891 1627 935 1687 eis
957 1644 1033 1704 quos
1055 1628 1285 1707 praedestinavit
1309 1630 1348 1690 ad

339 1715 486 1779 mortem?
523 1716 604 1788 (lirae
622 1713 699 1775 bona
722 1718 753 1775 in
771 1714 820 1775 illa
843 1714 928 1775 beata
951 1717 1009 1776 vita
1031 1716 1120 1777 laciet
1142 1734 1194 1777 eos
1216 1736 1349 1798 sumere,

338 1824 394 1887 pro
417 1805 525 1885 quibus
548 1807 579 1865 in
605 1803 660 1864 hac
688 1806 796 1864 misera
818 1805 1004 1882 unigenitum
1027 1822 1114 1865 suum
1137 1805 1229 1866 lilium
1253 1805 1349 1867 voluit

289 1906 321 1958 15
340 1911 436 1973 usque
463 1894 498 1954 ad
527 1898 653 1953 mortem
683 1891 757 1952 mula
783 1900 863 1952 tanta
886 1888 1043 1971 perferre?
1087 1891 1171 1953 Unde
1194 1894 1349 1972 apostolus

339 1982 375 2043 de
399 1984 471 2061 ipsis
492 1984 525 2042 in
543 1980 614 2041 illud
633 1998 758 2059 reguum
780 1980 1007 2059 praedestinatis
1029 1980 1168 2059 loquens:
1195 1983 1255 2054 Qui
1271 2000 1349 2059 pro-

336 2074 420 2152 prio,
453 2071 562 2150 inquit,
591 2072 656 2142 filio
685 2086 745 2130 non
763 2072 916 2145 pepercit,
946 2071 1003 2129 sed
1019 2086 1079 2145 pro
1101 2071 1188 2130 nobis
1209 2073 1350 2149 omntirus

340 2161 470 2221 tradidit
501 2174 581 2233 eum,
613 2174 672 2232 quo
701 2159 788 2219 modo
815 2173 875 2217 non
902 2162 1027 2218 etcum
1054 2160 1105 2218 illo
1131 2161 1233 2219 omniu
1259 2161 1351 2221 nobes

341 2243 486 2309 denubit?
523 2244 597 2306 Cum
620 2244 694 2305 haec
716 2246 874 2323 promissio
897 2243 1102 2326 complebitur,
1125 2246 1196 2324 quid
1219 2247 1349 2309 erimus!

286 2348 321 2399 20
339 2336 441 2415 quales
464 2331 590 2394 erimusl
614 2332 695 2404 Quae
718 2332 795 2393 bona
817 2334 849 2392 in
871 2332 921 2393 illo
943 2348 1035 2411 regno
1058 2336 1210 2414 accepturi
1232 2352 1350 2417 sumus,

341 2423 457 2505 quando
472 2420 592 2502 quidem
607 2419 725 2482 Christo
744 2422 889 2481 moriente
907 2438 962 2500 pro
982 2420 1066 2481 nobis
1086 2420 1142 2481 tale
1161 2424 1219 2482 iam
1237 2425 1349 2503 pignus

341 2509 521 2592 accepimus!
553 2508 654 2580 Qualis
684 2511 741 2569 erit
770 2510 894 2588 spiritus
922 2507 1051 2569 hominis
1080 2509 1193 2571 nullum
1224 2515 1350 2574 omnino

340 2600 452 2661 babens
475 2601 593 2676 vitium,
623 2615 679 2659 nec
706 2595 762 2658 sub
790 2614 850 2674 quo
872 2598 980 2677 iaceat,
1010 2600 1136 2658 neceni
1160 2598 1260 2681 cedat,
1290 2619 1350 2663 nec

342 2696 445 2749 contra
474 2685 552 2765 quod
580 2685 684 2747 saltem
711 2684 898 2746 laudabiliter
920 2684 1052 2766 dimicet,
1079 2688 1264 2765 pacatissima
1289 2692 1350 2750 rir-

290 2789 323 2838 un
343 2783 407 2836 tute
436 2772 600 2854 perlectusl
632 2773 744 2835 ilerum
775 2771 817 2834 ibi
845 2775 974 2833 omnium
1006 2782 1130 2855 quanta,
1161 2793 1249 2854 quam
1280 2796 1349 2857 spe·

341 2865 435 2941 ciosa,
458 2878 545 2940 quam
569 2872 650 2921 certa
674 2863 812 2941 scientie,
835 2863 899 2921 sine
922 2878 1023 2921 errore
1047 2861 1144 2941 aliquo
1167 2862 1213 2924 vel
1235 2863 1350 2949 labore,

341 2950 392 3012 ubi
415 2949 467 3011 Dei
491 2950 633 3028 sapientia
656 2948 693 3009 de
716 2952 780 3029 ipso
804 2967 859 3009 suo
883 2950 964 3009 fonte
986 2949 1151 3031 potabitur,
1173 2969 1241 3012 cum
1266 2972 1349 3015 sum-

342 3056 388 3100 ma
416 3037 571 3117 felicitate,
604 3038 680 3097 siue*
700 3037 758 3097 ulla
786 3035 972 3097 difficultatel
1018 3036 1109 3108 Quale
1139 3042 1197 3101 erit
1228 3059 1350 3121 corpus,

343 3126 421 3206 quod
444 3126 524 3186 omni
552 3123 639 3185 modo
668 3126 785 3203 spiritui
812 3124 964 3185 subditum
987 3134 1018 3186 et
1041 3143 1076 3186 eo
1100 3128 1283 3190 sufficienter
1306 3134 1350 3192 vi-

289 3228 324 3278 30
342 3216 489 3275 vilicatum
521 3211 611 3273 nullis
642 3212 787 3273 alimoniis
819 3211 975 3292 indigebit!
1010 3214 1075 3274 Non
1106 3218 1184 3276 euim
1214 3218 1351 3300 animale,

342 3302 393 3363 sed
424 3302 555 3382 spiritale
586 3302 658 3382 erit,
688 3300 799 3361 habens
827 3302 946 3379 quidem
974 3305 1085 3384 carnis,
1112 3304 1164 3364 sed
1194 3307 1257 3365 sine
1289 3306 1351 3368 nlla

342 3390 452 3451 carnali
476 3391 665 3470 corruptione
690 3387 892 3450 substantiam.
1328 3382 1334 3391 ’

408 3513 452 3579 19)
470 3510 548 3563 Rom.
569 3516 593 3574 8,
609 3516 650 3563 32.

408 3653 422 3701 1
443 3649 493 3701 eut
506 3648 611 3718 Rupe
625 3652 749 3718 (merp.);
767 3651 800 3702 nt
814 3660 845 3716 ῆς
862 3665 896 3703 ec
909 3651 1020 3706 Aabee
1034 3656 1042 3721 ΙΙ
1055 3653 1235 3722 recipiendae
1249 3657 1356 3712 RAab

338 3721 467 3785 (620,1);
480 3718 688 3785 recuperandae
704 3718 836 3789 (trappe
849 3726 858 3783 Ι
872 3724 906 3773 10
920 3736 955 3775 ee
967 3721 1040 3777 teliu
1054 3725 1108 3779 eto
1121 3730 1131 3794 l
1145 3730 1179 3778 12
1194 3725 1254 3796 qui]
1269 3727 1295 3779 ei
1305 3728 1354 3799 Rp

339 3794 372 3843 14
390 3786 427 3840 fil.
449 3804 469 3839 s.
488 3804 517 3852 u;
536 3788 569 3852 es.
585 3792 628 3861 16Ι
638 3788 750 3855 proprio
764 3791 773 3856 ΙΙ
788 3794 820 3841 1ὀ
840 3790 915 3843 unde
934 3794 963 3845 et
981 3803 997 3840 -τ
