3284 4459
529 553 570 594 uu
584 553 728 596 omum
741 554 795 597 um
808 555 833 594 u.
847 555 910 594 xv1.
924 553 947 594 o.
960 555 981 595 s.
994 556 1014 595 ι.
1211 537 1274 602 129

268 685 401 748 texitur?
433 687 581 767 Numquid
615 691 707 748 ceteri
740 690 804 748 siue
832 687 899 748 siliis
927 685 1156 748 remanserunt?
1191 687 1275 748 Absit

268 776 324 836 hoo
362 778 498 856 credere3
536 778 587 837 sed
624 785 745 857 gentes,
781 785 904 855 propter
941 795 1014 856 quas
1050 779 1275 836 commemorari

268 864 349 942 digni
368 874 477 944 esseut,
501 883 559 926 uon
579 868 682 944 utique
701 865 848 945 iecerunt,
872 867 948 944 quis,
972 867 1049 926 siout
1067 863 1274 944 nascebantur,

267 953 332 1012 aliis
355 952 493 1031 gentibus
517 953 707 1013 addebantur.

675 1123 792 1189 Cneuu
811 1123 867 1190 IV.
1292 1141 1310 1190 o

335 1235 382 1296 oe
404 1237 579 1296 diuersitate
601 1237 774 1307 linpuornm
794 1236 1009 1310 principioque
1031 1235 1201 1311 Babylonis.

359 1357 431 1420 Cum
451 1376 521 1436 ergo
540 1359 570 1416 in
591 1358 652 1417 suis
676 1355 783 1434 linguis
806 1359 879 1417 istae
902 1365 1006 1435 gentes
1029 1357 1120 1418 fuisse
1143 1359 1273 1420 referan-

267 1458 333 1526 tur,
361 1447 439 1507 redit
466 1455 564 1506 tamen
592 1454 728 1505 narrator
754 1444 789 1504 ad
817 1444 890 1505 iliud
918 1453 1048 1526 tempus,
1076 1446 1192 1524 quando
1216 1464 1274 1508 una

269 1537 369 1614 lingua
393 1537 523 1594 omnium
547 1533 616 1612 suit,
643 1541 673 1593 et
695 1531 763 1593 inde
787 1535 845 1592 iam
869 1536 1001 1615 exponit,
1030 1533 1101 1612 quid
1125 1535 1274 1616 acciderit,

266 1633 302 1685 ut
320 1624 488 1703 linguarum
506 1620 659 1681 diversius
678 1630 859 1681 nasceretur.
896 1622 936 1681 Et
953 1628 1030 1696 erat,
1052 1623 1158 1703 inquit,
1180 1627 1274 1685 omnis
1293 1636 1326 1684 10

267 1721 356 1774 terro
388 1713 500 1772 lobium
532 1725 624 1770 unum
656 1716 686 1770 et
717 1726 776 1770 uox
805 1728 869 1770 uno
900 1712 1044 1770 omnibus.
1090 1711 1129 1771 Et
1152 1710 1274 1787 'factum

267 1808 327 1874 est,
355 1817 423 1862 cum
446 1805 599 1859 mouerent
621 1799 680 1873 ipsi
701 1799 739 1857 ud
768 1798 903 1871 Oriente,
933 1801 1113 1859 inuenerunt
1135 1817 1274 1875 campum

269 1892 300 1948 in
329 1896 415 1948 terra
442 1888 596 1960 Sennaor,
624 1892 655 1946 et
680 1887 897 1946 habitaverunt
922 1887 972 1946 idi.
1018 1886 1058 1946 Et
1084 1889 1165 1947 dixit
1185 1890 1272 1950 domo

265 1979 421 2052 proximo:
451 1975 561 2048 Venite,
581 1972 735 2048 faciamus
753 1977 864 2035 luteres
883 1980 912 2035 et
929 1991 1093 2050 coquamus
1112 1978 1177 2038 ilios
1200 1981 1273 2051 ipni.

269 2065 310 2124 Et
333 2063 415 2139 sacti
440 2069 512 2124 sunt
538 2065 596 2122 illis
623 2065 734 2123 luteres
763 2065 795 2123 in
823 2065 965 2138 lapidem,
994 2070 1024 2123 et
1051 2064 1183 2125 bitumen
1205 2073 1326 2125 erot15

268 2155 328 2212 illis
359 2155 466 2230 lutum,
497 2158 527 2211 et
559 2152 719 2210 dixerunt:
757 2149 873 2224 Venite,
905 2153 1099 2224 aedificemus
1130 2154 1275 2214 nobismet

268 2243 341 2316 ipsis
374 2242 526 2300 civitatem
557 2245 587 2298 et
618 2246 746 2310 turrem,
779 2242 867 2299 cuins
899 2246 993 2315 ooput
1020 2242 1080 2300 erit
1108 2257 1203 2315 nsque
1232 2244 1275 2302 od

267 2331 401 2402 coetum,
429 2334 458 2387 et
482 2325 636 2401 sociamus
668 2335 803 2387 nostrum
835 2344 941 2388 nomen
969 2335 1129 2403 antequam
1158 2331 1272 2404 disper-

263 2433 380 2491 pumur
407 2419 438 2475 in
462 2413 575 2489 sociem
603 2418 697 2476 omnis
730 2423 841 2476 terrae.
888 2413 927 2475 Et
949 2417 1105 2477 descendit
1128 2417 1273 2478 Dominus

267 2507 374 2565 uidere
396 2506 548 2564 ciuitatem
566 2510 596 2563 et
618 2509 742 2575 turrem,
765 2520 855 2577 quam
879 2505 1120 2576 aedificaverunt
1139 2508 1200 2577 plu
1220 2508 1271 2565 ito-
1291 2517 1325 2565 eo

266 2595 389 2652 minum.
435 2591 475 2650 Et
497 2593 578 2651 dixit
600 2592 744 2651 Dominus
767 2592 865 2652 Deus:
892 2592 973 2652 Eece
997 2609 1095 2666 penus
1125 2610 1217 2654 unum
1245 2601 1274 2654 et

266 2682 382 2741 ludium
411 2696 503 2740 unum
532 2682 679 2750 omnium;
705 2687 735 2739 et
761 2679 819 2741 hoo
848 2681 1068 2740 inchoaverunt
1092 2679 1214 2755 faeere,
1245 2689 1275 2742 et

266 2785 351 2828 nuno
379 2784 439 2828 uon
468 2769 609 2839 deficient
636 2785 676 2827 en
703 2769 761 2827 illis
790 2771 890 2827 omnin
923 2785 1002 2842 quoe
1028 2773 1133 2828 conati
1155 2768 1274 2844 suerint

263 2853 392 2930 [ocem
414 2857 520 2926 uenite,
544 2863 574 2914 et
592 2856 805 2917 descendentes
829 2853 1051 2929 confundamus
1074 2859 1117 2917 iot
1138 2860 1272 2931 linquam

265 2960 387 3017 eornm,
419 2951 454 3004 ut
484 2961 544 3004 non
583 2944 712 3002 audiunt
749 2947 954 3018 unusquisque
993 2961 1093 3004 uocem
1127 2949 1271 3022 proximi.
1291 2959 1325 3006 25

266 3033 307 3092 Et
335 3033 479 3108 dispersit
506 3048 555 3092 eos
579 3031 722 3091 Dominus
750 3033 821 3092 inde
847 3049 940 3107 super
959 3029 1073 3106 faciem
1096 3035 1190 3094 omnis
1214 3041 1272 3094 ter-

265 3138 342 3195 rue,
379 3126 409 3180 et
439 3125 636 3180 cessaverunt
671 3121 869 3191 oedificantes
901 3122 1053 3180 civitatem
1084 3128 1114 3182 et
1149 3129 1272 3182 turrem.

267 3209 401 3285 Propter
428 3209 485 3268 noo
513 3209 695 3282 appellatum
724 3214 768 3266 est
789 3224 896 3269 nomen
919 3210 999 3268 iilius
1022 3207 1173 3284 confusio,
1201 3213 1273 3284 quta

264 3297 311 3356 idi
328 3293 467 3370 confudit
485 3295 628 3354 Dominus
647 3295 730 3354 ludio
753 3298 847 3355 omnis
870 3302 991 3366 terroe;
1013 3305 1044 3357 et
1066 3299 1136 3358 inde
1158 3300 1273 3373 disper·

263 3388 306 3444 sit
329 3387 395 3445 illos
418 3383 563 3444 Dominus
586 3381 667 3442 dens
689 3399 781 3458 super
800 3379 915 3458 sociem
938 3387 1032 3444 omnis
1055 3392 1166 3446 terroe.
1212 3383 1271 3445 ista
1290 3399 1326 3445 30

338 3519 384 3588 30)
403 3516 470 3574 Gon.
491 3523 533 3584 11,
553 3522 567 3571 1
587 3533 647 3585 sqq.

340 3705 373 3752 14
386 3699 512 3769 proximo
529 3698 656 3753 VAGur
669 3714 717 3752 seo.
732 3698 788 3752 cod.
802 3698 895 3762 Aleum
909 3695 1035 3765 proximo
1049 3711 1099 3749 suo
1109 3693 1275 3764 RFbppo!

266 3777 300 3826 16
316 3774 345 3825 et
358 3770 442 3825 oedif.
455 3787 493 3824 uo
507 3772 516 3841 ΙΙ
531 3775 564 3853 18
575 3770 703 3852 nostrum
716 3785 781 3835 mss;
795 3767 977 3889 110118131ΰό
991 3765 1110 3834 proximi
1126 3765 1275 3833 VAFoep

263 3859 314 3897 seo.
337 3842 446 3908 Grnm.;
463 3857 584 3912 proximu
602 3857 646 3894 uu
665 3839 808 3908 RGbpro
822 3840 879 3907 1119
898 3837 926 3889 le
946 3853 1005 3888 mm
1023 3836 1051 3892 R

319 3939 599 3980 mmmmu
1045 3927 1062 3975 9
