3284 4459
539 525 579 564 on
593 524 736 565 mvmnrn
750 525 804 566 mu
817 525 843 565 u.
857 527 932 566 xvir.
946 525 969 566 o.
983 527 1002 568 s.
1206 509 1272 574 213

265 660 341 719 dnos
361 661 442 730 filios
464 666 530 720 tuos
552 662 619 740 tos,
647 661 746 736 Optat
767 668 797 720 et
820 661 964 721 Pittacas:
987 678 1049 720 ono
1072 662 1122 720 die
1143 663 1272 720 morien-

265 754 317 806 tur
350 748 445 808 ambo.
497 749 538 807 Et
564 750 718 809 suscitabo
746 750 821 808 mitti
845 751 1033 809 sacerdotem
1052 750 1189 822 :fidetem
1221 752 1275 823 qui

265 838 376 908 omnio,
400 853 479 911 quoe
497 840 528 897 in
547 839 641 898 eorde
659 854 723 897 meo
746 845 872 911 atquae
891 840 922 897 io
941 840 1043 897 ocimo
1061 854 1137 910 meo,
1157 836 1274 912 sociot;

265 931 295 984 et
313 926 484 996 oedificabo
502 929 533 985 'et'
549 928 667 986 domum
678 928 806 999 fidelem,
826 931 856 986 et
873 927 1017 985 transibit
1034 942 1138 986 coram
1156 925 1274 986 Christo

265 1029 331 1072 meo
360 1015 497 1073 omoidta
524 1015 637 1074 diebos.
683 1014 724 1073 Et
745 1017 817 1088 erit,
845 1016 899 1088 qut
919 1017 1112 1089 superaverit
1133 1017 1165 1074 itt
1188 1015 1308 1074 domos

266 1108 334 1173 too,
362 1105 461 1161 ueniet
487 1104 622 1162 odorare
645 1105 675 1162 ei
705 1103 790 1162 obolo
816 1105 941 1176 arpenti
967 1104 1086 1162 decos:
1117 1102 1206 1162 Iacto
1228 1119 1275 1163 me

267 1192 298 1249 in
322 1207 414 1248 onom
434 1197 554 1265 portem
576 1192 745 1251 socerdotii
765 1193 812 1250 toi
833 1192 1022 1251 mandatore
1040 1205 1160 1266 ponem.

357 1275 422 1336 Non
447 1286 492 1337 est
515 1287 548 1338 ut
571 1278 687 1338 dicatur
708 1281 765 1338 ista
787 1277 1024 1359 prophetia,'ubi
1048 1276 1204 1338 sacerdotii
1226 1296 1274 1338 ve·

268 1362 343 1425 teris
362 1372 441 1425 tanta
460 1367 695 1426 manifestatione
719 1368 923 1446 praenuntiata
946 1369 1068 1426 mutatio
1092 1375 1147 1446 est,
1169 1369 1200 1425 in
1224 1365 1274 1425 Sa·

267 1453 367 1512 muele
399 1454 490 1514 tuisse
520 1455 674 1533 completa.
719 1451 918 1535 (Otiamqiram
942 1457 1021 1515 enim
1045 1472 1104 1513 nou
1128 1462 1208 1514 esset
1237 1454 1274 1514 de
1295 1468 1328 1514 10

269 1541 324 1601 alia
349 1541 427 1602 tribu
449 1541 575 1623 Samuel,
599 1561 685 1621 quam
709 1559 793 1621 quae,
807 1545 967 1603 constituta
989 1542 1086 1603 tuerat
1109 1541 1276 1623 aliumne,

268 1637 303 1690 ut
325 1632 451 1691 serviret
478 1630 576 1711 altari,
605 1639 704 1691 tamen
731 1650 791 1691 non
814 1640 879 1690 erat
901 1630 937 1690 de
961 1630 1028 1690 filiis
1052 1631 1162 1711 Aaron,
1191 1633 1276 1691 cuius

267 1721 427 1796 progenies
446 1720 543 1779 iuerat
561 1718 708 1798 deputata,
731 1719 809 1780 trude
834 1721 939 1779 fierent
962 1719 1143 1797 sacerdotes;
1166 1736 1200 1778 ac
1222 1737 1277 1798 per

270 1807 428 1866 hocinea
449 1824 618 1885 quoquere
641 1816 722 1886 gesta
746 1807 848 1867 eadem
872 1809 994 1867 mutatio
1018 1822 1093 1885 quae
1117 1825 1171 1886 per
1194 1805 1276 1866 Chri·

269 1903 349 1954 stum
371 1894 470 1954 lesum
493 1895 592 1954 sutura
618 1895 715 1955 iuerat
741 1895 915 1955 adumbrata
939 1905 992 1976 est,
1015 1904 1045 1955 et
1068 1895 1104 1956 ad
1127 1905 1211 1956 vetus
1234 1903 1275 1956 te·
1296 1907 1328 1957 15

269 1990 448 2042 stamentum
480 1985 616 2062 proprie,
649 1984 772 2061 figurate
804 2001 875 2043 vero
904 1983 1072 2061 pertinebat
1101 1983 1137 2044 ad
1167 1991 1276 2044 novum

268 2070 423 2149 prophetia
447 2071 516 2131 iacti
539 2073 627 2130 etiam
650 2073 722 2152 ipsa,
746 2079 805 2131 non
829 2071 926 2152 verbi,
948 2071 977 2131 id
1002 2071 1115 2132 scilicet
1138 2073 1214 2132 iacto
1238 2074 1275 2131 si·

269 2160 425 2239 guidonus,
449 2158 528 2236 quod
552 2157 641 2219 verbo
665 2159 700 2218 ad
724 2159 790 2219 Heli
813 2159 996 2220 sacerdotem
1020 2159 1131 2220 dictum
1154 2168 1200 2220 est
1222 2177 1277 2238 per

268 2240 467 2328 prophetam.)
520 2245 594 2306 Nam
622 2248 743 2308 suerunt
769 2257 872 2326 postea
899 2247 1067 2308 sacerdotes
1099 2266 1135 2307 ex
1167 2265 1275 2326 genere

268 2337 383 2414 Aaron,
414 2337 492 2394 sicut
516 2334 610 2395 Sadoc
639 2345 669 2395 et
691 2335 845 2416 thothar,
872 2343 1014 2414 regnante
1038 2334 1143 2417 David,
1171 2344 1202 2396 et
1228 2336 1276 2396 alii
1295 2350 1329 2398 20

268 2422 425 2502 deinceps,
456 2432 613 2501 antequam
646 2433 763 2503 tempus
795 2427 925 2502 reniret,
953 2439 1012 2503 quo
1039 2425 1108 2504 ista,
1136 2441 1210 2502 quaa
1239 2424 1275 2485 de

269 2510 435 2571 sacerdotio
465 2511 606 2571 mutando
635 2520 715 2572 tanto
743 2520 811 2572 ante
839 2510 989 2591 praedicta
1013 2519 1095 2584 sunt,
1122 2513 1200 2572 citici
1222 2529 1277 2591 per

269 2597 422 2658 Christum
449 2599 612 2677 oportebat.
657 2599 731 2671 Otus
758 2608 856 2660 autem
884 2619 964 2660 nnnc
987 2599 1066 2660 fideii
1095 2600 1180 2660 oculo
1203 2599 1276 2661 haec

268 2689 389 2746 intuens
412 2706 473 2747 uon
500 2688 596 2748 videat
624 2707 689 2748 esee
712 2684 878 2768 compieta?
924 2687 1047 2758 Quando
1071 2688 1189 2766 quidem
1213 2689 1276 2749 nul·

269 2775 331 2834 lum
350 2774 583 2855 tabernaculum,
602 2776 716 2837 uttilum
733 2777 886 2857 templum,
908 2776 1023 2837 nullum
1041 2776 1140 2851 altare,
1164 2776 1277 2838 nullum
1296 2790 1329 2838 25

269 2864 449 2924 sacrificium
477 2872 507 2924 et
533 2865 600 2924 ideo
628 2883 683 2924 nec
710 2864 789 2926 ullus
818 2865 957 2925 sacerdos
985 2867 1127 2925 remansit
1153 2865 1278 2947 ludaeis,

269 2950 397 3032 qtribus,
428 2960 463 3012 ut
489 2951 526 3012 de
554 2955 665 3012 semine
688 2952 785 3013 Aaron
813 2952 1015 3033 ordinaretur,
1047 2955 1077 3012 in
1100 2953 1153 3014 Dei
1181 2955 1278 3015 iuerat

269 3039 334 3119 lege
353 3040 530 3100 mandatum.
576 3039 661 3111 Qirod
685 3050 715 3101 et
737 3041 784 3101 hio
808 3051 1070 3101 commemoratum
1094 3041 1211 3102 ostilio
1235 3042 1276 3102 di-

268 3136 356 3188 cente
387 3127 544 3206 propheta:
571 3128 666 3190 Hoec.
680 3132 757 3190 dicit
778 3130 924 3190 Dominus
947 3131 1030 3190 Deos
1053 3130 1166 3191 Isroel:
1189 3132 1277 3191 Daoi:

268 3218 382 3277 Domus
415 3224 469 3276 tuo
501 3224 531 3276 et
562 3219 666 3277 domos
692 3221 793 3293 patris
824 3220 871 3277 toi
897 3219 1072 3278 transibunt
1098 3233 1203 3280 cotom
1232 3236 1279 3279 me
1296 3230 1330 3278 ao

268 3322 365 3378 osque
384 3307 416 3364 in
434 3311 599 3365 oeternum.
636 3305 677 3364 Et
693 3323 776 3366 conc
794 3307 872 3366 dicit
889 3307 1049 3366 Dominus:
1072 3307 1278 3382 Nequaquam,

337 3419 366 3485 ’1)
395 3423 418 3470 1.
438 3415 512 3470 Sam.
537 3420 566 3485 2,
585 3422 618 3470 27
629 3435 688 3485 sqq.
763 3418 807 3487 12)
832 3416 904 3485 Aug.
929 3415 1053 3469 Retract.
1081 3414 1166 3469 lina
1194 3430 1217 3468 c.
1236 3417 1279 3466 43.

267 3490 313 3556 ao)
332 3494 356 3540 a.
373 3486 446 3541 Sam.
467 3494 509 3556 ιο,
524 3493 566 3540 24.

341 3651 374 3699 10
392 3662 448 3702 non
466 3648 551 3716 esset]
575 3646 613 3699 eit
631 3645 679 3700 Ab
699 3648 758 3714 (oto.
778 3647 844 3712 non)
868 3647 877 3714 11
901 3651 932 3698 11
953 3628 1050 3715 duom]
1073 3660 1129 3697 non
1150 3641 1280 3695 detribu

267 3717 325 3781 leui
335 3717 384 3771 Ab
397 3718 408 3786 1
422 3722 455 3771 lt
468 3719 565 3771 tomen
577 3733 634 3770 non
648 3718 721 3786 erat]
736 3718 765 3770 et
778 3716 842 3769 ideo
856 3732 908 3768 nec
917 3716 945 3770 A
956 3715 1014 3782 (sed
1028 3715 1061 3782 ef.
1077 3715 1127 3768 oot
1137 3715 1164 3780 1,
1172 3717 1191 3768 2
1191 3716 1256 3781 ,11)
1271 3715 1281 3826 1

268 3794 302 3842 13
321 3805 355 3842 ac
373 3803 424 3857 per
440 3788 506 3858 hoc]
525 3790 621 3842 tamen
639 3788 667 3841 A
684 3790 694 3856 1
712 3791 746 3839 20
766 3786 876 3839 Sadoeh
897 3785 1019 3841 Gob’eo
1115 3795 1117 3802 “
