3284 4459
757 485 779 528 S.
794 485 958 528 iocosum

760 720 875 787 Carnu
897 720 937 787 V.

347 869 392 928 Be
415 869 475 944 Api
501 885 574 942 repe
596 868 791 947 Arpinorum,
821 844 908 942 quem
931 871 1075 945 aeqypto·
1095 868 1234 945 Serapim
1249 871 1351 958 ,nomi-

571 963 674 1016 natum
698 957 799 1016 divino
821 958 936 1017 honore
958 961 1125 1017 coluerunt.

434 1097 486 1157 llis
514 1094 697 1175 temporibus
724 1114 776 1156 rex
804 1099 980 1176 Argivorum
1007 1098 1077 1176 Apis
1104 1096 1228 1157 navibus
1256 1106 1351 1158 trans-

312 1199 328 1246 5
347 1193 449 1246 vectus
472 1187 504 1245 in
526 1185 705 1263 Aegyptum,
728 1203 796 1245 cum
819 1185 861 1245 ibi
883 1195 1019 1245 mortuus
1042 1185 1160 1266 luisset,
1187 1186 1282 1246 iactus
1306 1193 1352 1246 est

347 1273 465 1355 Serapis
502 1275 633 1333 omnium
666 1275 808 1333 maximus
841 1275 1050 1352 Aegyptiorum
1081 1272 1163 1333 deus.
1217 1272 1351 1333 Nominis

346 1370 445 1423 autem
467 1362 565 1441 huius,
587 1378 642 1420 cur
660 1379 719 1420 non
737 1361 808 1440 Apis
832 1363 919 1421 etiam
942 1370 1009 1439 post
1031 1369 1166 1441 mortem,
1189 1361 1240 1421 sed
1265 1360 1351 1422 Sera-

345 1453 391 1530 pis
423 1448 586 1529 appellatus
625 1450 678 1529 sit,
716 1449 882 1509 facillimam
913 1450 1058 1509 rationem
1089 1447 1181 1510 Varro
1214 1449 1351 1510 reddidit.

346 1537 420 1609 Quia
453 1540 532 1600 enim
563 1554 645 1616 arca,
677 1538 708 1596 in
740 1554 797 1616 qua
825 1544 961 1597 mortuus
983 1539 1118 1618 ponitur,
1145 1537 1223 1617 qnod
1247 1556 1352 1598 omnes

296 1639 326 1688 to
346 1629 403 1686 iam
422 1624 634 1704 sarcophagum
654 1634 768 1706 vocant,
789 1619 876 1704 σορὸς
894 1625 1003 1685 dicitur
1021 1623 1141 1706 Graece,
1164 1635 1195 1686 et
1217 1625 1258 1688 ibi
1281 1645 1351 1688 eum

346 1715 481 1774 venerari
512 1712 662 1792 sepultum
694 1721 871 1793 coeperant,
902 1715 1076 1792 prinsquam
1111 1714 1254 1793 templum
1285 1718 1351 1776 eius

346 1810 425 1862 esset
444 1808 625 1862 extructum:
649 1800 727 1862 velut
750 1819 834 1860 soros
852 1810 883 1862 et
896 1803 966 1880 Apis
981 1800 1100 1880 Sorapis
1118 1805 1223 1881 primo,
1243 1803 1350 1864 deinde

346 1889 529 1969 unalittsra,
550 1888 666 1950 utheri
690 1889 809 1962 adsolet,
833 1897 1009 1954 commutata
1035 1889 1153 1969 Serapis
1176 1889 1273 1951 dictus
1296 1900 1352 1952 est.

346 1977 384 2038 Et
407 1979 600 2039 constitutum
624 1986 669 2038 est
691 1980 778 2038 etiam
802 1977 838 2037 de
863 1976 921 2056 illo,
945 1985 986 2052 ut,
1008 1980 1144 2057 quisquis
1166 1996 1234 2039 eum
1257 1980 1351 2040 homi·

296 2077 327 2126 15
348 2066 524 2126 neminisse
543 2064 674 2146 dixisset,
697 2065 850 2146 capitalem
873 2065 1017 2144 penderet
1037 2083 1171 2145 poenam.
1216 2066 1261 2142 Et
1278 2086 1351 2146 quo·
1460 2096 1461 2107 κ

255 2188 258 2195 ·
346 2156 424 2215 uiam
455 2155 516 2214 iere
549 2155 580 2214 in
613 2153 750 2214 omnibus
781 2153 917 2234 templis,
950 2153 1001 2214 ubi
1032 2152 1205 2215 colebantur
1233 2154 1289 2216 Isis
1320 2164 1352 2217 et
1460 2226 1461 2231 η

347 2243 475 2322 Serapis,
498 2251 561 2303 erat
580 2244 667 2301 etiam
686 2241 885 2321 simulacrum,
904 2241 982 2320 quod
1002 2241 1092 2320 digito
1110 2241 1196 2303 labiis
1215 2246 1351 2322 inpresso
1460 2250 1461 2257 ’

347 2332 504 2392 admonere
532 2329 695 2409 videretur,
729 2337 763 2391 ut
792 2329 942 2390 silentium
972 2331 1071 2391 fieret:
1099 2330 1156 2392 hoc
1184 2333 1350 2410 significare

346 2419 424 2480 idem
447 2417 538 2478 Varro
570 2419 729 2497 existimat,
761 2426 794 2478 nt
823 2417 957 2478 homines
989 2437 1040 2479 eos
1070 2419 1162 2480 luisse
1192 2429 1351 2481 taceretur.

294 2519 328 2567 20
346 2507 398 2567 llle
422 2516 520 2567 autem
543 2505 610 2586 hos,
638 2523 725 2584 quem
756 2504 882 2566 mirabili
905 2508 1030 2567 vanitate
1054 2507 1177 2587 decepta
1200 2508 1350 2588 Aegyptus

346 2598 378 2657 iu
400 2597 465 2655 eius
490 2593 632 2653 honorem
656 2591 769 2652 deliciis
794 2591 970 2653 alluentihus
994 2593 1097 2676 alebat,
1120 2599 1258 2675 quoniam
1281 2615 1350 2658 eum

346 2683 409 2744 sine
440 2682 619 2760 sarcophago
648 2683 744 2741 vivum
770 2681 1002 2762 venerabantur,
1032 2683 1118 2763 Apis,
1147 2702 1207 2744 non
1230 2683 1350 2764 Serapis

346 2769 512 2830 vocabatur.
567 2768 632 2840 Quo
664 2768 737 2829 bove
770 2778 887 2830 mortuo
920 2774 1057 2849 quoniam
1090 2771 1288 2851 quaerebatur
1319 2782 1351 2835 et
1460 2826 1461 2851 Ξ

346 2856 550 2937 reperiebatur
568 2857 676 2917 vitulus
695 2857 802 2917 coloris
822 2858 962 2937 eiusdem,
985 2859 1041 2920 hoc
1064 2868 1110 2920 est
1132 2859 1205 2920 albis
1229 2860 1350 2940 quibus·

293 2959 327 3007 25
348 2947 414 3006 dam
438 2945 558 3006 maculis
582 2944 717 3005 similiter
739 2947 910 3024 insignitus,
933 2950 1040 3008 mirum
1065 2948 1202 3026 quiddam
1224 2959 1255 3010 et
1278 2948 1350 3010 divi-

347 3037 426 3095 nitus
445 3032 501 3093 sihi
519 3042 711 3112 procuratum
730 3051 794 3093 esse
814 3033 983 3095 credebant.
1028 3034 1093 3097 Non
1113 3040 1192 3097 euim
1210 3055 1350 3117 magnum

347 3131 410 3183 erat
446 3120 636 3181 daemonibus
673 3121 708 3181 ad
744 3138 795 3181 eos
837 3121 1025 3200 decipiendos
1066 3123 1246 3202 phantasiam
1283 3126 1350 3187 talis

346 3212 436 3290 tauri,
468 3227 555 3289 quam
587 3207 647 3269 sola
680 3217 828 3283 cerneret,
861 3219 1009 3271 ostentare
1037 3230 1141 3273 vaccae
1171 3214 1352 3292 concipienti

347 3308 434 3378 atque
458 3299 645 3378 praegnanti,
669 3296 747 3358 unde
770 3296 860 3358 libido
884 3301 985 3359 matris
1009 3299 1193 3380 adtraheret,
1216 3301 1295 3380 quod
1318 3305 1351 3362 in
1460 3336 1461 3349 κ

291 3399 327 3448 ao
347 3388 410 3447 eins
438 3387 499 3446 ietu
527 3387 583 3445 iam
612 3385 804 3464 corporaliter
833 3396 999 3467 appareret3
1023 3390 1101 3448 sicut
1122 3387 1208 3449 Iacob
1232 3388 1268 3450 de
1292 3393 1350 3450 vir-

345 3477 389 3553 gis
412 3475 542 3554 variatiS,
567 3483 599 3532 ut
621 3491 690 3534 oves
714 3481 743 3533 et
767 3491 872 3552 caprae
894 3477 990 3534 variae
1013 3471 1220 3558 nascerentur,
1243 3478 1351 3540 effecit
1460 3484 1461 3499 ¹

346 3562 430 3634 Quod
461 3563 539 3621 enim
570 3560 704 3621 homines
733 3561 881 3622 coloribus
910 3572 941 3621 et
970 3563 1144 3642 corporibus
1172 3568 1263 3646 veris,
1292 3565 1351 3626 hoc
1460 3582 1461 3605 ¹

418 3673 463 3743 ot)
481 3671 548 3726 Gen.
569 3677 612 3738 30,
628 3678 660 3726 3'l
673 3691 734 3742 sqq.

418 3802 451 3850 21
472 3796 515 3850 ad.
535 3795 596 3867 1²93
616 3793 805 3852 crassedo
