3284 4459
316 481 355 544 76
722 493 743 534 a.
758 493 923 535 auousrun

315 628 347 688 Si
361 645 431 707 crgo
449 628 645 688 humanarum
662 629 789 687 vitarum
804 627 1023 708 diuturnitates,
1046 645 1119 706 quas
1134 630 1250 706 experti
1265 647 1326 690 non

315 735 431 790 sumus,
453 716 542 776 hodie
564 715 674 776 babere
697 715 864 776 creduntur
884 718 1035 794 incognita
1058 715 1144 776 nobis
1166 716 1246 796 loca,
1269 735 1327 777 cnr

315 823 379 874 non
402 803 539 866 babuisse
570 805 730 864 credantur
758 812 788 864 et
815 800 970 882 tempora?
1014 805 1059 866 dn
1088 822 1158 864 vero
1182 804 1327 866 credibile

316 901 362 952 est
385 891 493 953 alicubi
521 911 587 952 esse
611 893 690 970 quod
712 892 761 952 hic
784 911 844 952 non
867 901 925 971 est,
953 901 984 952 et
1006 892 1182 954 incredibile
1205 902 1252 954 est
1274 893 1328 952 ali·

281 980 433 1060 cquando
457 981 549 1042 luisse
573 980 650 1059 quod
674 998 754 1041 nunc
777 999 836 1041 uon
860 977 927 1041 est?

730 1187 848 1252 (incur
865 1187 904 1253 X.

339 1317 385 1377 lie
409 1317 598 1391 differentia,
626 1333 687 1390 qua
710 1319 790 1377 inter
812 1317 969 1377 Hebraeos
991 1324 1022 1377 et
1043 1321 1161 1377 nostros
1184 1320 1305 1378 codices

422 1443 424 1448 -
498 1408 640 1466 videntur
663 1421 811 1464 annorum
834 1407 956 1465 numeri
977 1407 1143 1466 dissonare.

407 1529 551 1599 Quocirca
579 1529 636 1588 etsi
663 1529 741 1588 inter
764 1526 914 1589 Hebraeos
942 1536 973 1588 et
999 1537 1119 1589 nostros
1148 1529 1265 1590 codices
1289 1529 1330 1590 de

266 1629 299 1677 10
318 1620 381 1695 ipso
417 1635 541 1677 numero
573 1634 718 1676 annorum
754 1615 895 1676 nonnulla
933 1616 1051 1678 videtur
1082 1635 1147 1677 esse
1180 1617 1332 1699 distantia,

318 1705 395 1784 quod
419 1707 523 1783 ignoro
543 1722 600 1782 qua
622 1707 736 1764 ratione
755 1707 794 1765 sit
816 1705 939 1766 facturn:
962 1723 1022 1765 non
1045 1714 1142 1765 tamen
1167 1715 1247 1766 tanta
1271 1717 1332 1786 est,

318 1803 351 1854 nt
377 1793 442 1853 illos
470 1792 604 1854 homines
632 1801 692 1852 tarn
720 1791 878 1871 longaevos
905 1793 996 1854 luisse
1020 1793 1204 1854 dissentiant.
1251 1794 1328 1854 Narn

302 1885 381 1960 ipse
408 1881 496 1941 homo
524 1883 638 1960 primus
661 1880 768 1962 Adam,
800 1889 957 1958 antequam
981 1884 1117 1960 gigneret
1138 1882 1246 1963 lilium,
1274 1886 1327 1961 qni

319 1978 365 2030 cst
382 1970 545 2048 appellatus
565 1968 646 2049 Seth,
669 1969 812 2030 ducentos
832 1971 951 2046 triginta
969 1971 1079 2030 vixisse
1097 1988 1190 2030 annos
1213 1975 1330 2050 reperi-

267 2070 299 2118 15
318 2068 367 2119 tur
395 2061 426 2118 in
454 2056 605 2118 codicibus
632 2059 755 2138 nostris,
782 2059 812 2117 iu
836 2056 978 2118 Hebraeis
1007 2067 1107 2118 autern
1130 2067 1251 2120 centurn
1273 2062 1326 2120 tri·

318 2149 398 2225 ginta
415 2145 601 2225 perhibetur3
625 2145 677 2205 sed
695 2154 798 2225 postea
821 2163 908 2224 quarn
931 2163 999 2206 curn
1023 2149 1134 2227 gennit,
1157 2149 1326 2226 septingen-

318 2244 365 2295 tos
391 2236 498 2294 vixisse
525 2233 634 2312 legitur
661 2235 692 2294 in
719 2233 843 2313 nostris,
872 2236 1057 2312 octingentos
1089 2253 1159 2294 veru
1188 2237 1220 2296 in
1251 2235 1333 2316 illis;

319 2330 407 2400 atque
429 2325 470 2382 ita
492 2324 522 2382 in
546 2323 681 2399 utrisque
709 2323 909 2382 universitatis
931 2340 1046 2382 summa
1069 2323 1237 2384 concordat.
1284 2325 1326 2384 dc

318 2410 425 2471 deinde
448 2428 503 2489 per
525 2418 741 2488 consequentes
771 2412 976 2488 generationes
999 2419 1156 2489 antequam
1180 2414 1333 2494 gignatur,

266 2511 300 2559 20
320 2501 371 2577 qui
400 2501 480 2578 gigni
512 2507 772 2577 commemoratur,
802 2500 903 2577 minus
932 2500 1039 2558 vixisse
1067 2499 1144 2577 aprrd
1174 2498 1332 2561 Hebraeos

319 2597 404 2666 pater
427 2589 491 2648 eins
519 2588 668 2646 invenitur
691 2595 810 2646 centnm
834 2605 940 2666 annos3
968 2586 1020 2647 sad
1043 2595 1145 2665 postea
1169 2605 1258 2666 quam
1281 2596 1334 2650 est

320 2677 437 2755 genitus
465 2674 543 2734 idem
570 2677 649 2754 ipse,
677 2683 796 2734 centurn
824 2677 923 2735 minus
952 2692 1040 2752 quarn
1062 2677 1093 2735 in
1116 2674 1259 2736 Hebraeis
1282 2679 1336 2736 in··

320 2765 479 2824 veniuntur
509 2765 540 2822 in
569 2763 693 2842 nostris3
720 2771 808 2840 atque
836 2764 878 2822 ita
909 2771 939 2822 et
967 2762 1037 2822 bine
1066 2772 1096 2823 et
1118 2763 1186 2824 indc
1210 2768 1330 2825 numeri

321 2853 496 2912 universitas
517 2859 666 2911 consonat.
703 2849 736 2910 ln
755 2859 837 2910 sexta
855 2859 955 2911 autem
972 2854 1161 2929 generatione
1181 2870 1329 2931 nusquam

268 2941 440 3017 auctrique
464 2938 581 2998 codices
600 2938 777 3017 discrepant.
822 2938 856 2998 ln
880 2941 1004 3018 septima
1027 2957 1107 3019 vero,
1129 2939 1181 3000 ubi
1203 2939 1252 3000 ille
1275 2944 1334 3019 (μή

321 3035 407 3088 uatus
434 3036 480 3088 est
506 3026 609 3087 Enoch
640 3045 698 3086 non
729 3035 880 3106 mortuus,
911 3027 962 3088 sed
992 3027 1071 3106 quod
1093 3026 1154 3087 lieo
1183 3028 1335 3107 placuerit

321 3115 479 3176 translatus
508 3132 573 3176 csse
597 3124 749 3195 narratur,
781 3115 885 3174 eadem
906 3115 1087 3175 dissonantia
1101 3125 1169 3197 est,
1198 3120 1329 3195 quaein

321 3203 525 3282 superioribus
549 3205 679 3282 quinque
702 3202 739 3262 de
762 3212 882 3264 centium
904 3205 990 3264 annis
1013 3212 1171 3282 antequam
1192 3207 1335 3284 gigneret

322 3310 403 3372 eum,
431 3293 482 3370 qui
505 3290 546 3350 ibi
569 3300 815 3351 commemoratus
839 3299 898 3372 est,
921 3291 1027 3371 lilium,
1050 3300 1138 3369 atque
1160 3295 1191 3353 in
1215 3311 1334 3353 summa

268 3380 425 3441 absimilis
453 3382 652 3440 consonantia.
699 3377 776 3439 Vixit
807 3381 886 3439 enim
909 3397 1017 3460 annos,⁴
1047 3389 1202 3458 antequam
1233 3390 1328 3442 trans·

394 3535 438 3599 tc)
456 3531 524 3586 Gen.
544 3539 568 3598 5,
587 3537 603 3585 3
623 3533 676 3587 ebo.

320 3677 532 3688 —..----—-

392 3767 424 3816 23
442 3765 471 3814 et
485 3760 549 3812 hinc
560 3758 706 3824 uncam
726 3759 755 3809 et
768 3771 818 3810 om.
836 3756 952 3811 VAabv
966 3758 975 3824 ll
989 3762 1023 3809 29
1038 3757 1123 3823 atque
1137 3756 1179 3809 itu
1191 3757 1222 3809 in
1238 3757 1336 3812 Gabo-
