3284 4459
329 475 394 539 586
729 489 929 532 senensem

328 624 384 685 bac
412 624 488 684 mole
515 624 586 702 quid
614 625 674 704 agit
700 624 837 685 subtilior
864 620 1023 686 omnibns?
1068 623 1102 685 ln
1125 624 1181 685 hoe
1205 625 1340 705 pondere

329 713 400 791 qnid
432 714 492 791 agit
523 711 615 773 levior
647 709 806 774 omnibus?
851 714 884 773 ln
916 714 970 773 bae
1002 712 1140 773 tarditate
1173 714 1245 793 qnid
1278 718 1341 793 agit

329 801 454 861 celerior
477 796 636 861 omnibus?
680 800 762 861 ltane
784 820 839 881 per
862 801 951 863 buius
975 810 1034 863 tam
1058 800 1230 862 excellentis
1253 812 1341 865 natu·

329 907 379 949 rae
403 891 541 950 meritum
565 907 624 949 non
646 891 757 968 poterit
778 890 870 971 ellici,
894 897 928 952 nt
949 908 1058 969 corpus
1082 892 1146 950 eius
1168 890 1286 952 levetur
1308 894 1341 951 in

293 976 452 1057 ocaelum,
475 985 596 1038 etcum
620 977 712 1037 valeat
734 996 814 1038 nnnc
838 987 941 1039 natura
965 996 1124 1057 corporum
1147 986 1341 1039 terrenorum

329 1066 495 1144 deprimere
524 1068 636 1126 animas
666 1065 818 1146 deorsum,
851 1066 1006 1145 aliquando
1039 1075 1069 1127 et
1096 1068 1210 1127 animae
1240 1066 1341 1129 levare

329 1172 448 1214 sursum
470 1161 589 1214 terrena
612 1172 737 1233 corpora
760 1173 820 1214 non
843 1152 1002 1216 valebunt?

416 1242 477 1302 lam
505 1244 531 1302 si
554 1242 594 1305 ,ad
623 1260 728 1302 eorum
755 1243 896 1303 miracula
924 1246 1088 1324 veniamus,
1117 1261 1192 1321 quae
1223 1244 1301 1304 lacta
1325 1264 1342 1305 a

329 1331 385 1391 diis
413 1332 476 1391 suis
503 1339 657 1409 opponunt
684 1330 863 1409 martyribus
887 1334 1010 1412 nostris,
1039 1349 1138 1391 nonne
1161 1334 1251 1392 etiam
1274 1335 1341 1412 ipsa

278 1432 310 1481 10
328 1437 384 1499 pro
406 1418 492 1479 nobis
520 1419 618 1479 lacere
646 1427 675 1478 et
706 1417 791 1479 nobis
814 1421 1003 1498 reperientur·
1026 1421 1146 1479 omnino
1168 1418 1342 1499 prolicere?

327 1507 402 1568 Nam
423 1509 503 1567 inter
525 1524 629 1585 magna
656 1507 795 1567 miracula
826 1508 949 1568 deorum
973 1526 1096 1568 suorum
1119 1508 1253 1586 prolecto
1277 1528 1339 1569 ma·

328 1613 418 1675 gnum
446 1593 518 1655 illud
546 1602 605 1674 est,
633 1594 711 1673 quod
740 1594 831 1656 Varro
856 1590 1085 1676 commemorat,
1108 1595 1254 1657 Vestalem
1279 1600 1338 1657 vir·

327 1686 439 1764 ginem,
462 1700 531 1743 cnm
548 1682 767 1762 periclitaretur
789 1682 826 1743 de
850 1692 954 1764 stupro
978 1684 1050 1745 laisa
1072 1687 1258 1766 suspicione,
1281 1689 1340 1746 cri-

327 1772 416 1833 brum
442 1769 582 1849 implesse
608 1789 683 1849 aqua
710 1770 747 1832 de
775 1771 877 1832 Tiberi
906 1781 936 1834 et
962 1770 999 1833 ad
1027 1791 1097 1833 suos
1120 1772 1234 1833 indices
1259 1774 1340 1834 nulla

277 1874 309 1920 15
329 1862 393 1920 eins
420 1857 602 1938 perstillante
630 1866 713 1938 parte
741 1869 884 1939 portasse.
931 1861 1004 1932 otus
1032 1878 1124 1939 aquae
1149 1860 1265 1940 pondus
1289 1881 1339 1922 sn-

329 1965 382 2027 pra
409 1947 541 2007 cribrum
568 1943 686 2008 tenuit?
731 1948 805 2019 Quis
832 1958 877 2009 tot
903 1952 1038 2010 cavernis
1065 1949 1235 2028 patentibus
1266 1950 1340 2011 nibil

328 2035 397 2096 inde
419 2037 451 2096 in
473 2042 584 2095 terram
607 2034 713 2095 cadere
736 2034 894 2115 permisit?
938 2036 1123 2117 Responsuri
1146 2046 1229 2099 snut:
1261 2038 1339 2120 „Ali-

329 2125 396 2202 quis
418 2123 492 2183 dens
514 2132 565 2184 aut
588 2124 693 2202 aliquis
716 2118 869 2185 daemon.“
915 2124 947 2185 Si
969 2125 1053 2207 deus,
1076 2126 1220 2203 numquid
1244 2130 1340 2187 maior

328 2222 375 2274 est
397 2212 471 2293 beo,
494 2214 545 2290 qui
568 2212 639 2273 lecit
660 2211 740 2273 buno
763 2210 930 2274 mundum?
976 2212 1007 2273 Si
1030 2213 1170 2295 daemon,
1192 2214 1338 2294 numquid

275 2314 309 2362 20
328 2302 477 2381 potentior
507 2308 554 2360 est
582 2299 702 2381 angelo,
734 2302 785 2378 qui
812 2300 873 2361 Deo
902 2304 1006 2381 servit,
1033 2319 1051 2361 a
1080 2319 1139 2381 qno
1167 2302 1263 2363 lactus
1293 2312 1340 2365 est

328 2384 479 2451 mundus?
524 2387 557 2448 Si
586 2406 656 2467 ergo
686 2387 761 2449 dens
789 2391 887 2450 minor
913 2389 960 2451 vel
988 2390 1109 2469 angelus
1136 2389 1183 2451 vel
1212 2390 1339 2452 daemon

328 2480 425 2558 potnit
442 2477 558 2556 pondus
577 2477 670 2537 umidi
688 2476 827 2538 elementi
850 2480 893 2538 sic
918 2478 1110 2560 suspendere,
1133 2486 1168 2540 ut
1190 2497 1338 2557 aquarum

327 2566 462 2627 videatur
480 2573 591 2627 mutata
609 2566 702 2626 luisse
721 2574 842 2626 natura:
864 2568 943 2626 itane
963 2566 1042 2627 Deus
1065 2568 1263 2649 omnipotens,
1287 2572 1340 2647 qui

329 2656 427 2714 omnia
453 2655 517 2732 ipsa
544 2656 655 2714 creavit
681 2653 839 2734 elementa,
867 2661 987 2715 terreno
1011 2656 1131 2735 corpori
1153 2673 1241 2735 grave
1264 2675 1338 2735 pon-

276 2743 384 2804 andus
414 2742 532 2802 anferre
562 2759 621 2801 non
650 2745 773 2824 poterit,
800 2750 835 2803 ut
863 2744 894 2804 iu
922 2742 1026 2803 eodem
1055 2743 1201 2805 elemento
1224 2743 1339 2806 habitet

327 2829 504 2890 vivificatum
527 2846 646 2910 corpus,
668 2831 699 2889 in
722 2849 781 2909 quo
804 2829 932 2892 voluerit
954 2832 1102 2891 vivilioans
1125 2828 1271 2911 spiritns?

418 2915 529 2976 Deinde
553 2934 621 2976 cnm
649 2934 717 2977 aera
739 2918 870 2979 medium
892 2926 1004 2998 ponant
1026 2922 1105 2981 inter
1127 2921 1227 3000 ignem
1250 2920 1338 2982 desu-

327 3024 382 3085 per
405 3012 434 3065 et
456 3022 561 3082 aquam
584 3002 696 3084 subter,
719 3005 789 3083 quid
814 3018 860 3068 est
883 3007 960 3087 quod
985 3026 1054 3069 enm
1076 3010 1155 3069 inter
1177 3026 1283 3087 aquam
1307 3018 1339 3071 et

329 3111 434 3172 aquam
457 3103 488 3153 et
509 3093 588 3152 inter
610 3109 717 3170 aquam
739 3103 770 3155 et
792 3103 902 3155 terram
926 3113 1013 3175 saepe
1035 3093 1225 3158 invenimus?
1258 3096 1337 3169 Quid

275 3194 310 3244 80
329 3184 407 3241 enim
430 3179 533 3240 volunt
554 3197 621 3241 esse
644 3198 770 3259 aquosas
793 3182 898 3265 nubes,
920 3186 998 3245 inter
1022 3202 1095 3263 quas
1119 3194 1150 3245 et
1173 3186 1263 3245 maria
1286 3204 1338 3247 aer

328 3270 443 3329 medius
461 3264 631 3347 reperitur?
667 3268 810 3351 Quonam,
830 3289 948 3352 quaeso,
971 3271 1186 3334 elementorum
1204 3272 1337 3351 pondere

328 3367 415 3435 atque
435 3357 538 3416 ordine
558 3357 694 3438 eflicitur,
717 3366 751 3418 ut
769 3366 919 3421 torrentes
943 3360 1147 3421 violentissimi
1168 3369 1258 3439 atque
1282 3380 1336 3422 un·

327 3446 484 3525 dosissimi,
506 3452 663 3524 autequam
682 3444 737 3506 sub
756 3463 824 3506 aere
842 3449 874 3507 in
892 3450 981 3509 terris
1000 3456 1130 3529 currant,
1154 3467 1245 3528 super
1268 3468 1337 3511 aera

395 3693 427 3739 15
445 3687 623 3754 perstillente
638 3693 719 3758 parto
734 3692 762 3745 R
776 3692 838 3757 (lib.
854 3697 889 3745 10
902 3708 924 3746 o.
939 3698 975 3748 16
988 3694 1055 3747 med.
1070 3696 1198 3749 Proverb.
1213 3696 1258 3761 19,
1273 3698 1337 3761 13);

323 3760 403 3826 porte
426 3757 551 3811 stillante
574 3760 785 3829 Aowaoeppv
805 3763 815 3829 ΙΙ
836 3766 870 3813 24
893 3761 955 3830 ipse
978 3764 1160 3836 eumaem
1183 3765 1245 3833 ipse
1266 3767 1337 3821 Abo

394 4071 559 4145 A
