3284 4459
568 517 609 556 nn
623 515 767 558 emmanu
780 516 834 557 nm
847 517 872 556 n.
886 516 936 556 xx
950 515 974 556 ο.
987 518 1007 557 a.
1228 500 1294 567 425

284 660 366 712 reret
386 653 451 711 eius
469 650 594 729 maligna
613 653 752 731 potentie,
775 652 873 711 minus
897 659 1014 711 sanctae
1038 653 1164 711 civitatis
1187 651 1293 711 tidelis·

285 742 360 799 sima
388 741 527 818 patientia
554 738 750 818 probaretur,
781 742 880 799 rninns
908 741 1036 818 denique
1065 742 1294 821 perspiceretur,

286 845 377 907 quam
396 844 500 906 magno
519 829 584 888 eius
602 828 678 888 malo
701 837 761 888 tam
784 827 860 887 bene
885 827 975 889 luerit
997 846 1070 888 usus
1093 826 1295 907 Omnipotens,

286 919 340 995 qui
370 934 438 977 enm
469 934 524 976 nec
552 918 673 977 omnino
701 915 821 977 abstulit
849 934 864 975 a
892 917 1085 994 temptatione
1116 924 1295 994 sanctorum,

287 1006 421 1083 quamtis
449 1003 486 1065 ab
513 1022 617 1065 eorum
644 1003 836 1065 interioribus
860 1003 1042 1083 bominibus,
1073 1003 1124 1064 ubi
1147 1006 1177 1064 in
1201 1004 1330 1068 liemon

287 1093 435 1173 creditor,
466 1093 545 1153 ioras
571 1095 710 1173 missum,
740 1101 774 1154 ut
801 1096 865 1153 eius
889 1094 1055 1153 lorinsecus
1078 1095 1295 1171 oppugnatione

286 1183 480 1261 proficerent3
509 1189 540 1241 et
562 1183 593 1241 io
617 1183 675 1263 eis,
697 1183 749 1259 qui
772 1191 843 1241 sunt
865 1200 901 1241 ex
923 1191 1007 1260 parte
1031 1183 1138 1261 ipsius,
1160 1180 1296 1260 alligavit,

288 1289 326 1330 nc
350 1277 489 1348 quantam
516 1278 618 1348 posset
645 1270 824 1330 eliundendo
848 1278 878 1330 et
901 1269 1066 1331 exercendo
1089 1268 1228 1329 malitiam
1252 1271 1294 1329 in·

287 1356 487 1418 numerabiles
510 1358 657 1438 infirmos,
686 1376 721 1419 ex
746 1357 854 1436 quibus
877 1358 1032 1419 ecclesiam
1056 1356 1243 1436 multiplicari
1267 1365 1297 1417 et

287 1446 406 1525 impleri
428 1444 593 1525 oportebat,
615 1446 688 1507 alios
711 1446 893 1527 credituros,
916 1446 988 1506 alios
1011 1449 1068 1506 iarn
1092 1445 1257 1526 credentes,
1280 1463 1296 1505 a
1316 1462 1348 1508 10

289 1533 347 1595 lide
377 1534 496 1613 pietatis
525 1534 579 1594 bos
609 1534 789 1609 deterreret,
819 1535 874 1594 hos
902 1536 1064 1614 irangeret3
1092 1543 1123 1594 et
1149 1533 1243 1594 solvet
1265 1535 1295 1594 in

288 1624 357 1702 line,
379 1631 422 1703 nt,
445 1640 533 1701 quam
553 1623 660 1683 iontem
683 1623 883 1683 adversarium
902 1622 955 1683 liei
979 1625 1081 1684 civitas
1104 1625 1297 1702 superaverit,

289 1729 358 1771 cnm
390 1712 503 1789 ingenti
533 1710 626 1789 gloria
655 1714 702 1772 sui
731 1711 928 1790 redemptoris
958 1711 1101 1772 adiutoris
1130 1710 1296 1771 liberatoris

291 1800 422 1879 aspiciat.
468 1798 502 1858 ln
519 1817 623 1859 corum
643 1817 723 1880 sane,
746 1803 797 1877 qui
814 1808 887 1859 ωηο
910 1800 1003 1860 iuturi
1026 1808 1105 1880 sont,
1127 1806 1297 1860 sanctorum

289 1898 378 1966 atquc
398 1886 528 1947 fidelium
548 1890 765 1966 comparatione
784 1888 856 1965 quid
874 1884 999 1948 sumus?
1036 1887 1159 1958 Quando
1178 1889 1297 1966 quidem
1318 1902 1351 1951 15

289 1976 326 2037 ad
350 1975 416 2036 illos
434 1974 603 2055 probandos
621 1985 721 2036 tantus
744 1976 875 2036 solvetur
898 1978 1045 2055 inimicus,
1068 1994 1136 2036 cum
1160 1994 1219 2054 quo
1243 1993 1298 2036 nos

289 2065 378 2143 ligato
406 2067 496 2124 tantis
524 2064 664 2141 periculis
692 2064 875 2124 dimicamus.
921 2063 1060 2134 Quamvis
1089 2073 1118 2125 et
1144 2063 1202 2123 hoc
1225 2071 1297 2125 tcm-

290 2154 372 2232 poris
395 2150 548 2212 intervallo
572 2152 713 2229 quosdam
736 2152 845 2213 milites
868 2150 977 2213 Christi
1000 2159 1060 2211 tam
1082 2150 1245 2231 prudentes
1269 2162 1299 2213 et

290 2243 384 2301 lortes
407 2241 500 2301 luisse
518 2249 607 2317 atque
627 2258 692 2301 esse
715 2258 774 2299 non
798 2239 922 2301 dubium
945 2248 999 2320 est,
1024 2247 1064 2319 ut,
1088 2242 1203 2300 etiamsi
1226 2247 1298 2301 tunc

289 2332 322 2389 in
345 2331 400 2389 ista
422 2328 601 2388 mortalitate
631 2330 778 2408 viverent,
808 2328 926 2406 quando
950 2328 997 2388 ille
1021 2328 1165 2408 solvetur,
1195 2347 1298 2389 omnes
1317 2343 1352 2392 ω

290 2417 412 2478 insidias
441 2418 505 2477 eius
532 2424 620 2494 atque
647 2420 776 2495 impetus
804 2426 835 2476 et
862 2424 1001 2477 caverent
1031 2418 1245 2495 sapientissime
1269 2425 1299 2478 et

290 2506 505 2585 patientissime
528 2507 719 2565 sustinerent.

381 2592 459 2654 llaec
482 2601 581 2653 autem
605 2592 730 2671 alligatio
754 2592 861 2653 diaboli
885 2611 944 2653 non
968 2592 1062 2653 solum
1087 2593 1162 2652 iacta
1185 2601 1240 2673 est,
1262 2612 1299 2653 ex

292 2700 352 2761 quo
380 2683 478 2759 coepit
505 2681 629 2741 ccclesia
656 2691 774 2761 praeter
801 2681 936 2741 ludaoam
965 2689 1074 2742 terram
1104 2682 1134 2740 in
1165 2683 1299 2741 nationes

291 2770 361 2830 alias
385 2777 473 2847 atque
492 2768 563 2829 alias
581 2769 710 2850 dilatari3
734 2770 786 2829 scd
809 2772 896 2830 etiam
920 2788 1000 2830 nunc
1023 2771 1057 2829 fit
1079 2779 1109 2830 et
1131 2771 1182 2829 fiet
1204 2783 1352 2847 usquead

291 2858 328 2919 ad
359 2859 518 2941 terminum
550 2858 675 2937 saecoli,
706 2876 764 2937 quo
793 2856 952 2918 solvendus
980 2866 1040 2931 est,
1071 2860 1138 2935 qiria
1167 2865 1197 2918 et
1220 2876 1299 2919 nunc

290 2947 426 3007 homines
449 2944 486 3005 ab
509 2946 694 3026 infidelitate,
721 2949 752 3006 in
774 2964 834 3025 qna
857 2964 909 3006 cos
933 2948 995 3025 ipse
1019 2945 1202 3025 possidebat,
1230 2964 1299 3006 con-

290 3042 443 3095 vertuntur
478 3032 514 3093 ad
542 3033 630 3095 fidem
658 3043 688 3095 et
715 3052 810 3112 usque
838 3035 868 3093 in
896 3033 979 3094 illum
1009 3036 1097 3094 linem
1121 3035 1185 3094 sine
1209 3033 1300 3094 dubio

291 3130 518 3202 convertentur,
545 3130 576 3183 et
602 3125 705 3202 utique
732 3124 893 3200 unicuique
921 3124 977 3182 iste
1001 3124 1086 3182 lortis
1109 3130 1180 3182 tunc
1203 3122 1299 3200 alliga·

292 3220 355 3289 tur,
383 3210 500 3289 quando
528 3210 564 3271 ab
592 3210 641 3270 illo
670 3219 818 3289 tamquam
841 3229 891 3270 vas
914 3212 978 3270 eius
1002 3212 1140 3289 eripitur3
1164 3217 1194 3270 et
1216 3209 1298 3289 abys·
1319 3226 1353 3273 30

290 3318 357 3379 sus,
379 3298 586 3361 ubi-inclusus
609 3307 669 3379 est,
701 3316 761 3359 ηοη
784 3300 815 3358 in
839 3300 882 3358 eis
905 3308 1079 3377 consumpta
1102 3306 1160 3377 cst,
1184 3298 1299 3376 quaudo

291 3395 364 3448 sunt
386 3388 505 3465 mortui,
528 3389 579 3466 qui
603 3396 674 3448 ωηο
697 3394 782 3447 erant
804 3386 921 3465 quando
945 3404 1010 3446 esse
1035 3387 1132 3464 coepit
1155 3385 1300 3466 inclusus3

290 3475 345 3536 sed
365 3485 575 3536 successerunt
593 3476 636 3535 eis
655 3474 704 3535 alii
727 3474 874 3535 nascendo
898 3482 986 3552 atque
1010 3472 1184 3555 succedunt,
1206 3473 1300 3535 donec

292 3566 412 3625 liniatur
430 3562 487 3623 boc
506 3564 666 3644 saecolum,
689 3565 741 3642 qui
763 3563 881 3623 oderint
905 3561 1096 3641 Christianos,
1118 3564 1149 3621 in
1172 3580 1300 3641 quorum

364 3795 380 3844 6
397 3787 550 3843 lorinsecus
568 3786 627 3840 eius
644 3803 661 3840 o
675 3787 685 3854 Ι
699 3792 732 3839 ‘25
748 3786 805 3852 otq.
819 3783 908 3855 clins]
929 3782 1054 3851 aliosque
1072 3798 1089 3834 o
