3284 4459
311 483 376 552 238
712 494 732 536 s.
746 495 913 570 auousrm

311 635 447 694 colamus
466 633 600 693 *scribae
631 633 773 692 uelociter
804 632 974 693 scribentis.
1027 630 1187 706 Speciosus
1215 628 1321 705 forma

307 738 388 798 prae
416 723 490 793 filiis
521 722 689 790 boninum
721 719 837 790 diffuso
869 727 914 779 est
937 721 1043 792 gratia
1071 721 1103 778 in
1131 720 1220 780 labiis
1250 722 1320 792 tuis,

308 817 474 886 propterea
509 809 662 868 benedixit
693 815 733 867 te¹
755 808 838 867 Deus
867 810 898 867 in
931 816 1095 867 oeternum.
1147 809 1321 881 Accingere

310 899 446 972 alodium
477 905 561 958 taum
588 899 675 956 circo
699 894 816 971 femur,
844 897 1049 972 pmentusime
1076 898 1177 970 specie
1206 902 1260 955 tuo
1290 902 1322 954 et

277 987 537 1061 apulcbritudine
559 992 621 1057 tuo,
644 990 675 1044 et
697 985 826 1058 intende,
846 1000 993 1060 prospere
1011 984 1146 1059 procede
1168 991 1321 1058 etreona

307 1080 435 1148 propter
458 1076 615 1134 ueritatem
642 1078 672 1134 et
697 1073 958 1133 mansuetudinem
979 1079 1009 1133 et
1030 1075 1188 1146 iustitiam,
1216 1079 1247 1132 et
1268 1073 1319 1131 de-

312 1164 403 1223 ducet
424 1168 453 1222 te
476 1162 656 1238 mirabiliter
684 1163 813 1221 dentem
836 1166 898 1220 tuo.
944 1160 1083 1234 Sagittae
1105 1167 1176 1220 tuae
1199 1167 1320 1239 acutae,

307 1253 520 1326 potentissime,
543 1251 662 1326 (popuii
677 1249 732 1308 sub
755 1255 785 1310 te
807 1250 932 1321 cadent)
956 1251 988 1307 in
1007 1250 1104 1308 cordo
1126 1251 1321 1308 inimieorum

312 1341 402 1412 regis.
442 1338 541 1414 ‘Sedes
564 1343 632 1411 tua,
664 1337 760 1411 deus,
791 1339 970 1396 insaecula
993 1339 1200 1412 soeculorum,
1229 1339 1320 1411 uirga

262 1439 293 1486 10
312 1428 489 1488 directionis
517 1429 606 1500 uirga
633 1428 724 1499 requi
749 1427 801 1487 tui.
848 1425 991 1485 Dilexisti
1016 1427 1161 1484 iustitiam
1191 1431 1222 1486 et
1250 1427 1320 1484 odio

310 1516 452 1575 habuisti
466 1517 670 1590 iniquitatem
688 1519 854 1589 propterea
873 1515 963 1573 unnit
983 1519 1013 1574 te
1031 1513 1121 1585 Deus,
1145 1513 1226 1572 Deus
1249 1520 1319 1573 tuus

311 1606 375 1664 oleo
398 1604 592 1664 exultationis
607 1618 687 1678 prae
701 1602 906 1676 participibus
928 1602 997 1660 tuis.
1042 1600 1176 1677 Myrrbo
1199 1607 1230 1662 et
1249 1609 1322 1675 out-¹

312 1699 344 1752 to
371 1698 401 1752 et
427 1693 513 1752 casio
541 1708 561 1750 a
588 1692 768 1766 uestimentis
790 1692 863 1763 tuis,
891 1707 911 1748 a
935 1690 1071 1750 domibus
1093 1689 1252 1760 eburneis‚·
1279 1707 1320 1748 ex

312 1781 419 1853 quibus
438 1785 467 1840 te
485 1780 712 1840 delectaverunt
725 1780 810 1849 filiae
828 1794 935 1850 recum
958 1780 994 1855 in
1011 1779 1125 1838 bonore
1148 1786 1207 1839 tuo.
1245 1776 1319 1846 Quis

262 1879 292 1928 16
312 1885 372 1938 uon
396 1866 443 1926 hie
467 1865 630 1945 Christum,
658 1883 746 1944 quem
774 1865 977 1943 praedicamus
1005 1874 1035 1924 et
1057 1867 1088 1924 in
1112 1883 1200 1942 quem
1223 1865 1318 1945 credi·

312 1972 391 2034 mus,
418 1953 579 2032 quamlibet
606 1957 644 2016 sit
675 1953 791 2032 tardus,
818 1962 970 2032 agnoscat,
997 1971 1066 2012 cum
1094 1953 1193 2013 audiat
1215 1952 1318 2027 Deum,

312 2044 397 2104 cuius
421 2043 516 2116 sedes
530 2050 576 2103 est
598 2044 629 2100 in
652 2041 768 2102 saecula
792 2041 986 2121 saeculorum,
1010 2051 1040 2101 et
1062 2051 1184 2103 iunctum
1208 2060 1223 2100 a
1248 2040 1319 2120 Deo,

313 2132 416 2209 utiquo
440 2132 518 2191 sicui
539 2132 644 2208 unguit
664 2129 755 2209 Dauus,
777 2147 837 2190 nou
860 2128 985 2210 visibili,
1005 2129 1057 2190 sed
1081 2129 1206 2209 spiritali
1228 2137 1317 2208 atque

312 2217 494 2296 intellegibili
518 2213 699 2278 chrismate?
745 2216 817 2287 Quis
841 2220 920 2277 euim
943 2225 1003 2277 tam
1029 2217 1112 2299 rudis
1141 2224 1187 2299 est
1208 2220 1239 2279 in
1262 2218 1319 2278 hae
1392 2249 1396 2254 τ

260 2320 293 2368 20
312 2306 453 2385 religione
477 2307 600 2367 veliam
629 2305 737 2366 surdus
761 2305 901 2365 adversus
921 2307 985 2365 eius
1008 2306 1113 2364 lamam
1136 2305 1222 2384 longe
1245 2305 1316 2366 late·

313 2413 369 2472 que
389 2394 533 2474 diffusam,
552 2402 585 2454 ut
600 2393 748 2454 Christum
767 2393 965 2473 schemmata,
983 2393 1039 2452 hoo
1058 2402 1104 2453 est
1122 2393 1158 2453 ab
1177 2396 1317 2454 unctione

312 2482 489 2560 appellatum
508 2501 572 2543 esse
596 2500 655 2542 non
680 2477 815 2542 noverit?
851 2481 956 2560 ignito
980 2491 1078 2541 autem
1101 2499 1170 2560 rege
1191 2481 1318 2563 Christo,

311 2572 368 2630 iam
396 2579 532 2652 ceteras·
546 2589 619 2649 quae
650 2570 698 2629 hic
725 2572 848 2648 tropice*
868 2571 946 2630 dieta
974 2579 1063 2649 suuis
1086 2588 1145 2648 quo
1168 2571 1255 2634 modo
1279 2574 1319 2634 sit

312 2660 465 2737 speciosus
488 2659 581 2718 forma
604 2675 674 2736 prae
697 2657 949 2738 uitulaminum,
972 2657 1096 2736 quadam
1120 2666 1201 2718 taum
1224 2662 1317 2738 magis

258 2761 291 2810 25
311 2746 432 2806 amanda
455 2755 542 2825 atque
566 2745 713 2825 miranda,
736 2754 845 2824 quauta
868 2749 966 2806 minus
989 2764 1131 2825 corporea
1153 2747 1316 2825 pulchritu-

312 2834 390 2914 dine,
414 2836 480 2914 quis
499 2833 612 2913 gladius
631 2836 704 2914 eius,
728 2852 801 2912 quae
821 2836 951 2915 sagittae,
975 2842 1005 2894 et
1028 2843 1126 2894 cetera
1149 2837 1206 2894 isto
1230 2835 1316 2894 modo

310 2940 370 2982 nori
384 2925 513 3004 proprie,
537 2921 588 2983 sed
608 2923 721 3001 tropice
740 2924 836 3001 posita
854 2925 911 2982 iam
930 2921 1066 2983 subditus
1085 2925 1121 3003 ei,
1144 2925 1195 3001 qui
1214 2933 1317 3003 regnat

309 3019 432 3090 propter
456 3012 609 3078 veritatem
628 3017 658 3070 et
681 3010 936 3078 mansuetudinem
960 3018 990 3070 et
1012 3013 1164 3085 iustitiam,
1187 3012 1318 3089 inquirat

311 3116 347 3164 ex
370 3100 439 3159 otio.
546 3095 548 3104 ’
587 3159 588 3162 ,

257 3201 292 3250 3ο
320 3259 331 3270 ⁴.
399 3183 510 3249 Deinde
538 3188 662 3266 aspiciat
691 3187 755 3248 eius
785 3187 939 3248 ecclesiam
963 3194 1044 3248 tanto
1067 3187 1130 3246 viro
1153 3204 1208 3246 suo
1231 3186 1319 3268 spiri}

301 3295 303 3300 ’
351 3298 648 3368 ¹lliPsaleisqq.

285 3445 287 3450 ·
378 3427 395 3476 4
414 3420 541 3490 gladium
556 3423 636 3475 buum
650 3421 716 3476 But.
731 3423 795 3490 1.(?)
810 3437 878 3477 corr.
893 3421 1050 3477 AFalbeo
1064 3423 1111 3478 Pa.
1127 3425 1186 3478 Ver.
1200 3440 1248 3478 soc.
1266 3424 1315 3480 Gr.

309 3493 458 3560 (203,18)1;
474 3493 582 3562 rgladio
603 3495 653 3546 buo
671 3494 700 3548 1t
718 3493 833 3547 abiait.
851 3493 928 3562 algp
950 3495 960 3562 il
981 3499 998 3547 b
1022 3496 1052 3548 at
1068 3493 1119 3548 int.
1138 3495 1249 3566 Ra²gp
1264 3512 1317 3550 sec.-

311 3563 374 3630 Gr,;
397 3564 426 3616 ab
443 3579 493 3617 om.
512 3562 649 3618 AFa’eu
672 3565 681 3632 ll
702 3579 834 3632 prospere
852 3563 932 3630 Rem
951 3565 981 3618 et
996 3582 1090 3634 prosp.-
1108 3567 1243 3635 AFagp-
1257 3569 1317 3635 (uel

309 3633 473 3700 nuceoobob)
496 3633 543 3701 118
570 3633 764 3702 potentissime
787 3633 915 3701 RAabp
940 3635 1075 3703 (δυνατῶς
1103 3638 1316 3705 potentissimae

310 3703 431 3770 Faeni
448 3703 458 3771 l
476 3701 561 3757 corda
579 3702 675 3770 Rana
694 3702 776 3757 eorda
794 3703 961 3772 AFabego
977 3721 1027 3759 sec.
1048 3706 1095 3761 Gr.
1110 3709 1120 3776 l
1138 3712 1154 3759 9
1174 3707 1316 3761 saeculum

310 3771 414 3828 saeculi
433 3771 493 3828 AG
511 3787 559 3826 sea.
580 3772 628 3826 Gr.
643 3774 653 3840 ΙΙ
671 3777 705 3826 10
724 3771 898 3844 directionis]
916 3775 1069 3843 aequitatis
1087 3779 1116 3832 A
1128 3778 1138 3846 l
1151 3777 1238 3831 odisti
1255 3778 1320 3832 AF

313 3844 382 3902 Gab
399 3845 409 3912 ΙΙ
428 3848 460 3896 12
480 3842 573 3897 oleum
590 3845 618 3898 A
636 3859 684 3898 sec.
706 3843 754 3898 Gr.

441 4099 570 4140 A
