3284 4459
574 517 1024 559 oaorvrraraomaxrvm.
1281 505 1303 567 5

297 653 384 725 Quod
412 655 544 734 apertius
572 653 659 732 paulo
681 661 750 732 post
771 654 825 714 ait:
852 654 890 713 ln
913 656 979 729 leae
1001 670 1087 714 nemo
1109 656 1302 727 iustificatos,

296 752 327 805 et
345 742 382 803 ad
401 741 531 804 Galatas:
554 742 691 803 Scientes
708 749 809 803 antem
831 744 905 817 qaia
926 759 988 803 non
1010 744 1195 814 nastifimtar
1216 744 1303 803 tomo

296 849 337 893 ca
365 832 507 909 operibns
533 833 616 905 lepis.
663 828 833 892 Secundum
860 829 917 889 hoc
939 828 1132 909 intellegitur:
1162 830 1204 891 Et
1231 830 1303 891 Ver·

298 922 367 981 lam
390 936 466 980 caro
490 917 684 995 factumest,
707 917 737 978 id
760 926 806 979 est
828 918 935 998 hom03
967 918 1046 996 quod
1069 936 1128 979 non
1150 925 1233 979 recta
1256 936 1302 979 aa·

298 1010 440 1087 cipiantes
473 1006 592 1085 quidam
626 1014 805 1085 putaverunt
839 1004 956 1067 Christo
983 1006 1146 1068 *humanam
1177 1009 1339 1067 animarat

298 1096 435 1157 deirrisse.
482 1094 567 1155 Sicut
596 1098 675 1155 anim
702 1112 719 1155 a
747 1102 809 1155 toto
836 1112 906 1173 pars
933 1096 1091 1176 accipitur,
1117 1094 1169 1155 ubi
1196 1094 1303 1155 Mariae

298 1182 482 1263 Magdalenae
501 1181 590 1243 verba
608 1184 640 1243 in
662 1182 812 1261 evangalio
835 1182 974 1262 leguntur
996 1181 1135 1244 dicentis:
1161 1183 1307 1245 litlernnt

298 1273 458 1333 Dominam
488 1287 586 1332 meam
616 1276 647 1332 et
671 1270 783 1332 nescio
801 1272 856 1331 noi
877 1270 1060 1347 posuerant
1073 1287 1153 1346 cam,
1177 1289 1245 1333 aum
1267 1270 1304 1331 de

299 1360 359 1420 sola
383 1358 493 1421 Christi
520 1377 609 1419 carna
637 1358 824 1440 loqueretur,
852 1377 940 1439 quam
968 1358 1114 1438 sepultam
1141 1358 1178 1419 de
1202 1377 1305 1420 monu-

298 1458 398 1509 mento
421 1446 544 1526 putabat
561 1446 698 1509 ablatam:
720 1449 761 1508 ita
783 1455 813 1508 et
835 1466 853 1507 a
875 1456 959 1526 parte
981 1455 1077 1507 totum
1098 1464 1189 1508 carna
1211 1449 1304 1509 nomi·
1325 1465 1359 1515 ιο

298 1546 365 1597 nata
392 1535 574 1614 intellegitur
601 1534 705 1616 homo,
735 1536 824 1596 sicuti
850 1553 885 1596 ea
912 1544 982 1597 sunt
1010 1553 1084 1614 quaa
1110 1553 1202 1615 supra
1222 1553 1304 1596 com·

299 1626 535 1685 memoravimus.
893 1642 896 1647 ·

389 1711 463 1773 Cum
489 1714 580 1791 igitur
608 1712 709 1773 multis
739 1712 850 1793 modis,
879 1730 955 1791 quos
981 1714 1166 1790 perscrutari
1195 1719 1225 1773 et
1248 1712 1306 1772 col·

297 1800 391 1879 ligera
409 1799 531 1878 longum
550 1808 605 1881 est,
627 1799 724 1862 divina
743 1803 890 1879 scriptura
909 1808 1062 1879 nuncupet
1080 1818 1213 1861 carnem:
1235 1798 1307 1878 quid

299 1891 338 1949 sit
367 1888 533 1949 secundum
559 1905 679 1948 carnem
705 1890 803 1949 vivere
832 1881 926 1969 (quod
953 1888 1088 1967 proiecto
1115 1887 1223 1948 malum
1252 1896 1359 1969 est,15

259 2042 263 2051 ,
299 1995 368 2039 cum
386 1978 450 2056 ipsa
465 1977 562 2037 carnis
585 1985 690 2037 natura
709 1994 768 2036 non
791 1978 832 2037 sit
848 1969 973 2058 malum)
996 1984 1030 2037 ut
1051 1974 1190 2054 indagare
1212 1978 1306 2055 possi·

298 2083 378 2145 mus,
415 2066 606 2143 inspiciamus
634 2063 791 2144 diligenter
817 2064 901 2125 illum
927 2063 1026 2125 locum
1053 2064 1197 2143 epistulae
1223 2063 1308 2124 Pauli

299 2152 425 2232 apostoli
442 2170 531 2231 quam
550 2154 669 2231 scripsit
686 2152 722 2212 ad
737 2152 861 2232 Galatas,
880 2151 931 2213 ubi
949 2155 1004 2213 ait:
1022 2151 1189 2229 Manifesta
1208 2158 1308 2213 autem

298 2247 371 2302 sunt
391 2258 487 2317 opera
510 2243 627 2315 carnis,
650 2258 729 2315 qaae
750 2248 821 2302 sant
839 2240 1076 2318 fornicationes,
1098 2243 1307 2315 inmunditiae,

300 2332 436 2404 luxurio,
460 2332 609 2391 idolorum
630 2332 768 2403 servitus,
790 2332 952 2403 veneficia,
976 2331 1162 2404 inimicitiae,
1185 2334 1306 2390 conten·
1327 2352 1361 2399 20

300 2421 409 2492 tiones,
432 2420 663 2491 aemulationes,
686 2420 905 2492 animositates,
927 2420 1135 2491 dissensiones,
1155 2418 1308 2493 naereses,

299 2508 449 2580 invidiae,
482 2506 658 2579 ebrietates,
694 2508 904 2567 comisationes
932 2511 964 2566 et
992 2507 1041 2565 icis
1071 2508 1199 2576 similia·
1229 2522 1309 2580 qnae

297 2596 449 2671 praedico
471 2595 566 2668 voles,
588 2597 670 2654 sicat
688 2597 851 2671 praedisci,
874 2596 1017 2669 qnoniam
1039 2595 1094 2669 qni
1115 2595 1191 2653 talia
1213 2600 1311 2667 oanni

300 2699 429 2756 reanum
446 2682 507 2741 Dei
523 2698 583 2743 non
602 2683 807 2759 possidebant.
852 2681 912 2741 istc
931 2689 1012 2743 totus
1030 2680 1173 2760 epistulae
1192 2689 1308 2761 aposto·

300 2768 374 2829 licac
396 2769 497 2849 locus,
524 2777 667 2847 quantum
690 2769 726 2829 ad
749 2788 813 2831 rem
835 2777 1023 2849 praesentem
1046 2770 1117 2829 satis
1140 2786 1207 2829 ossa
1229 2768 1308 2829 vide·
1327 2791 1363 2841 25

301 2855 399 2938 bitur,
426 2857 631 2918 consideratus
661 2859 771 2937 poterit
800 2857 876 2917 hanc
905 2857 1066 2918 dissolvere
1097 2858 1309 2938 quaestionem,

301 2945 373 3022 qaid
400 2947 439 3006 sit
467 2945 631 3007 secundum
658 2964 777 3007 carnem
804 2947 913 3007 vivero.
957 2944 991 3005 ln
1019 2944 1160 3024 operibus
1183 2962 1310 3023 namque

300 3034 415 3114 carnis,
452 3051 527 3113 quae
564 3033 717 3095 manifesta
753 3051 819 3093 essa
848 3032 926 3095 -diait
957 3050 1050 3112 eaque
1082 3041 1311 3094 commemorata

384 3164 408 3231 1)
427 3160 488 3217 Gal.
509 3168 533 3230 s,
550 3169 590 3217 11.
637 3162 824 3233 a)1b.a,m.
871 3161 1056 3231 4)=10.1,14.
1107 3158 1191 3229 a)10.
1211 3162 1312 3227 20,13.

300 3233 346 3301 24)
366 3231 427 3287 Gal.
447 3239 472 3317 5,
487 3238 520 3288 19
531 3250 591 3301 sqq.
1042 3296 1045 3301 ,

374 3361 388 3410 1
408 3355 607 3411 iustificabitur
619 3357 736 3427 AFGp
754 3360 763 3428 ΙΙ
781 3364 797 3412 2
816 3360 912 3411 antem
932 3372 988 3410 mss
1004 3370 1054 3411 soc.
1075 3353 1187 3421 Graea.,·
1209 3369 1259 3412 om.
1277 3350 1315 3424 eil

300 3424 471 3483 iustificatur
483 3427 614 3485 VGabel
622 3444 670 3483 sec.
684 3429 793 3495 Graeca
802 3425 1003 3483 iustificabitur
1009 3425 1112 3495 AFpo
1124 3426 1134 3495 fl
1147 3425 1314 3481 ordooeelo-
1326 3471 1328 3474 .

300 3513 364 3551 enm
385 3497 554 3567 paulopost
574 3499 654 3553 etad
673 3497 789 3554 Galatas
808 3496 983 3554 invertendns
999 3497 1108 3551 oidelae
1124 3513 1179 3551 esse
1216 3500 1230 3548 ‘l
1249 3493 1314 3548 abs-

299 3566 428 3624 tulerunt
444 3586 462 3623 o
482 3570 493 3639 ΙΙ
515 3574 548 3623 11
568 3569 641 3626 siout
659 3571 752 3626 aasz
774 3571 783 3641 ll
806 3575 840 3623 13
857 3569 993 3638 prasci-ut.
1013 3566 1071 3622 Π*
1088 3568 1098 3636 ΙΙ
1121 3571 1154 3619 19
1210 3564 1316 3620 ultoria

301 3637 399 3694 fornia.
418 3641 458 3710 υΙΙ
472 3645 506 3693 20
524 3640 635 3694 luxuria
650 3642 724 3710 Vep3
742 3640 871 3695 luxurias
884 3638 1032 3710 (luxoriae)
1048 3638 1105 3693 rell.
1121 3638 1209 3705 oltt
1228 3635 1316 3690 comi-

300 3712 354 3764 sat.
375 3712 430 3779 Vp;
454 3711 595 3765 eomissat.
614 3713 653 3779 et,
675 3728 789 3767 comesa
808 3712 881 3779 alro3
901 3724 1043 3764 commane.
1058 3708 1152 3763 Amo
1164 3709 1175 3776 fl
1187 3712 1222 3761 tt
1240 3705 1316 3760 sicut

308 3782 459 3851 VGobep3
478 3781 553 3836 sicut
569 3784 599 3836 et
617 3782 729 3850 AFlo;
746 3784 780 3850 cs.
801 3783 818 3835 l.
832 3786 868 3836 21
887 3797 909 3836 a
927 3785 966 3839 25
