3284 4459
554 522 594 561 on
608 520 750 562 emmone
763 522 818 561 ons
831 522 858 562 n.
871 522 934 562 xm.
947 521 971 563 ο.
985 524 1005 564 s.
1018 524 1038 563 e.
1259 509 1300 575 13

288 653 452 733 compellat
482 655 513 714 in
546 671 679 734 corpore.
731 653 815 716 Unde
845 657 934 718 etiem
963 655 1020 716 illis
1050 655 1211 718 latentibus
1241 675 1300 718 non

288 762 330 803 ex
358 760 446 803 carne
474 750 589 803 tantum
613 742 741 804 afficitur
764 746 868 826 anima,
891 753 925 805 ut
948 747 1049 825 cupiat
1069 752 1190 826 metuat,
1212 745 1301 806 laete·

292 839 343 891 tur
362 839 522 914 aegrescat,
544 834 757 893 verumetiam
780 849 817 892 ex
839 850 872 893 se
894 834 960 912 ipsa
980 831 1028 894 ius
1050 841 1150 913 potest
1171 833 1301 896 motibus

291 920 403 999 agitari.

694 1056 813 1123 Cornu
836 1056 893 1122 VL
918 1090 925 1103 ·
1320 1076 1336 1124 s

290 1186 338 1246 De
361 1188 508 1261 qualitate
529 1188 691 1247 uoluntatis
713 1187 873 1260 humanae,
896 1188 951 1247 sud
974 1189 1063 1247 cuius
1085 1190 1200 1249 iudicio
1224 1190 1299 1264 offe·

380 1278 494 1335 clionee
516 1278 612 1334 animi
633 1281 689 1334 aut
707 1292 826 1350 pravae
847 1276 999 1336 labentur
1021 1283 1211 1338 eutrociae.

379 1396 508 1458 lnterest
535 1405 634 1458 autem
663 1397 757 1475 qualis
785 1399 824 1459 sit
850 1397 985 1464 voluntas
1011 1398 1153 1480 hominis3
1183 1401 1252 1479 quia
1274 1402 1300 1461 si

292 1504 431 1565 perversa
450 1494 504 1566 est,
526 1503 684 1564 perversos
703 1483 823 1545 habebit
840 1486 895 1547 hos
913 1494 1025 1566 motus3
1048 1487 1074 1548 si
1096 1495 1196 1548 autem
1217 1496 1300 1550 recta

292 1583 347 1655 est,
370 1593 430 1636 non
449 1575 545 1635 solum
565 1573 766 1653 inculpabiles,
789 1592 892 1634 verum
911 1576 1000 1635 etism
1018 1574 1180 1636 laudabiles
1201 1584 1300 1638 erunt.
1319 1589 1353 1639 10

293 1661 432 1723 Voluntas
457 1670 502 1723 est
525 1664 635 1742 quippe
658 1664 688 1721 in
712 1660 863 1742 omnibus;
884 1665 975 1725 immo
998 1682 1102 1724 omnes
1125 1663 1198 1725 nihil
1221 1664 1300 1726 aliud

291 1770 380 1831 quam
402 1749 568 1811 voluntates
586 1758 665 1811 sunt.
710 1750 783 1811 Nam
807 1750 878 1829 quid
901 1751 1115 1831 estoupiditas
1139 1760 1169 1813 et
1190 1752 1301 1814 laetitia

290 1841 349 1901 nisi
378 1838 513 1901 voluntas
543 1841 575 1899 in
603 1856 707 1900 corium
731 1841 926 1900 consensione
956 1858 1031 1919 quae
1061 1837 1218 1901 volumus?
1261 1840 1300 1902 Et

291 1928 362 2007 quid
386 1933 433 1987 est
450 1935 548 1988 metus
567 1935 655 2005 atque
678 1929 799 1989 tristitia
821 1929 879 1987 nisi
901 1926 1037 1989 voluntas
1059 1929 1090 1989 in
1114 1928 1299 1993 dissensione

291 2014 328 2076 ab
351 2014 398 2075 his
425 2033 500 2094 quae
529 2011 688 2077 nolumus?
735 2014 793 2075 Sed
817 2034 885 2078 cum
909 2018 1111 2078 consentimus
1133 2017 1298 2097 appetendo
1318 2030 1352 2081 to

289 2122 324 2164 ea
339 2121 413 2181 quae
427 2102 572 2184 volumus,
586 2102 745 2183 cupiditas3
760 2121 829 2163 cum
843 2112 941 2164 autem
956 2107 1159 2167 consentimus
1172 2106 1299 2167 iruendo

288 2192 429 2270 hisquae
448 2190 592 2271 volumus,
614 2190 724 2253 laetitia
742 2200 873 2253 vocatur.
917 2191 1052 2271 itemque
1070 2211 1139 2253 cnm
1162 2194 1298 2255 dissenti-

289 2298 356 2341 mus
384 2278 420 2339 ab
448 2296 483 2339 eo
511 2279 590 2358 quod
619 2279 753 2341 accidere
776 2279 928 2362 nolumus
956 2280 1022 2341 talis
1044 2281 1179 2342 voluntas
1201 2291 1299 2344 metus

290 2376 350 2448 est3
373 2385 441 2428 curn
464 2376 562 2427 autem
592 2367 782 2429 dissentimus
810 2367 846 2428 ab
869 2386 905 2428 eo
929 2368 1008 2447 quod
1031 2369 1200 2431 nolentibus
1222 2373 1299 2432 acci·

289 2456 348 2536 dit,
376 2455 442 2516 talis
464 2455 599 2517 voluntas
627 2458 748 2517 tristitia
776 2466 831 2517 est.
876 2455 915 2517 Et
936 2459 1056 2517 omnino
1080 2476 1134 2537 pro
1158 2460 1299 2519 varietate
1317 2472 1351 2522 20

290 2562 407 2625 rerum,
434 2562 508 2623 quae
539 2552 719 2623 appetuntur
745 2553 834 2623 etque
864 2545 1033 2626 fugiuntur,
1063 2548 1141 2607 sicut
1172 2546 1299 2608 allicitur

292 2631 339 2692 vel
357 2632 516 2693 offenditur
534 2632 668 2693 voluntas
686 2631 824 2713 hominis,
845 2635 886 2693 ita
904 2635 937 2693 in
954 2632 1010 2694 hos
1027 2633 1073 2693 vel
1091 2634 1157 2695 illos
1175 2635 1299 2695 allectus

290 2729 422 2781 mutatur
438 2727 482 2795 ,et
510 2722 645 2781 vertitur.
697 2720 884 2801 Quapropter
915 2721 1019 2801 homo,
1051 2724 1103 2801 qui
1134 2724 1298 2785 secundnm

290 2808 393 2888 Deum,
415 2826 475 2868 non
499 2808 662 2869 secundum
685 2808 834 2869 hominem
857 2811 942 2887 vivit,
964 2817 1082 2888 oportet
1103 2818 1138 2871 ut
1159 2814 1201 2873 sit
1221 2830 1298 2873 ama·

290 2905 338 2958 tor
356 2895 439 2977 boni3
461 2896 541 2957 unde
563 2896 598 2957 iit
619 2914 805 2975 consequens
828 2906 862 2958 ut
884 2896 993 2958 malum
1015 2898 1120 2960 oderit.
1164 2898 1203 2959 Et
1225 2917 1297 2979 quo·
1316 2912 1351 2961 25

290 2988 369 3047 niam
396 3002 483 3046 nemo
511 2992 629 3065 natura,
658 2984 710 3046 sed
738 2987 874 3064 quisquis
901 2985 995 3048 malm
1014 2996 1082 3067 -est,
1109 2989 1180 3047 ritlo
1204 2987 1298 3049 malus

289 3082 349 3135 est:
377 3073 542 3153 perlectum
570 3072 671 3135 odium
701 3071 790 3133 debet
812 3073 909 3154 malis,
937 3076 989 3151 qrri
1016 3074 1179 3136 secundum
1203 3074 1297 3136 Deum

291 3165 374 3241 vivit,
406 3168 441 3221 ut
469 3178 524 3221 nec
550 3169 673 3241 propter
700 3163 805 3222 vitium
832 3161 929 3222 oderit
955 3161 1105 3223 hominem
1132 3181 1187 3225 nec
1219 3173 1298 3226 amet

289 3253 394 3312 vitium
420 3256 542 3328 propter
569 3249 733 3331 hominem,
761 3249 812 3311 sed
840 3249 937 3310 oderit
958 3252 1077 3332 vitium,
1103 3259 1182 3314 amet
1203 3252 1297 3313 homi·

289 3357 366 3399 nem.
413 3336 520 3398 Sanato
544 3340 623 3397 enim
645 3340 715 3398 vitio
739 3345 836 3400 totum
858 3338 937 3417 quod
959 3356 1072 3421 amare,
1102 3340 1175 3401 nihil
1197 3348 1296 3404 summ
1314 3354 1351 3403 so

289 3426 369 3507 quod
392 3423 498 3487 debeat
520 3426 617 3487 odisse
641 3425 813 3487 remanebit.
907 3481 911 3493 ,

360 3562 610 3631 mmmm

360 3720 377 3769 8
395 3729 452 3783 qus
465 3714 489 3769 si
504 3714 593 3771 7²6²
605 3716 615 3785 il
630 3720 705 3784 lise.
721 3714 903 3769 consensione
918 3757 942 3770 ,,
957 3715 1131 3770 dissensione
1148 3732 1213 3784 mss3
1233 3734 1298 3772 con·

288 3785 446 3841 sensionem
465 3826 492 3841 ..
512 3785 714 3841 dissensionem
732 3803 749 3840 o
