3284 4459
548 542 589 581 on
602 539 745 582 emmanu
758 541 812 580 nm
826 540 853 581 u.
865 541 915 581 xv.
928 540 952 582 c.
965 542 999 582 aa.
1214 525 1276 589 109

271 675 374 736 iraudo
402 674 518 736 deiecit.
562 675 689 754 Angelos
718 682 817 735 autem
840 675 932 735 luisse
954 677 1043 735 etiam
1065 674 1120 736 Dei
1142 674 1277 736 homines

272 772 457 844 nuncupatos
485 763 588 824 eadem
621 766 768 842 scriptura
802 771 903 823 saneta
930 763 1161 842 locupletissima
1190 767 1277 824 testis

269 859 325 913 est.
370 851 444 912 Nam
471 862 503 913 et
529 852 565 912 de
591 850 720 912 Iohanne
749 853 894 929 scriptum
920 860 979 913 est:
1011 852 1094 913 Εεεε
1115 856 1199 914 mitto
1221 869 1276 912 an-

268 945 370 1016 aalum
397 958 495 1002 meam
522 948 594 1001 ante
619 939 734 1016 faeiem
763 947 859 1015 taam,
892 943 946 1014 qai
968 942 1172 1017 praeparabit
1197 944 1277 1000 aiam

270 1037 368 1105 tuam,
392 1038 423 1091 et
444 1028 595 1090 llalachiel
616 1028 761 1108 propheta
783 1028 903 1107 propria
925 1027 1065 1109 quadam,
1087 1027 1118 1088 id
1140 1037 1186 1089 est
1207 1041 1312 1107 pro-5

269 1119 335 1197 prio
359 1117 416 1178 sibi
439 1119 579 1196 inpertita
601 1120 695 1196 gratia
717 1116 814 1176 dictus
837 1123 884 1177 est
906 1116 1035 1194 augelus.

361 1203 471 1267 Verum
494 1204 551 1266 hoo
574 1213 672 1265 movet
695 1205 850 1285 quosdam,
877 1204 955 1282 quod
980 1223 1015 1264 ex
1038 1204 1109 1284 illis,
1132 1207 1184 1283 qui
1205 1205 1278 1265 dieti

270 1301 343 1354 sunt
369 1292 465 1373 angeli
493 1293 561 1373 Dei,
588 1302 619 1354 et
645 1312 681 1353 ex
705 1290 892 1372 mulieribuS,
915 1310 988 1370 quas
1010 1300 1194 1373 amaverunt,
1216 1311 1277 1354 non

271 1384 356 1460 quasi
383 1381 519 1442 homines
548 1383 666 1461 generis
694 1383 801 1462 nostri,
831 1380 883 1440 sed
907 1383 1041 1459 gigantes
1063 1381 1188 1460 legimus
1210 1400 1276 1442 esse

270 1479 365 1532 natos.
420 1470 511 1541 Quasi
542 1488 612 1530 voro
648 1487 773 1549 corpora
803 1469 957 1529 hominum
988 1469 1109 1530 modum
1140 1478 1276 1531 nostrum
1297 1484 1330 1534 ιο

270 1559 358 1637 longe
385 1559 570 1640 medentia,
603 1558 681 1638 quod
709 1561 796 1618 etiam
830 1575 920 1636 supra
946 1560 1185 1639 commemoravi,
1216 1577 1276 1618 non

271 1649 361 1708 etiam
388 1651 498 1707 nostris
525 1645 708 1726 temporibus
736 1655 804 1706 nata
827 1654 905 1706 sunt.
949 1645 1054 1706 Nonne
1071 1656 1144 1708 ante
1166 1665 1277 1726 paucos

271 1753 373 1816 annos,
396 1753 464 1796 oum
482 1735 629 1796 Romanae
653 1734 736 1795 urbis
759 1733 839 1812 quod
861 1753 878 1794 a
900 1733 1003 1794 Gothis
1026 1735 1136 1796 laetum
1159 1745 1205 1796 est
1227 1735 1277 1795 ad·

271 1826 485 1907 propinquaret
504 1823 660 1904 excidium,
682 1822 792 1883 Romae
815 1824 871 1882 luit
894 1823 1002 1883 femina
1024 1841 1092 1883 eum
1115 1841 1170 1883 suo
1192 1832 1276 1903 patre

271 1921 301 1972 et
324 1931 378 1973 sua
401 1921 503 1991 matre,
526 1929 600 1989 quae
623 1929 748 1990 corpore
771 1910 899 1989 quodam
921 1911 1008 1970 modo
1031 1913 1166 1990 giganteo
1189 1913 1277 1991 longe
1296 1927 1329 1975 15

271 2003 381 2062 ceteris
403 1996 623 2090 praemiqeret?
667 1999 709 2059 Ad
739 2016 827 2077 quam
850 1998 1002 2058 visendam
1025 1999 1166 2060 mirabilis
1188 2000 1277 2062 tiebat

270 2106 485 2169 usquequaque
504 2105 676 2148 concursus.
722 2086 760 2148 Et
777 2087 834 2147 hoo
853 2095 917 2147 erat
935 2089 1059 2147 maxime
1083 2088 1276 2171 admirationi,

271 2177 351 2256 quod
380 2175 465 2237 ambo
493 2185 631 2255 parentes
659 2178 723 2236 eius
753 2193 808 2236 nec
831 2174 935 2235 saltem
957 2185 1018 2235 tam
1039 2175 1119 2255 longi
1142 2175 1276 2238 homines

271 2273 369 2346 erant,
399 2281 487 2342 quam
514 2264 700 2342 longissimos
727 2264 827 2326 videre
850 2266 1067 2324 consuevimus.
1110 2263 1278 2326 Potuerunt

270 2355 362 2432 igitur
384 2356 517 2432 gigantes
540 2355 634 2432 nasei,
661 2361 692 2413 et
713 2354 797 2430 prius
820 2369 908 2430 quam
929 2351 983 2412 lilii
1004 2351 1072 2433 Dei,
1099 2355 1151 2431 qui
1174 2361 1204 2413 et
1225 2371 1276 2413 au·
1294 2369 1329 2418 2ο

269 2441 329 2521 geli
351 2441 405 2501 Dei
428 2441 499 2501 dicti
522 2449 604 2522 sunt,
636 2438 751 2500 filiabus
773 2439 939 2520 hominum,
965 2440 1022 2500 hoa
1043 2449 1091 2500 est
1112 2440 1276 2502 seeundum

270 2530 420 2591 hominem
451 2531 625 2609 viventium,
653 2531 864 2608 miscerentur;
891 2528 943 2588 lilii
970 2527 1085 2589 scilieet
1107 2527 1179 2590 Seth
1209 2529 1276 2590 liliis

271 2617 353 2679 Cain.
399 2617 472 2677 Nam
504 2626 535 2678 et
566 2619 706 2677 canoniea
738 2618 886 2696 scriptura
912 2618 956 2676 sic
983 2617 1129 2698 loquitur,
1155 2619 1188 2677 in
1217 2636 1275 2696 quo

270 2706 348 2767 libro
370 2705 444 2765 haec
461 2705 596 2785 legimus,
618 2708 704 2766 ouius
726 2703 816 2765 verba
839 2707 894 2765 ista
917 2714 1000 2766 sunt:
1023 2706 1065 2765 Et
1082 2704 1201 2781 sactum
1223 2714 1275 2782 est,

266 2803 428 2874 postquam
450 2802 615 2871 coeperant
631 2796 765 2855 homines
787 2796 875 2854 multi
891 2796 966 2866 fieri
985 2811 1078 2870 super
1100 2802 1224 2868 terram,
1247 2803 1277 2856 et
1294 2811 1329 2860 aa

267 2887 354 2956 filiae
380 2886 672 2954 autumantium
699 2885 833 2942 ridentes
859 2889 960 2942 autem
986 2885 1091 2957 anuali
1111 2883 1171 2943 Dei
1193 2886 1276 2956 filias
1359 2875 1361 2879 ’

268 2975 435 3046 hominum,
463 2975 536 3046 quia
564 2973 661 3032 bonae
685 2977 772 3044 sunt,
803 2976 996 3046 sumpserunt
1020 2972 1081 3031 sibi
1099 2989 1214 3032 uxores
1236 2990 1277 3032 esa

268 3061 410 3120 omnibus
436 3077 513 3134 quas
540 3064 703 3134 eteqerunt.
749 3059 790 3118 Et
816 3058 1063 3119 autonomiam
1085 3059 1182 3120 Deus:
1209 3061 1275 3120 Non

265 3149 460 3224 permanebit
485 3151 611 3224 spiritus
635 3165 718 3208 meas
741 3151 772 3207 in
794 3148 964 3207 hominibus
985 3148 1032 3206 itis
1056 3150 1086 3206 in
1109 3153 1275 3221 aeternum,

265 3243 396 3314 propter
418 3238 500 3311 quod
521 3253 596 3297 caro
618 3243 696 3296 suut.
742 3236 842 3295 Erunt
868 3242 969 3297 autem
991 3237 1056 3296 dias
1078 3251 1182 3296 eorum
1205 3254 1274 3297 aen·
1294 3253 1329 3301 30

266 3333 331 3386 tum
354 3329 465 3400 atatntt
483 3328 565 3386 anni.
604 3327 749 3400 thantes
767 3333 868 3386 autem
886 3331 977 3386 arant
993 3342 1088 3401 saper
1106 3333 1222 3387 terram
1240 3329 1273 3386 in

340 3478 367 3546 5)
386 3475 437 3531 Ma.
458 3482 482 3541 1,
497 3481 521 3530 2.
577 3477 603 3547 6)
622 3475 742 3530 Malaeh.
762 3480 788 3543 2,
801 3479 827 3528 t.

305 3657 322 3706 ὓ
340 3651 496 3706 Malachiae
513 3654 552 3722 ull
567 3657 600 3707 12
619 3654 684 3706 aunt
703 3650 922 3708 Vnauuoer
938 3655 997 3720 (35,
1011 3655 1054 3718 9);
1073 3649 1131 3704 sint
1147 3650 1252 3720 Grpe
1270 3653 1279 3721 l

268 3729 304 3776 20
323 3740 390 3794 ergo
408 3741 425 3779 a
442 3725 452 3793 ll
470 3729 504 3778 22
522 3723 588 3778 filiis
608 3724 816 3793 VRGabepr3
835 3721 945 3776 filiabus
965 3722 1046 3777 AFa
1059 3723 1069 3790 ll
1082 3725 1116 3774 28
1135 3720 1280 3790 elegerant

174 3847 175 3870 q
269 3795 385 3850 Gaura
399 3797 408 3864 ΙΙ
422 3799 456 3848 30
474 3794 587 3848 illorum
606 3795 649 3850 1⁷¹
662 3796 671 3864 ll
685 3800 717 3848 31
737 3796 812 3867 teria
832 3795 872 3859 V;
889 3794 924 3861 af.
943 3797 1006 3860 110,
1019 3796 1085 3859 4,·9
