3284 4459
591 510 632 550 nn
645 508 787 551 emmanu
801 510 854 549 nm
867 509 893 550 n.
907 509 983 551 xx11.
997 509 1020 551 o.
1035 511 1068 551 ιι,
1266 496 1331 561 587

322 647 354 705 in
378 643 508 705 nubibus
531 639 700 723 pendeant?
737 642 797 704 Cur
820 643 948 722 deniqne
972 662 1023 705 aer
1047 652 1093 706 est
1115 645 1230 705 medius
1254 648 1333 705 inter

323 750 438 794 summa
462 732 535 793 caeli
557 742 588 793 et
610 731 689 793 nuda
712 739 874 811 terrarum,
897 750 1013 811 quaqua
1037 751 1155 793 versum
1179 732 1260 793 orbis
1284 752 1331 794 ex·

322 821 465 903 tenditur,
488 823 513 882 si
536 820 620 881 locus
642 822 708 880 eius
730 823 809 880 inter
833 820 946 880 caelum
970 830 999 881 et
1021 839 1121 903 aquas,
1144 823 1222 883 sicut
1244 840 1331 901 aqua-

322 927 390 970 rum
413 912 492 971 inter
514 910 613 988 ipsum
636 916 667 969 et
688 916 784 969 terras
807 917 854 968 est
876 905 1076 970 constitutus?

411 998 566 1059 Postremo
590 1000 616 1057 si
637 999 679 1057 ita
702 1004 748 1057 est
771 995 986 1057 elementorum
1010 998 1083 1059 ordo
1106 998 1276 1080 dispositus,
1299 1010 1367 1060 uto

324 1086 487 1148 secundum
514 1086 666 1147 Platonem
695 1084 811 1145 duobus
835 1085 955 1166 mediis,
982 1085 1011 1146 id
1036 1094 1082 1147 est
1104 1105 1173 1147 aere
1195 1096 1226 1147 et
1249 1106 1337 1171 aqua&

324 1176 382 1236 duo
410 1184 557 1256 extrema,
589 1173 618 1234 id
647 1181 692 1234 εει
719 1175 796 1251 ignis
825 1182 855 1236 et
883 1182 978 1255 terra,
1004 1176 1166 1253 iungantur
1201 1176 1332 1255 caelique

324 1262 456 1323 obtineat
482 1262 530 1322 ille
559 1263 667 1322 summi
696 1261 807 1336 locum,
836 1261 908 1322 haec
932 1272 1030 1323 autem
1053 1265 1104 1322 imi
1128 1264 1207 1323 velut
1230 1263 1332 1324 lunda-

324 1354 412 1413 minis
434 1351 546 1431 mundi‚
569 1359 600 1410 et
622 1350 688 1410 ideo
710 1352 742 1410 in
766 1350 847 1410 caelo
871 1368 936 1410 esse
960 1369 1019 1411 non
1041 1359 1140 1430 potest
1162 1361 1255 1413 terra:
1279 1370 1333 1413 cur

324 1448 370 1500 est
396 1441 460 1519 ipse
488 1441 564 1517 ignis
592 1440 622 1499 in
650 1433 752 1499 terra?
798 1438 969 1499 Secundum
998 1439 1073 1500 hanc
1104 1443 1213 1519 quippe
1244 1443 1385 1504 ratio-10

324 1545 391 1588 nem
414 1530 455 1588 ita
478 1529 534 1587 ista
557 1526 616 1588 duo
636 1526 781 1587 elementa
803 1530 834 1586 in
858 1526 930 1587 locis
952 1530 1091 1607 propriis,
1114 1531 1173 1589 imo
1196 1547 1230 1590 ac
1254 1548 1332 1589 sum-

324 1634 385 1697 mo,
408 1623 489 1676 terra
512 1622 542 1675 et
569 1617 646 1694 ignis
670 1633 735 1675 esse
759 1614 940 1695 debuerunt,
971 1625 1019 1697 ut,
1042 1635 1130 1695 quem
1154 1616 1332 1678 admodum

323 1704 429 1765 nolunt
445 1706 477 1764 in
496 1721 611 1764 summo
631 1721 697 1763 esse
715 1722 802 1782 posse
823 1703 902 1781 quod
925 1706 977 1764 imi
1000 1713 1055 1785 est,
1077 1707 1117 1765 ita
1141 1723 1197 1766 nec
1219 1707 1251 1765 in
1273 1708 1332 1766 imo

323 1801 425 1872 posset
452 1810 518 1853 esse
547 1791 626 1870 quod
654 1793 761 1851 summi
789 1800 848 1853 εει
890 1790 974 1853 Sicut
1001 1810 1072 1872 ergo
1096 1793 1205 1854 nullam
1228 1801 1333 1873 putant

324 1882 368 1941 vel
392 1899 458 1941 esse
481 1879 528 1941 vel
550 1881 681 1940 futuram
705 1898 771 1939 esse
794 1889 892 1940 tarrae
915 1881 1090 1959 particulam
1113 1884 1143 1942 in
1168 1881 1264 1962 caelo,
1293 1885 1333 1943 ita
1353 1894 1385 1944 15

323 1969 434 2031 nullam
457 1968 631 2048 particulam
654 1967 754 2027 videre
778 1966 935 2028 debuimus
959 1971 1035 2047 ignis
1059 1972 1201 2031 interra.
1247 1970 1333 2031 Nunc

323 2076 393 2119 vero
417 2075 476 2117 non
495 2057 591 2117 solum
609 2058 640 2115 in
664 2057 762 2137 terris,
785 2073 888 2115 rerum
912 2058 1000 2117 etiam
1024 2056 1079 2117 sub
1103 2061 1192 2118 terris
1215 2060 1255 2119 ita
1279 2068 1333 2139 est,

323 2155 358 2207 ut
375 2163 443 2207 eum
463 2151 601 2206 eructent
619 2145 747 2205 vertices
765 2146 919 2225 montium,
943 2154 1062 2224 praeter
1081 2145 1160 2224 quod
1178 2148 1210 2206 in
1228 2147 1333 2208 usibus

323 2236 477 2295 hominum
505 2241 535 2294 et
565 2250 631 2293 esse
658 2234 757 2310 ignem
784 2234 816 2292 in
847 2240 926 2292 terra
950 2242 980 2293 et
1002 2252 1071 2294 eum
1094 2236 1176 2294 nasci
1199 2234 1333 2295 videmus

324 2342 360 2383 ex
382 2329 475 2403 terra3
499 2319 615 2400 quando
635 2320 753 2399 quidem
777 2329 807 2382 et
831 2320 867 2381 de
890 2320 977 2400 lignis
1001 2322 1089 2382 etde
1112 2321 1258 2401 lapidibus
1283 2341 1331 2383 na·
1351 2336 1387 2387 ao

324 2413 430 2491 scitur,
458 2428 533 2488 quae
564 2418 634 2469 sunt
656 2427 781 2488 corpora
804 2410 868 2469 sine
893 2408 1076 2471 dubitatione
1099 2418 1226 2471 terrena.
1274 2410 1333 2473 Sed

324 2498 381 2580 ille,
405 2501 559 2577 inquiunt,
581 2499 658 2576 ignis
683 2506 729 2557 est
751 2497 936 2579 tranquiline,
960 2517 1062 2579 purus,
1086 2501 1232 2579 innoxiae,
1257 2517 1332 2560 sem·

324 2590 473 2667 pitarnus3
495 2588 552 2646 iste
575 2593 674 2645 autent
699 2584 846 2665 turbidus,
870 2586 996 2667 sumens,
1020 2586 1221 2666 corruptibilis
1244 2595 1333 2666 atque

324 2685 491 2754 corruptor.
536 2673 598 2733 Nec
627 2683 725 2733 tamen
754 2676 918 2753 corrumpit
946 2682 1075 2756 montes,
1102 2677 1133 2734 in
1156 2674 1265 2753 quibus
1288 2678 1332 2736 iu·

324 2767 401 2843 giter
424 2771 551 2843 aestuat,
575 2765 774 2839 cavernasque
797 2770 954 2824 terrarum.
1000 2762 1109 2824 Verum
1133 2772 1206 2845 esto,
1230 2766 1269 2826 sit
1291 2764 1334 2827 illi
1352 2778 1385 2827 25

324 2856 381 2913 iste
412 2850 578 2930 dissimilis,
607 2858 642 2910 ut
672 2851 801 2911 terrenis
831 2849 1061 2913 habitationibus
1090 2862 1246 2931 congruat:
1279 2870 1335 2914 cur

325 2958 396 3019 ergo
425 2937 542 3020 nolunt,
570 2947 603 2998 ut
626 2938 781 2999 credamus
803 2947 939 2999 naturam
962 2958 1121 3019 corporum
1144 2950 1333 3002 terrenorum

325 3026 481 3106 aliquando
499 3025 755 3105 incorruptibilem
773 3026 879 3086 iactam
903 3026 984 3087 caelo
1008 3030 1333 3091 convenientemiutu-

325 3134 402 3197 ram,
435 3118 513 3175 sicut
539 3133 619 3175 nunc
646 3116 722 3193 ignis
753 3114 955 3193 corruptibilis
983 3116 1030 3176 bis
1058 3119 1195 3177 convenit
1221 3114 1334 3178 terris?

325 3204 404 3265 Nihil
426 3205 517 3282 igitur
544 3203 671 3263 allerunt
699 3220 734 3261 ex
762 3202 945 3281 ponderibus
968 3212 1056 3282 atque
1079 3205 1182 3265 ordine
1206 3204 1333 3266 elemen-
1353 3220 1387 3269 30

325 3302 449 3367 torum,·
472 3290 550 3351 unde
578 3293 774 3369 omnipotenti
801 3290 876 3372 Deo,
908 3294 1066 3370 quominus
1094 3294 1181 3353 iaciat
1208 3310 1334 3373 corpora

327 3388 428 3442 nostra
459 3379 545 3459 talia,
576 3388 610 3439 nt
639 3382 728 3439 etiam
755 3381 787 3439 in
814 3380 895 3439 caelo
924 3382 1040 3459 possint
1069 3380 1219 3463 habitare,
1249 3399 1334 3462 prae-

326 3468 464 3530 scribant.
