<?xml version="1.0" encoding="UTF-8"?>
<!DOCTYPE html PUBLIC "-//W3C//DTD XHTML 1.0 Transitional//EN"
    "http://www.w3.org/TR/xhtml1/DTD/xhtml1-transitional.dtd">
<html xmlns="http://www.w3.org/1999/xhtml" xml:lang="en" lang="en">
 <head>
  <title>
</title>
<meta http-equiv="Content-Type" content="text/html;charset=utf-8" />
  <meta name='ocr-system' content='tesseract 3.04.00' />
  <meta name='ocr-capabilities' content='ocr_page ocr_carea ocr_par ocr_line ocrx_word'/>
</head>
<body>
  <div class='ocr_page' id='page_1' title='image "./sanctiaureliiau11augugoog_0276.png"; bbox 0 0 3284 4459; ppageno 0'>
   <div class='ocr_carea' id='block_1_1' title="bbox 347 491 964 556">
    <p class='ocr_par' dir='ltr' id='par_1_1' title="bbox 347 491 964 556">
     <span class='ocr_line' id='line_1_1' title="bbox 347 491 964 556; baseline -0.005 -11"><span class='ocrx_word' id='word_1_1' title='bbox 347 491 411 556; x_wconf 80' lang='grc'><strong>256</strong></span> <span class='ocrx_word' id='word_1_2' title='bbox 763 503 784 544; x_wconf 83' lang='lat' dir='ltr'><strong>s</strong></span> <span class='ocrx_word' id='word_1_3' title='bbox 800 501 964 544; x_wconf 78' lang='lat' dir='ltr'><strong>nuousrnu</strong></span> 
     </span>
    </p>
   </div>
   <div class='ocr_carea' id='block_1_2' title="bbox 346 635 1459 807">
    <p class='ocr_par' dir='ltr' id='par_1_2' title="bbox 346 635 1459 807">
     <span class='ocr_line' id='line_1_2' title="bbox 346 635 1459 718; baseline -0.004 -18"><span class='ocrx_word' id='word_1_4' title='bbox 346 648 433 718; x_wconf 89' lang='lat' dir='ltr'><strong>atque</strong></span> <span class='ocrx_word' id='word_1_5' title='bbox 465 637 533 700; x_wconf 90' lang='lat' dir='ltr'><strong>inde</strong></span> <span class='ocrx_word' id='word_1_6' title='bbox 566 655 661 717; x_wconf 89' lang='lat' dir='ltr'><strong>usque</strong></span> <span class='ocrx_word' id='word_1_7' title='bbox 695 636 730 697; x_wconf 92' lang='lat' dir='ltr'><strong>ad</strong></span> <span class='ocrx_word' id='word_1_8' title='bbox 759 636 904 697; x_wconf 78' lang='lat' dir='ltr'><strong>Abraham</strong></span> <span class='ocrx_word' id='word_1_9' title='bbox 934 655 1040 698; x_wconf 91' lang='lat' dir='ltr'><strong>rursus</strong></span> <span class='ocrx_word' id='word_1_10' title='bbox 1067 635 1184 711; x_wconf 89' lang='lat' dir='ltr'><strong>ambae,</strong></span> <span class='ocrx_word' id='word_1_11' title='bbox 1215 639 1292 698; x_wconf 90' lang='lat' dir='ltr'><strong>sicut</strong></span> <span class='ocrx_word' id='word_1_12' title='bbox 1322 639 1354 697; x_wconf 92' lang='lat' dir='ltr'><strong>in</strong></span> <span class='ocrx_word' id='word_1_13' title='bbox 1458 652 1459 709; x_wconf 51' lang='grc' dir='ltr'><strong>ς</strong></span> 
     </span>
     <span class='ocr_line' id='line_1_3' title="bbox 346 723 1459 807; baseline -0.003 -19"><span class='ocrx_word' id='word_1_14' title='bbox 346 726 543 807; x_wconf 90' lang='lat' dir='ltr'><strong>temporibus,</strong></span> <span class='ocrx_word' id='word_1_15' title='bbox 566 729 607 787; x_wconf 90' lang='lat' dir='ltr'><strong>ita</strong></span> <span class='ocrx_word' id='word_1_16' title='bbox 630 734 660 787; x_wconf 87' lang='lat' dir='ltr'><strong>et</strong></span> <span class='ocrx_word' id='word_1_17' title='bbox 682 727 713 786; x_wconf 89' lang='lat' dir='ltr'><strong>in</strong></span> <span class='ocrx_word' id='word_1_18' title='bbox 737 727 848 786; x_wconf 91' lang='lat' dir='ltr'><strong>nostris</strong></span> <span class='ocrx_word' id='word_1_19' title='bbox 870 725 977 786; x_wconf 88' lang='lat' dir='ltr'><strong>litteris</strong></span> <span class='ocrx_word' id='word_1_20' title='bbox 1000 733 1208 786; x_wconf 89' lang='lat' dir='ltr'><strong>cucurrerunt.</strong></span> <span class='ocrx_word' id='word_1_21' title='bbox 1254 723 1314 786; x_wconf 92' lang='lat' dir='ltr'><strong>Sed</strong></span> <span class='ocrx_word' id='word_1_22' title='bbox 1337 743 1354 785; x_wconf 90' lang='lat' dir='ltr'><strong>a</strong></span> <span class='ocrx_word' id='word_1_23' title='bbox 1458 724 1459 757; x_wconf 72' lang='lat'>³</span> 
     </span>
    </p>
   </div>
   <div class='ocr_carea' id='block_1_3' title="bbox 345 812 1355 896">
    <p class='ocr_par' dir='ltr' id='par_1_3' title="bbox 345 812 1355 896">
     <span class='ocr_line' id='line_1_4' title="bbox 345 812 1355 896; baseline -0.002 -20"><span class='ocrx_word' id='word_1_24' title='bbox 345 824 429 896; x_wconf 90' lang='lat' dir='ltr'><strong>patre</strong></span> <span class='ocrx_word' id='word_1_25' title='bbox 452 814 597 876; x_wconf 81' lang='lat' dir='ltr'><strong>Abrabam</strong></span> <span class='ocrx_word' id='word_1_26' title='bbox 621 832 715 892; x_wconf 91' lang='lat' dir='ltr'><strong>usque</strong></span> <span class='ocrx_word' id='word_1_27' title='bbox 739 814 774 873; x_wconf 93' lang='lat' dir='ltr'><strong>ad</strong></span> <span class='ocrx_word' id='word_1_28' title='bbox 798 831 902 892; x_wconf 80' lang='lat' dir='ltr'><strong>regum</strong></span> <span class='ocrx_word' id='word_1_29' title='bbox 926 822 1043 892; x_wconf 87' lang='lat' dir='ltr'><strong>tempus</strong></span> <span class='ocrx_word' id='word_1_30' title='bbox 1065 812 1278 893; x_wconf 87' lang='lat' dir='ltr'><strong>israelitarum,</strong></span> <span class='ocrx_word' id='word_1_31' title='bbox 1301 813 1355 874; x_wconf 92' lang='lat' dir='ltr'><strong>ubi</strong></span> 
     </span>
    </p>
   </div>
   <div class='ocr_carea' id='block_1_4' title="bbox 310 900 1459 1158">
    <p class='ocr_par' dir='ltr' id='par_1_4' title="bbox 310 900 1459 1158">
     <span class='ocr_line' id='line_1_5' title="bbox 346 900 1459 982; baseline -0.006 -18"><span class='ocrx_word' id='word_1_32' title='bbox 346 911 462 965; x_wconf 83' lang='lat' dir='ltr'><strong>sextum</strong></span> <span class='ocrx_word' id='word_1_33' title='bbox 489 902 637 964; x_wconf 90' lang='lat' dir='ltr'><strong>decimum</strong></span> <span class='ocrx_word' id='word_1_34' title='bbox 665 901 801 963; x_wconf 92' lang='lat' dir='ltr'><strong>volumen</strong></span> <span class='ocrx_word' id='word_1_35' title='bbox 830 900 1021 982; x_wconf 90' lang='lat' dir='ltr'><strong>absolvimus,</strong></span> <span class='ocrx_word' id='word_1_36' title='bbox 1049 911 1080 963; x_wconf 86' lang='lat' dir='ltr'><strong>ot</strong></span> <span class='ocrx_word' id='word_1_37' title='bbox 1106 901 1175 962; x_wconf 88' lang='lat' dir='ltr'><strong>inde</strong></span> <span class='ocrx_word' id='word_1_38' title='bbox 1197 920 1293 981; x_wconf 89' lang='lat' dir='ltr'><strong>usque</strong></span> <span class='ocrx_word' id='word_1_39' title='bbox 1317 901 1352 962; x_wconf 93' lang='lat' dir='ltr'><strong>ad</strong></span> <span class='ocrx_word' id='word_1_40' title='bbox 1458 932 1459 957; x_wconf 74' lang='grc'>;</span> 
     </span>
     <span class='ocr_line' id='line_1_6' title="bbox 310 989 1459 1072; baseline -0.003 -18"><span class='ocrx_word' id='word_1_41' title='bbox 310 1004 326 1055; x_wconf 83' lang='lat'><strong>5</strong></span> <span class='ocrx_word' id='word_1_42' title='bbox 346 995 439 1072; x_wconf 89' lang='lat' dir='ltr'><strong>ipsius</strong></span> <span class='ocrx_word' id='word_1_43' title='bbox 460 994 492 1052; x_wconf 93' lang='lat' dir='ltr'><strong>in</strong></span> <span class='ocrx_word' id='word_1_44' title='bbox 516 1009 604 1052; x_wconf 93' lang='lat' dir='ltr'><strong>carne</strong></span> <span class='ocrx_word' id='word_1_45' title='bbox 629 990 786 1052; x_wconf 88' lang='lat' dir='ltr'><strong>Salvatoris</strong></span> <span class='ocrx_word' id='word_1_46' title='bbox 808 989 979 1071; x_wconf 89' lang='lat' dir='ltr'><strong>adventum,</strong></span> <span class='ocrx_word' id='word_1_47' title='bbox 1008 1007 1185 1070; x_wconf 91' lang='lat' dir='ltr'><strong>quousque</strong></span> <span class='ocrx_word' id='word_1_48' title='bbox 1209 993 1354 1072; x_wconf 91' lang='lat' dir='ltr'><strong>septimus</strong></span> <span class='ocrx_word' id='word_1_49' title='bbox 1458 992 1459 1009; x_wconf 63' lang='lat'>*</span> 
     </span>
     <span class='ocr_line' id='line_1_7' title="bbox 346 1078 1459 1158; baseline 0 -17"><span class='ocrx_word' id='word_1_50' title='bbox 346 1080 480 1141; x_wconf 91' lang='lat' dir='ltr'><strong>decimus</strong></span> <span class='ocrx_word' id='word_1_51' title='bbox 507 1079 583 1140; x_wconf 92' lang='lat' dir='ltr'><strong>liber</strong></span> <span class='ocrx_word' id='word_1_52' title='bbox 600 1079 756 1158; x_wconf 91' lang='lat' dir='ltr'><strong>tenditur,</strong></span> <span class='ocrx_word' id='word_1_53' title='bbox 783 1078 845 1139; x_wconf 89' lang='lat' dir='ltr'><strong>sola</strong></span> <span class='ocrx_word' id='word_1_54' title='bbox 872 1079 989 1140; x_wconf 90' lang='lat' dir='ltr'><strong>videtur</strong></span> <span class='ocrx_word' id='word_1_55' title='bbox 1011 1081 1042 1140; x_wconf 94' lang='lat' dir='ltr'><strong>in</strong></span> <span class='ocrx_word' id='word_1_56' title='bbox 1065 1097 1133 1140; x_wconf 92' lang='lat' dir='ltr'><strong>meo</strong></span> <span class='ocrx_word' id='word_1_57' title='bbox 1155 1079 1223 1140; x_wconf 91' lang='lat' dir='ltr'><strong>stilo</strong></span> <span class='ocrx_word' id='word_1_58' title='bbox 1246 1097 1353 1140; x_wconf 90' lang='lat' dir='ltr'><strong>cucur·</strong></span> <span class='ocrx_word' id='word_1_59' title='bbox 1458 1088 1459 1141; x_wconf 78' lang='lat' dir='ltr'><strong>l</strong></span> 
     </span>
    </p>
   </div>
   <div class='ocr_carea' id='block_1_5' title="bbox 345 1165 1354 1248">
    <p class='ocr_par' dir='ltr' id='par_1_5' title="bbox 345 1165 1354 1248">
     <span class='ocr_line' id='line_1_8' title="bbox 345 1165 1354 1248; baseline -0.001 -19"><span class='ocrx_word' id='word_1_60' title='bbox 345 1171 421 1231; x_wconf 80' lang='lat' dir='ltr'>risse</span> <span class='ocrx_word' id='word_1_61' title='bbox 440 1167 493 1228; x_wconf 85' lang='lat' dir='ltr'><strong>Dei</strong></span> <span class='ocrx_word' id='word_1_62' title='bbox 513 1171 627 1248; x_wconf 82' lang='lat' dir='ltr'><strong>civitas3</strong></span> <span class='ocrx_word' id='word_1_63' title='bbox 651 1185 718 1228; x_wconf 93' lang='lat' dir='ltr'><strong>cum</strong></span> <span class='ocrx_word' id='word_1_64' title='bbox 742 1169 773 1228; x_wconf 92' lang='lat' dir='ltr'><strong>in</strong></span> <span class='ocrx_word' id='word_1_65' title='bbox 792 1167 849 1228; x_wconf 82' lang='lat' dir='ltr'><strong>lroc</strong></span> <span class='ocrx_word' id='word_1_66' title='bbox 868 1165 986 1228; x_wconf 91' lang='lat' dir='ltr'><strong>saeculo</strong></span> <span class='ocrx_word' id='word_1_67' title='bbox 1008 1185 1067 1228; x_wconf 91' lang='lat' dir='ltr'><strong>uon</strong></span> <span class='ocrx_word' id='word_1_68' title='bbox 1091 1165 1153 1228; x_wconf 90' lang='lat' dir='ltr'><strong>sola</strong></span> <span class='ocrx_word' id='word_1_69' title='bbox 1175 1170 1354 1247; x_wconf 80' lang='lat' dir='ltr'><strong>cucurrerit,</strong></span> 
     </span>
    </p>
   </div>
   <div class='ocr_carea' id='block_1_6' title="bbox 294 1255 1459 1513">
    <p class='ocr_par' dir='ltr' id='par_1_6' title="bbox 294 1244 1459 1513">
     <span class='ocr_line' id='line_1_9' title="bbox 345 1255 1354 1335; baseline -0.002 -18"><span class='ocrx_word' id='word_1_70' title='bbox 345 1256 398 1318; x_wconf 91' lang='lat' dir='ltr'><strong>sed</strong></span> <span class='ocrx_word' id='word_1_71' title='bbox 422 1256 523 1317; x_wconf 89' lang='lat' dir='ltr'><strong>ambae</strong></span> <span class='ocrx_word' id='word_1_72' title='bbox 547 1258 649 1334; x_wconf 91' lang='lat' dir='ltr'><strong>utiquc</strong></span> <span class='ocrx_word' id='word_1_73' title='bbox 672 1258 702 1316; x_wconf 91' lang='lat' dir='ltr'><strong>in</strong></span> <span class='ocrx_word' id='word_1_74' title='bbox 726 1273 835 1334; x_wconf 82' lang='lat' dir='ltr'><strong>genere</strong></span> <span class='ocrx_word' id='word_1_75' title='bbox 858 1255 1000 1335; x_wconf 73' lang='lat' dir='ltr'><strong>hermano,</strong></span> <span class='ocrx_word' id='word_1_76' title='bbox 1028 1257 1106 1316; x_wconf 90' lang='lat' dir='ltr'><strong>sicut</strong></span> <span class='ocrx_word' id='word_1_77' title='bbox 1128 1255 1165 1316; x_wconf 90' lang='lat' dir='ltr'><strong>ab</strong></span> <span class='ocrx_word' id='word_1_78' title='bbox 1187 1258 1285 1335; x_wconf 89' lang='lat' dir='ltr'><strong>initio,</strong></span> <span class='ocrx_word' id='word_1_79' title='bbox 1315 1259 1354 1316; x_wconf 92' lang='lat' dir='ltr'><strong>si·</strong></span> 
     </span>
     <span class='ocr_line' id='line_1_10' title="bbox 346 1342 1459 1425; baseline -0.003 -19"><span class='ocrx_word' id='word_1_80' title='bbox 346 1344 407 1407; x_wconf 93' lang='lat' dir='ltr'><strong>mol</strong></span> <span class='ocrx_word' id='word_1_81' title='bbox 434 1364 488 1407; x_wconf 91' lang='lat' dir='ltr'><strong>suo</strong></span> <span class='ocrx_word' id='word_1_82' title='bbox 515 1362 662 1425; x_wconf 92' lang='lat' dir='ltr'><strong>procursu</strong></span> <span class='ocrx_word' id='word_1_83' title='bbox 690 1353 823 1423; x_wconf 87' lang='lat' dir='ltr'><strong>tempora</strong></span> <span class='ocrx_word' id='word_1_84' title='bbox 846 1346 1030 1404; x_wconf 80' lang='lat' dir='ltr'><strong>variaverint.</strong></span> <span class='ocrx_word' id='word_1_85' title='bbox 1076 1342 1184 1404; x_wconf 90' lang='lat' dir='ltr'><strong>Verum</strong></span> <span class='ocrx_word' id='word_1_86' title='bbox 1207 1343 1263 1404; x_wconf 93' lang='lat' dir='ltr'><strong>boc</strong></span> <span class='ocrx_word' id='word_1_87' title='bbox 1286 1343 1354 1404; x_wconf 94' lang='lat' dir='ltr'><strong>ideo</strong></span> <span class='ocrx_word' id='word_1_88' title='bbox 1458 1352 1459 1365; x_wconf 65' lang='lat'>¹</span> 
     </span>
     <span class='ocr_line' id='line_1_11' title="bbox 294 1428 1459 1513; baseline -0.002 -19"><span class='ocrx_word' id='word_1_89' title='bbox 294 1447 327 1496; x_wconf 89' lang='lat'><strong>10</strong></span> <span class='ocrx_word' id='word_1_90' title='bbox 348 1435 418 1513; x_wconf 90' lang='lat' dir='ltr'><strong>ieci,</strong></span> <span class='ocrx_word' id='word_1_91' title='bbox 447 1442 483 1495; x_wconf 91' lang='lat' dir='ltr'><strong>ut</strong></span> <span class='ocrx_word' id='word_1_92' title='bbox 508 1435 604 1513; x_wconf 91' lang='lat' dir='ltr'><strong>prius,</strong></span> <span class='ocrx_word' id='word_1_93' title='bbox 632 1451 668 1493; x_wconf 87' lang='lat' dir='ltr'><strong>ex</strong></span> <span class='ocrx_word' id='word_1_94' title='bbox 696 1450 755 1510; x_wconf 91' lang='lat' dir='ltr'><strong>quo</strong></span> <span class='ocrx_word' id='word_1_95' title='bbox 782 1434 947 1511; x_wconf 79' lang='lat' dir='ltr'><strong>apertiores</strong></span> <span class='ocrx_word' id='word_1_96' title='bbox 969 1431 1022 1492; x_wconf 85' lang='lat' dir='ltr'><strong>Dei</strong></span> <span class='ocrx_word' id='word_1_97' title='bbox 1051 1434 1264 1512; x_wconf 80' lang='lat' dir='ltr'><strong>promissiones</strong></span> <span class='ocrx_word' id='word_1_98' title='bbox 1287 1451 1354 1493; x_wconf 90' lang='lat' dir='ltr'><strong>esse</strong></span> <span class='ocrx_word' id='word_1_99' title='bbox 1458 1428 1459 1431; x_wconf 66' lang='grc'>’</span> 
     </span>
    </p>
   </div>
   <div class='ocr_carea' id='block_1_7' title="bbox 294 1520 1354 2308">
    <p class='ocr_par' dir='ltr' id='par_1_7' title="bbox 345 1520 1354 1868">
     <span class='ocr_line' id='line_1_12' title="bbox 346 1520 1353 1603; baseline -0.002 -20"><span class='ocrx_word' id='word_1_100' title='bbox 346 1530 523 1603; x_wconf 91' lang='lat' dir='ltr'><strong>coeperunt,</strong></span> <span class='ocrx_word' id='word_1_101' title='bbox 553 1539 648 1600; x_wconf 89' lang='lat' dir='ltr'><strong>usque</strong></span> <span class='ocrx_word' id='word_1_102' title='bbox 677 1520 712 1580; x_wconf 92' lang='lat' dir='ltr'><strong>ad</strong></span> <span class='ocrx_word' id='word_1_103' title='bbox 737 1523 801 1580; x_wconf 90' lang='lat' dir='ltr'><strong>eius</strong></span> <span class='ocrx_word' id='word_1_104' title='bbox 825 1539 860 1580; x_wconf 83' lang='lat' dir='ltr'><strong>ex</strong></span> <span class='ocrx_word' id='word_1_105' title='bbox 884 1522 997 1599; x_wconf 84' lang='lat' dir='ltr'><strong>virgine</strong></span> <span class='ocrx_word' id='word_1_106' title='bbox 1021 1523 1217 1600; x_wconf 76' lang='lat' dir='ltr'><strong>nativitatem,</strong></span> <span class='ocrx_word' id='word_1_107' title='bbox 1239 1523 1270 1581; x_wconf 91' lang='lat' dir='ltr'><strong>in</strong></span> <span class='ocrx_word' id='word_1_108' title='bbox 1294 1539 1353 1599; x_wconf 94' lang='lat' dir='ltr'><strong>quo</strong></span> 
     </span>
     <span class='ocr_line' id='line_1_13' title="bbox 345 1607 1353 1688; baseline -0.002 -17"><span class='ocrx_word' id='word_1_109' title='bbox 345 1612 464 1672; x_wconf 78' lang='lat' dir='ltr'><strong>fuerant</strong></span> <span class='ocrx_word' id='word_1_110' title='bbox 491 1628 565 1688; x_wconf 91' lang='lat' dir='ltr'><strong>quae</strong></span> <span class='ocrx_word' id='word_1_111' title='bbox 593 1612 688 1688; x_wconf 92' lang='lat' dir='ltr'><strong>primo</strong></span> <span class='ocrx_word' id='word_1_112' title='bbox 716 1608 965 1688; x_wconf 83' lang='lat' dir='ltr'><strong>promittebantur</strong></span> <span class='ocrx_word' id='word_1_113' title='bbox 987 1607 1147 1688; x_wconf 90' lang='lat' dir='ltr'><strong>implenda,</strong></span> <span class='ocrx_word' id='word_1_114' title='bbox 1175 1611 1238 1670; x_wconf 91' lang='lat' dir='ltr'><strong>sine</strong></span> <span class='ocrx_word' id='word_1_115' title='bbox 1261 1611 1353 1669; x_wconf 89' lang='lat' dir='ltr'><strong>inter-</strong></span> 
     </span>
     <span class='ocr_line' id='line_1_14' title="bbox 345 1696 1354 1779; baseline -0.001 -21"><span class='ocrx_word' id='word_1_116' title='bbox 345 1697 502 1779; x_wconf 91' lang='lat' dir='ltr'><strong>pellatione</strong></span> <span class='ocrx_word' id='word_1_117' title='bbox 526 1716 540 1757; x_wconf 92' lang='lat' dir='ltr'><strong>a</strong></span> <span class='ocrx_word' id='word_1_118' title='bbox 565 1699 714 1758; x_wconf 90' lang='lat' dir='ltr'><strong>contrario</strong></span> <span class='ocrx_word' id='word_1_119' title='bbox 737 1696 859 1757; x_wconf 85' lang='lat' dir='ltr'><strong>alterius</strong></span> <span class='ocrx_word' id='word_1_120' title='bbox 882 1699 1008 1759; x_wconf 88' lang='lat' dir='ltr'><strong>civitatis</strong></span> <span class='ocrx_word' id='word_1_121' title='bbox 1031 1700 1100 1776; x_wconf 89' lang='lat' dir='ltr'><strong>ista,</strong></span> <span class='ocrx_word' id='word_1_122' title='bbox 1124 1716 1198 1776; x_wconf 89' lang='lat' dir='ltr'><strong>quae</strong></span> <span class='ocrx_word' id='word_1_123' title='bbox 1222 1696 1275 1758; x_wconf 82' lang='lat' dir='ltr'><strong>[tei</strong></span> <span class='ocrx_word' id='word_1_124' title='bbox 1298 1706 1354 1777; x_wconf 91' lang='lat' dir='ltr'><strong>est,</strong></span> 
     </span>
     <span class='ocr_line' id='line_1_15' title="bbox 346 1785 1354 1868; baseline -0.001 -22"><span class='ocrx_word' id='word_1_125' title='bbox 346 1804 526 1866; x_wconf 86' lang='lat' dir='ltr'><strong>procurrens</strong></span> <span class='ocrx_word' id='word_1_126' title='bbox 545 1785 714 1846; x_wconf 88' lang='lat' dir='ltr'><strong>distinctius</strong></span> <span class='ocrx_word' id='word_1_127' title='bbox 732 1794 900 1866; x_wconf 82' lang='lat' dir='ltr'><strong>appareret3</strong></span> <span class='ocrx_word' id='word_1_128' title='bbox 923 1787 1056 1868; x_wconf 85' lang='lat' dir='ltr'><strong>quamvis</strong></span> <span class='ocrx_word' id='word_1_129' title='bbox 1074 1804 1170 1865; x_wconf 91' lang='lat' dir='ltr'><strong>usque</strong></span> <span class='ocrx_word' id='word_1_130' title='bbox 1189 1785 1224 1845; x_wconf 92' lang='lat' dir='ltr'><strong>ad</strong></span> <span class='ocrx_word' id='word_1_131' title='bbox 1244 1785 1354 1845; x_wconf 90' lang='lat' dir='ltr'><strong>revela-</strong></span> 
     </span>
    </p>

    <p class='ocr_par' dir='ltr' id='par_1_8' title="bbox 294 1872 1353 2308">
     <span class='ocr_line' id='line_1_16' title="bbox 294 1872 1353 1949; baseline -0.004 -11"><span class='ocrx_word' id='word_1_132' title='bbox 294 1887 327 1938; x_wconf 79' lang='lat'><strong>15</strong></span> <span class='ocrx_word' id='word_1_133' title='bbox 347 1878 457 1936; x_wconf 87' lang='lat' dir='ltr'><strong>tionem</strong></span> <span class='ocrx_word' id='word_1_134' title='bbox 480 1876 648 1936; x_wconf 86' lang='lat' dir='ltr'><strong>testamenti</strong></span> <span class='ocrx_word' id='word_1_135' title='bbox 671 1875 739 1933; x_wconf 91' lang='lat' dir='ltr'><strong>novi</strong></span> <span class='ocrx_word' id='word_1_136' title='bbox 762 1891 821 1932; x_wconf 93' lang='lat' dir='ltr'><strong>non</strong></span> <span class='ocrx_word' id='word_1_137' title='bbox 844 1875 875 1933; x_wconf 93' lang='lat' dir='ltr'><strong>in</strong></span> <span class='ocrx_word' id='word_1_138' title='bbox 898 1874 1022 1949; x_wconf 91' lang='lat' dir='ltr'><strong>lumine,</strong></span> <span class='ocrx_word' id='word_1_139' title='bbox 1045 1872 1096 1934; x_wconf 89' lang='lat' dir='ltr'><strong>sed</strong></span> <span class='ocrx_word' id='word_1_140' title='bbox 1120 1876 1151 1934; x_wconf 88' lang='lat' dir='ltr'><strong>in</strong></span> <span class='ocrx_word' id='word_1_141' title='bbox 1176 1872 1279 1937; x_wconf 90' lang='lat' dir='ltr'><strong>umbra</strong></span> <span class='ocrx_word' id='word_1_142' title='bbox 1302 1893 1353 1934; x_wconf 89' lang='lat' dir='ltr'><strong>cu·</strong></span> 
     </span>
     <span class='ocr_line' id='line_1_17' title="bbox 346 1961 1353 2040; baseline -0.003 -16"><span class='ocrx_word' id='word_1_143' title='bbox 346 1967 483 2025; x_wconf 92' lang='lat' dir='ltr'><strong>currerit.</strong></span> <span class='ocrx_word' id='word_1_144' title='bbox 527 1962 614 2022; x_wconf 91' lang='lat' dir='ltr'><strong>Nunc</strong></span> <span class='ocrx_word' id='word_1_145' title='bbox 641 1980 725 2040; x_wconf 84' lang='lat' dir='ltr'><strong>ergo,</strong></span> <span class='ocrx_word' id='word_1_146' title='bbox 754 1961 831 2040; x_wconf 94' lang='lat' dir='ltr'><strong>quod</strong></span> <span class='ocrx_word' id='word_1_147' title='bbox 855 1965 1086 2040; x_wconf 85' lang='lat' dir='ltr'><strong>intermiseram,</strong></span> <span class='ocrx_word' id='word_1_148' title='bbox 1115 1962 1199 2022; x_wconf 90' lang='lat' dir='ltr'><strong>video</strong></span> <span class='ocrx_word' id='word_1_149' title='bbox 1223 1980 1289 2023; x_wconf 90' lang='lat' dir='ltr'><strong>esse</strong></span> <span class='ocrx_word' id='word_1_150' title='bbox 1312 1963 1353 2022; x_wconf 88' lang='lat' dir='ltr'><strong>la-</strong></span> 
     </span>
     <span class='ocr_line' id='line_1_18' title="bbox 346 2049 1353 2133; baseline -0.002 -21"><span class='ocrx_word' id='word_1_151' title='bbox 346 2051 497 2133; x_wconf 92' lang='lat' dir='ltr'><strong>ciendum,</strong></span> <span class='ocrx_word' id='word_1_152' title='bbox 520 2059 554 2112; x_wconf 93' lang='lat' dir='ltr'><strong>ut</strong></span> <span class='ocrx_word' id='word_1_153' title='bbox 577 2068 613 2111; x_wconf 86' lang='lat' dir='ltr'><strong>ex</strong></span> <span class='ocrx_word' id='word_1_154' title='bbox 636 2049 768 2110; x_wconf 79' lang='lat' dir='ltr'><strong>suranae</strong></span> <span class='ocrx_word' id='word_1_155' title='bbox 792 2049 977 2130; x_wconf 90' lang='lat' dir='ltr'><strong>temporibus</strong></span> <span class='ocrx_word' id='word_1_156' title='bbox 1001 2069 1059 2129; x_wconf 92' lang='lat' dir='ltr'><strong>quo</strong></span> <span class='ocrx_word' id='word_1_157' title='bbox 1084 2049 1280 2110; x_wconf 91' lang='lat' dir='ltr'><strong>modoetiam</strong></span> <span class='ocrx_word' id='word_1_158' title='bbox 1304 2050 1353 2110; x_wconf 93' lang='lat' dir='ltr'><strong>illa</strong></span> 
     </span>
     <span class='ocr_line' id='line_1_19' title="bbox 345 2136 1353 2220; baseline -0.002 -19"><span class='ocrx_word' id='word_1_159' title='bbox 345 2143 522 2220; x_wconf 87' lang='lat' dir='ltr'><strong>cucurrerit,</strong></span> <span class='ocrx_word' id='word_1_160' title='bbox 545 2147 687 2217; x_wconf 85' lang='lat' dir='ltr'><strong>quantum</strong></span> <span class='ocrx_word' id='word_1_161' title='bbox 707 2139 777 2199; x_wconf 92' lang='lat' dir='ltr'><strong>satis</strong></span> <span class='ocrx_word' id='word_1_162' title='bbox 800 2137 926 2219; x_wconf 91' lang='lat' dir='ltr'><strong>videtur,</strong></span> <span class='ocrx_word' id='word_1_163' title='bbox 948 2138 1104 2218; x_wconf 83' lang='lat' dir='ltr'><strong>adtingam,</strong></span> <span class='ocrx_word' id='word_1_164' title='bbox 1128 2148 1161 2198; x_wconf 95' lang='lat' dir='ltr'><strong>ut</strong></span> <span class='ocrx_word' id='word_1_165' title='bbox 1184 2136 1286 2199; x_wconf 88' lang='lat' dir='ltr'><strong>ambae</strong></span> <span class='ocrx_word' id='word_1_166' title='bbox 1309 2141 1353 2199; x_wconf 89' lang='lat' dir='ltr'><strong>in·</strong></span> 
     </span>
     <span class='ocr_line' id='line_1_20' title="bbox 345 2226 1224 2308; baseline -0.002 -19"><span class='ocrx_word' id='word_1_167' title='bbox 345 2236 392 2289; x_wconf 90' lang='lat' dir='ltr'><strong>ter</strong></span> <span class='ocrx_word' id='word_1_168' title='bbox 408 2247 447 2289; x_wconf 91' lang='lat' dir='ltr'><strong>se</strong></span> <span class='ocrx_word' id='word_1_169' title='bbox 470 2230 585 2308; x_wconf 91' lang='lat' dir='ltr'><strong>possint</strong></span> <span class='ocrx_word' id='word_1_170' title='bbox 608 2227 844 2286; x_wconf 83' lang='lat' dir='ltr'><strong>consideratione</strong></span> <span class='ocrx_word' id='word_1_171' title='bbox 868 2226 1029 2306; x_wconf 85' lang='lat' dir='ltr'><strong>legentium</strong></span> <span class='ocrx_word' id='word_1_172' title='bbox 1052 2230 1224 2307; x_wconf 88' lang='lat' dir='ltr'><strong>comparari.</strong></span> 
     </span>
    </p>
   </div>
   <div class='ocr_carea' id='block_1_8' title="bbox 294 2431 944 2503">
    <p class='ocr_par' dir='ltr' id='par_1_9' title="bbox 294 2431 944 2503">
     <span class='ocr_line' id='line_1_21' title="bbox 294 2431 944 2503; baseline -0.012 0"><span class='ocrx_word' id='word_1_173' title='bbox 294 2454 328 2503; x_wconf 82' lang='lat'><strong>20</strong></span> <span class='ocrx_word' id='word_1_174' title='bbox 761 2431 879 2498; x_wconf 76' lang='lat' dir='ltr'><strong>Gneus</strong></span> <span class='ocrx_word' id='word_1_175' title='bbox 901 2433 944 2496; x_wconf 91' lang='lat' dir='ltr'><strong>Il.</strong></span> 
     </span>
    </p>
   </div>
   <div class='ocr_carea' id='block_1_9' title="bbox 345 2563 1354 2798">
    <p class='ocr_par' dir='ltr' id='par_1_10' title="bbox 345 2563 1354 2798">
     <span class='ocr_line' id='line_1_22' title="bbox 345 2563 1354 2640; baseline 0.002 -17"><span class='ocrx_word' id='word_1_176' title='bbox 345 2565 392 2624; x_wconf 82' lang='lat' dir='ltr'><strong>De</strong></span> <span class='ocrx_word' id='word_1_177' title='bbox 419 2571 562 2628; x_wconf 83' lang='lat' dir='ltr'><strong>terrenae</strong></span> <span class='ocrx_word' id='word_1_178' title='bbox 589 2563 721 2623; x_wconf 79' lang='lat' dir='ltr'><strong>civitatis</strong></span> <span class='ocrx_word' id='word_1_179' title='bbox 748 2563 872 2636; x_wconf 71' lang='lat' dir='ltr'><strong>reqibus</strong></span> <span class='ocrx_word' id='word_1_180' title='bbox 899 2569 991 2638; x_wconf 82' lang='lat' dir='ltr'><strong>atque</strong></span> <span class='ocrx_word' id='word_1_181' title='bbox 1018 2564 1214 2640; x_wconf 78' lang='lat' dir='ltr'><strong>temporibus,</strong></span> <span class='ocrx_word' id='word_1_182' title='bbox 1244 2565 1354 2638; x_wconf 82' lang='lat' dir='ltr'><strong>quibus</strong></span> 
     </span>
     <span class='ocr_line' id='line_1_23' title="bbox 408 2651 1290 2728; baseline 0 -16"><span class='ocrx_word' id='word_1_183' title='bbox 408 2653 447 2718; x_wconf 82' lang='lat' dir='ltr'><strong>ob</strong></span> <span class='ocrx_word' id='word_1_184' title='bbox 470 2658 580 2713; x_wconf 79' lang='lat' dir='ltr'><strong>exortu</strong></span> <span class='ocrx_word' id='word_1_185' title='bbox 604 2651 749 2710; x_wconf 80' lang='lat' dir='ltr'><strong>Abrabae</strong></span> <span class='ocrx_word' id='word_1_186' title='bbox 770 2656 945 2710; x_wconf 82' lang='lat' dir='ltr'><strong>sauctorum</strong></span> <span class='ocrx_word' id='word_1_187' title='bbox 969 2658 1105 2728; x_wconf 86' lang='lat' dir='ltr'><strong>temporo</strong></span> <span class='ocrx_word' id='word_1_188' title='bbox 1126 2658 1290 2728; x_wconf 83' lang='lat' dir='ltr'><strong>supputato</strong></span> 
     </span>
     <span class='ocr_line' id='line_1_24' title="bbox 752 2741 942 2798; baseline 0 0"><span class='ocrx_word' id='word_1_189' title='bbox 752 2741 942 2798; x_wconf 81' lang='lat' dir='ltr'><strong>conveniunt.</strong></span> 
     </span>
    </p>
   </div>
   <div class='ocr_carea' id='block_1_10' title="bbox 293 2861 1354 3652">
    <p class='ocr_par' dir='ltr' id='par_1_11' title="bbox 293 2861 1354 3652">
     <span class='ocr_line' id='line_1_25' title="bbox 436 2861 1354 2944; baseline 0.002 -22"><span class='ocrx_word' id='word_1_190' title='bbox 436 2862 567 2923; x_wconf 90' lang='lat' dir='ltr'><strong>Societas</strong></span> <span class='ocrx_word' id='word_1_191' title='bbox 598 2863 690 2940; x_wconf 80' lang='lat' dir='ltr'><strong>igitur</strong></span> <span class='ocrx_word' id='word_1_192' title='bbox 721 2878 934 2939; x_wconf 85' lang='lat' dir='ltr'><strong>usquequaque</strong></span> <span class='ocrx_word' id='word_1_193' title='bbox 968 2861 1134 2922; x_wconf 87' lang='lat' dir='ltr'><strong>mortalium</strong></span> <span class='ocrx_word' id='word_1_194' title='bbox 1163 2863 1269 2924; x_wconf 83' lang='lat' dir='ltr'><strong>diffusa</strong></span> <span class='ocrx_word' id='word_1_195' title='bbox 1297 2881 1354 2944; x_wconf 89' lang='lat' dir='ltr'><strong>per</strong></span> 
     </span>
     <span class='ocr_line' id='line_1_26' title="bbox 293 2948 1353 3028; baseline 0 -16"><span class='ocrx_word' id='word_1_196' title='bbox 293 2961 442 3012; x_wconf 72' lang='lat' dir='ltr'><strong>sotertes</strong></span> <span class='ocrx_word' id='word_1_197' title='bbox 469 2958 499 3012; x_wconf 76' lang='lat' dir='ltr'><strong>s!</strong></span> <span class='ocrx_word' id='word_1_198' title='bbox 526 2953 558 3010; x_wconf 92' lang='lat' dir='ltr'><strong>in</strong></span> <span class='ocrx_word' id='word_1_199' title='bbox 585 2948 718 3009; x_wconf 89' lang='lat' dir='ltr'><strong>locorum</strong></span> <span class='ocrx_word' id='word_1_200' title='bbox 741 2949 932 3028; x_wconf 77' lang='lat' dir='ltr'><strong>quantislibet</strong></span> <span class='ocrx_word' id='word_1_201' title='bbox 954 2949 1174 3012; x_wconf 86' lang='lat' dir='ltr'><strong>diversitatibus</strong></span> <span class='ocrx_word' id='word_1_202' title='bbox 1197 2953 1286 3012; x_wconf 91' lang='lat' dir='ltr'><strong>unius</strong></span> <span class='ocrx_word' id='word_1_203' title='bbox 1310 2959 1353 3012; x_wconf 90' lang='lat' dir='ltr'><strong>ta-</strong></span> 
     </span>
     <span class='ocr_line' id='line_1_27' title="bbox 346 3038 1353 3116; baseline 0 -16"><span class='ocrx_word' id='word_1_204' title='bbox 346 3058 413 3100; x_wconf 87' lang='lat' dir='ltr'><strong>men</strong></span> <span class='ocrx_word' id='word_1_205' title='bbox 446 3038 638 3116; x_wconf 90' lang='lat' dir='ltr'><strong>eiusdemque</strong></span> <span class='ocrx_word' id='word_1_206' title='bbox 670 3044 791 3098; x_wconf 75' lang='lat' dir='ltr'><strong>natiuae</strong></span> <span class='ocrx_word' id='word_1_207' title='bbox 825 3038 949 3116; x_wconf 92' lang='lat' dir='ltr'><strong>quadam</strong></span> <span class='ocrx_word' id='word_1_208' title='bbox 981 3041 1188 3100; x_wconf 91' lang='lat' dir='ltr'><strong>communione</strong></span> <span class='ocrx_word' id='word_1_209' title='bbox 1218 3039 1353 3100; x_wconf 88' lang='lat' dir='ltr'><strong>devincta</strong></span> 
     </span>
     <span class='ocr_line' id='line_1_28' title="bbox 345 3123 1352 3209; baseline 0 -20"><span class='ocrx_word' id='word_1_210' title='bbox 345 3127 488 3189; x_wconf 83' lang='lat' dir='ltr'><strong>utilitates</strong></span> <span class='ocrx_word' id='word_1_211' title='bbox 516 3135 546 3186; x_wconf 91' lang='lat' dir='ltr'><strong>et</strong></span> <span class='ocrx_word' id='word_1_212' title='bbox 574 3123 749 3204; x_wconf 90' lang='lat' dir='ltr'><strong>cupiditates</strong></span> <span class='ocrx_word' id='word_1_213' title='bbox 773 3143 841 3186; x_wconf 93' lang='lat' dir='ltr'><strong>suas</strong></span> <span class='ocrx_word' id='word_1_214' title='bbox 865 3125 1032 3205; x_wconf 88' lang='lat' dir='ltr'><strong>quibusque</strong></span> <span class='ocrx_word' id='word_1_215' title='bbox 1055 3126 1252 3209; x_wconf 90' lang='lat' dir='ltr'><strong>sectantibus,</strong></span> <span class='ocrx_word' id='word_1_216' title='bbox 1282 3128 1352 3189; x_wconf 91' lang='lat' dir='ltr'><strong>dum</strong></span> 
     </span>
     <span class='ocr_line' id='line_1_29' title="bbox 346 3215 1352 3295; baseline -0.001 -18"><span class='ocrx_word' id='word_1_217' title='bbox 346 3215 375 3277; x_wconf 90' lang='lat' dir='ltr'><strong>id</strong></span> <span class='ocrx_word' id='word_1_218' title='bbox 403 3215 482 3295; x_wconf 94' lang='lat' dir='ltr'><strong>quod</strong></span> <span class='ocrx_word' id='word_1_219' title='bbox 511 3215 659 3294; x_wconf 89' lang='lat' dir='ltr'><strong>appetitur</strong></span> <span class='ocrx_word' id='word_1_220' title='bbox 689 3221 740 3274; x_wconf 90' lang='lat' dir='ltr'><strong>aut</strong></span> <span class='ocrx_word' id='word_1_221' title='bbox 769 3216 879 3274; x_wconf 91' lang='lat' dir='ltr'><strong>nemini</strong></span> <span class='ocrx_word' id='word_1_222' title='bbox 908 3223 958 3275; x_wconf 92' lang='lat' dir='ltr'><strong>aut</strong></span> <span class='ocrx_word' id='word_1_223' title='bbox 986 3233 1048 3295; x_wconf 85' lang='lat' dir='ltr'><strong>non</strong></span> <span class='ocrx_word' id='word_1_224' title='bbox 1072 3215 1210 3276; x_wconf 91' lang='lat' dir='ltr'><strong>omnibus</strong></span> <span class='ocrx_word' id='word_1_225' title='bbox 1234 3216 1352 3295; x_wconf 79' lang='lat' dir='ltr'><strong>suflicit,</strong></span> 
     </span>
     <span class='ocr_line' id='line_1_30' title="bbox 347 3301 1353 3383; baseline -0.001 -18"><span class='ocrx_word' id='word_1_226' title='bbox 347 3306 414 3382; x_wconf 91' lang='lat' dir='ltr'><strong>quia</strong></span> <span class='ocrx_word' id='word_1_227' title='bbox 434 3321 493 3363; x_wconf 91' lang='lat' dir='ltr'><strong>non</strong></span> <span class='ocrx_word' id='word_1_228' title='bbox 511 3301 605 3362; x_wconf 90' lang='lat' dir='ltr'><strong>estid</strong></span> <span class='ocrx_word' id='word_1_229' title='bbox 628 3303 734 3382; x_wconf 91' lang='lat' dir='ltr'><strong>ipsum,</strong></span> <span class='ocrx_word' id='word_1_230' title='bbox 757 3301 898 3363; x_wconf 89' lang='lat' dir='ltr'><strong>adversus</strong></span> <span class='ocrx_word' id='word_1_231' title='bbox 917 3306 1060 3382; x_wconf 88' lang='lat' dir='ltr'><strong>seipsam</strong></span> <span class='ocrx_word' id='word_1_232' title='bbox 1084 3303 1258 3383; x_wconf 91' lang='lat' dir='ltr'><strong>plerumque</strong></span> <span class='ocrx_word' id='word_1_233' title='bbox 1281 3303 1353 3364; x_wconf 89' lang='lat' dir='ltr'><strong>divi·</strong></span> 
     </span>
     <span class='ocr_line' id='line_1_31' title="bbox 293 3390 1354 3472; baseline -0.002 -18"><span class='ocrx_word' id='word_1_234' title='bbox 293 3405 329 3454; x_wconf 81' lang='lat'><strong>30</strong></span> <span class='ocrx_word' id='word_1_235' title='bbox 348 3393 442 3472; x_wconf 91' lang='lat' dir='ltr'><strong>ditur,</strong></span> <span class='ocrx_word' id='word_1_236' title='bbox 469 3399 499 3452; x_wconf 92' lang='lat' dir='ltr'><strong>et</strong></span> <span class='ocrx_word' id='word_1_237' title='bbox 521 3407 590 3469; x_wconf 92' lang='lat' dir='ltr'><strong>pars</strong></span> <span class='ocrx_word' id='word_1_238' title='bbox 612 3399 739 3469; x_wconf 89' lang='lat' dir='ltr'><strong>partem,</strong></span> <span class='ocrx_word' id='word_1_239' title='bbox 763 3408 839 3468; x_wconf 92' lang='lat' dir='ltr'><strong>quae</strong></span> <span class='ocrx_word' id='word_1_240' title='bbox 861 3391 1016 3469; x_wconf 88' lang='lat' dir='ltr'><strong>praevalet,</strong></span> <span class='ocrx_word' id='word_1_241' title='bbox 1039 3394 1187 3470; x_wconf 79' lang='lat' dir='ltr'><strong>opprimit.</strong></span> <span class='ocrx_word' id='word_1_242' title='bbox 1233 3390 1354 3452; x_wconf 87' lang='lat' dir='ltr'><strong>Victrici</strong></span> 
     </span>
     <span class='ocr_line' id='line_1_32' title="bbox 348 3476 1352 3556; baseline 0 -16"><span class='ocrx_word' id='word_1_243' title='bbox 348 3483 426 3540; x_wconf 91' lang='lat' dir='ltr'><strong>enim</strong></span> <span class='ocrx_word' id='word_1_244' title='bbox 445 3481 521 3539; x_wconf 90' lang='lat' dir='ltr'><strong>victa</strong></span> <span class='ocrx_word' id='word_1_245' title='bbox 540 3476 715 3556; x_wconf 91' lang='lat' dir='ltr'><strong>succumbit,</strong></span> <span class='ocrx_word' id='word_1_246' title='bbox 737 3477 930 3539; x_wconf 89' lang='lat' dir='ltr'><strong>dominationi</strong></span> <span class='ocrx_word' id='word_1_247' title='bbox 949 3479 1063 3540; x_wconf 90' lang='lat' dir='ltr'><strong>scilicet</strong></span> <span class='ocrx_word' id='word_1_248' title='bbox 1085 3479 1130 3540; x_wconf 95' lang='lat' dir='ltr'><strong>vel</strong></span> <span class='ocrx_word' id='word_1_249' title='bbox 1153 3481 1242 3540; x_wconf 88' lang='lat' dir='ltr'><strong>etiam</strong></span> <span class='ocrx_word' id='word_1_250' title='bbox 1264 3479 1352 3540; x_wconf 88' lang='lat' dir='ltr'><strong>libcr-</strong></span> 
     </span>
     <span class='ocr_line' id='line_1_33' title="bbox 347 3563 1351 3652; baseline 0.004 -25"><span class='ocrx_word' id='word_1_251' title='bbox 347 3568 402 3627; x_wconf 88' lang='lat' dir='ltr'><strong>tati</strong></span> <span class='ocrx_word' id='word_1_252' title='bbox 428 3563 672 3652; x_wconf 84' lang='lat' dir='ltr'><strong>qualemcumque</strong></span> <span class='ocrx_word' id='word_1_253' title='bbox 700 3581 803 3642; x_wconf 88' lang='lat' dir='ltr'><strong>pacem</strong></span> <span class='ocrx_word' id='word_1_254' title='bbox 830 3564 1002 3644; x_wconf 78' lang='lat' dir='ltr'><strong>praeterens</strong></span> <span class='ocrx_word' id='word_1_255' title='bbox 1030 3582 1064 3625; x_wconf 89' lang='lat' dir='ltr'><strong>ae</strong></span> <span class='ocrx_word' id='word_1_256' title='bbox 1088 3564 1225 3644; x_wconf 90' lang='lat' dir='ltr'><strong>salutem,</strong></span> <span class='ocrx_word' id='word_1_257' title='bbox 1253 3571 1294 3630; x_wconf 91' lang='lat' dir='ltr'><strong>ita</strong></span> <span class='ocrx_word' id='word_1_258' title='bbox 1317 3579 1351 3630; x_wconf 90' lang='lat' dir='ltr'><strong>ut</strong></span> 
     </span>
    </p>
   </div>
   <div class='ocr_carea' id='block_1_11' title="bbox 414 3758 1008 3830">
    <p class='ocr_par' dir='ltr' id='par_1_12' title="bbox 414 3758 1008 3830">
     <span class='ocr_line' id='line_1_34' title="bbox 414 3758 1008 3830; baseline -0.005 -13"><span class='ocrx_word' id='word_1_259' title='bbox 414 3769 430 3818; x_wconf 66' lang='grc' dir='ltr'><strong>Ξ</strong></span> <span class='ocrx_word' id='word_1_260' title='bbox 449 3761 498 3816; x_wconf 89' lang='lat' dir='ltr'><strong>sed</strong></span> <span class='ocrx_word' id='word_1_261' title='bbox 515 3761 581 3830; x_wconf 86' lang='lat' dir='ltr'><strong>post</strong></span> <span class='ocrx_word' id='word_1_262' title='bbox 599 3759 744 3814; x_wconf 61' lang='lat' dir='ltr'><strong>Fuscos</strong></span> <span class='ocrx_word' id='word_1_263' title='bbox 760 3760 771 3828; x_wconf 81' lang='grc' dir='ltr'><strong>ΙΙ</strong></span> <span class='ocrx_word' id='word_1_264' title='bbox 788 3764 805 3812; x_wconf 82' lang='lat'><strong>5</strong></span> <span class='ocrx_word' id='word_1_265' title='bbox 824 3758 883 3811; x_wconf 88' lang='lat' dir='ltr'><strong>dee.</strong></span> <span class='ocrx_word' id='word_1_266' title='bbox 902 3760 973 3827; x_wconf 86' lang='lat' dir='ltr'><strong>sept.</strong></span> <span class='ocrx_word' id='word_1_267' title='bbox 991 3776 1008 3814; x_wconf 86' lang='lat' dir='ltr'><strong>o</strong></span> 
     </span>
    </p>
   </div>
   <div class='ocr_carea' id='block_1_12' title="bbox 0 0 1646 4459">
    <p class='ocr_par' dir='ltr' id='par_1_13' title="bbox 0 0 1646 4459">
     <span class='ocr_line' id='line_1_35' title="bbox 0 0 1646 4459; baseline 0 0"><span class='ocrx_word' id='word_1_268' title='bbox 0 0 1646 4459; x_wconf 95' lang='lat' dir='ltr'><strong> </strong></span> 
     </span>
    </p>
   </div>
  </div>
 </body>
</html>
