3284 4459
565 532 605 571 nn
622 531 766 573 emanas
780 533 834 572 nm
848 533 873 573 a.
887 534 937 575 xx„
952 533 975 573 c.
989 535 1021 575 eo.
1237 519 1302 585 483

296 663 350 725 Dei
366 673 420 745 est,
438 673 519 727 etex
533 684 659 745 persona
681 665 734 726 Dei
754 666 864 727 dicitur
884 685 938 745 per
957 667 1143 749 prophetam3
1162 677 1191 729 et
1206 677 1303 729 tamen

294 753 377 813 hunc
408 753 501 814 Deum
524 754 596 814 haec
619 763 678 815 tam
702 772 805 832 magna
834 764 864 815 et
888 764 946 815 tam
973 755 1069 815 divina
1092 757 1247 817 facientem
1271 775 1302 818 se

295 841 435 902 Christus
453 841 583 902 ostendit
606 843 790 920 adiungendo
818 851 906 921 atquc
934 842 1070 905 dicendo:
1094 845 1135 904 Et
1155 849 1305 921 aspicient

294 932 340 991 ad
356 948 404 991 me
427 948 487 1007 pro
508 949 543 991 eo
568 934 651 1006 qaod
671 935 904 1005 insultaverant,
932 940 962 992 et
980 936 1128 1008 ptanpent
1152 952 1245 1010 snper
1268 952 1302 996 eo

290 1021 450 1094 planetam
472 1022 562 1094 qnasi
582 1037 676 1095 snper
698 1022 888 1079 carissimam
906 1012 982 1099 (sive
1002 1015 1158 1101 dilectum)
1177 1030 1207 1082 et
1224 1025 1337 1083 dole-5

295 1108 372 1167 bunt
389 1110 493 1168 datore
511 1110 601 1182 qnasi
612 1125 705 1183 snper
717 1110 913 1182 unipenitnm.
941 1106 1106 1168 Paenitebit
1125 1112 1232 1189 qnippe
1256 1110 1302 1170 lu·

294 1194 384 1254 dacos
407 1198 437 1254 in
461 1195 508 1255 die
532 1194 594 1276 ilia,
621 1197 709 1255 etiam
733 1213 794 1272 eos,
826 1198 876 1273 qui
899 1198 1051 1275 accepturi
1073 1207 1143 1257 sunt
1165 1200 1302 1276 spiritum

294 1285 405 1360 gratiae
420 1290 451 1342 et
464 1282 693 1363 misericordiae,
717 1282 795 1361 quod
818 1285 849 1342 in
864 1286 927 1343 eius
941 1287 1078 1363 passione
1097 1285 1303 1361 insultaverint

296 1369 422 1451 Christo,
436 1389 503 1431 cum
519 1371 556 1431 ad
576 1389 644 1431 etim
663 1374 832 1450 aspexerint
845 1373 876 1431 in
895 1390 946 1432 sna
966 1374 1116 1433 maiestate
1135 1375 1302 1433 venientem

294 1476 422 1536 eumque
437 1477 502 1519 esse
513 1461 712 1538 cognoverint,
726 1477 814 1537 quem
828 1462 912 1538 prius
922 1460 1062 1521 humilem
1076 1463 1106 1521 in
1121 1464 1183 1523 suis
1196 1479 1300 1540 paren·
1323 1475 1354 1523 ιο

294 1545 374 1607 tibus
389 1546 570 1628 inluserunt;
586 1549 717 1625 quamvis
732 1556 762 1607 et
775 1550 832 1625 ipsi
846 1557 984 1626 parentes
999 1558 1206 1609 eorumtantae
1221 1549 1300 1610 iilius

293 1636 453 1712 impietatis
471 1644 608 1695 auctores
628 1643 817 1712 resurgentes
836 1635 977 1697 ridebunt
995 1655 1072 1718 eum,
1092 1637 1144 1698 sed
1158 1638 1300 1717 puniendi

293 1725 367 1803 iam,
399 1741 459 1783 non
488 1723 583 1784 adhuc
611 1724 786 1801 corrigendi.
836 1723 901 1784 Non
931 1727 1030 1803 itaque
1060 1726 1117 1786 hoc
1148 1726 1213 1786 loco
1242 1729 1301 1806 ipsi

293 1810 483 1889 intellegendi
515 1820 601 1893 sunt,
634 1809 685 1870 ubi
717 1810 829 1871 dictum
862 1822 920 1873 est:
952 1813 993 1873 Et
1021 1815 1176 1888 effundam
1208 1833 1300 1891 snper

295 1900 413 1960 domum
435 1901 538 1961 David
564 1908 593 1962 et
618 1918 711 1975 snper
737 1901 924 1961 habitatores
947 1901 1139 1964 Hierusalem
1160 1907 1300 1980 spiritum
1321 1917 1351 1965 15

291 1991 416 2061 pratiae
434 1995 464 2049 et
481 1990 727 2058 misericordiae;
750 1994 780 2048 et
798 1991 949 2064 aspicient
965 1992 1008 2050 ad
1023 2007 1070 2051 me
1085 2008 1143 2066 pro
1163 2008 1196 2053 eo
1219 1994 1302 2067 qnod

294 2079 532 2147 insultaverunt;
556 2076 607 2136 sed
627 2083 723 2135 tamen
748 2075 784 2135 de
808 2075 926 2135 illorum
950 2079 1041 2157 stirpe
1064 2081 1225 2161 venientes,
1248 2082 1299 2157 qui

291 2182 346 2242 per
373 2162 486 2223 Heliam
514 2163 563 2223 illo
591 2173 723 2243 tempore
754 2163 897 2223 credituri
920 2174 997 2225 sunt.
1044 2165 1102 2225 Sed
1126 2169 1203 2227 sicut
1227 2166 1297 2227 dici-

292 2269 358 2311 mus
373 2251 502 2313 ludaeis:
521 2250 597 2331 „Vos
611 2251 761 2311 occidistis
776 2247 953 2333 Christum“‚
974 2256 1105 2330 quamvis
1119 2254 1175 2314 hoc
1194 2273 1298 2334 paren·

293 2347 337 2399 tes
356 2358 459 2399 eorum
480 2340 617 2400 iecerint:
640 2342 683 2399 sic
702 2347 732 2399 et
749 2341 799 2399 isti
822 2358 854 2399 sc
878 2338 1020 2401 dolebunt
1042 2341 1147 2402 fecisse
1171 2344 1298 2421 quodam
1317 2356 1351 2405 20

292 2426 392 2508 modo,
421 2427 498 2506 quod
527 2429 662 2488 iecerunt
689 2425 743 2507 illi,
771 2446 807 2487 ex
836 2446 962 2506 quorum
991 2431 1082 2509 stirpe
1105 2429 1297 2491 descendunt.

292 2515 431 2585 Quamvis
451 2534 520 2595 ergo
540 2524 660 2595 accepto
680 2518 785 2595 spiritu
809 2519 920 2594 gratiae
944 2525 974 2577 et
996 2518 1214 2579 misericordiae
1238 2521 1296 2578 iam

292 2603 393 2663 fideles
412 2622 470 2664 non
490 2603 707 2664 damnabuntur
726 2621 794 2664 cum
813 2606 911 2683 impiis
929 2605 1101 2684 parentibus
1125 2609 1195 2687 suiS,
1218 2606 1296 2667 dole-

292 2691 367 2752 bunt
395 2701 491 2752 tamen
520 2701 667 2771 tamquam
695 2693 752 2770 ipsi
774 2692 915 2773 iecerint,
946 2693 1023 2771 quod
1047 2693 1082 2753 ab
1106 2694 1163 2755 illis
1187 2696 1296 2755 iactum

291 2788 345 2840 est.
391 2779 456 2840 Non
479 2782 569 2858 igitur
592 2778 734 2840 dolebunt
756 2789 841 2840 reatu
866 2784 1009 2863 criminis,
1039 2782 1090 2842 sed
1112 2785 1231 2862 pietatis
1254 2785 1295 2843 as·
1315 2797 1349 2845 25

290 2868 380 2928 iectu.
431 2868 506 2928 Sane
543 2867 595 2929 ubi
637 2867 775 2929 dixerunt
811 2872 995 2947 septuaginta
1030 2873 1222 2950 interpretes:
1258 2873 1299 2933 Et

291 2960 441 3033 aspicient
462 2960 505 3017 ad
526 2975 573 3018 me
591 2974 651 3033 pro
674 2974 708 3017 eo
731 2958 813 3031 qaod
835 2960 1061 3033 insultaverant,
1086 2962 1128 3019 sic
1150 2962 1296 3040 interpre-

288 3053 382 3105 tatum
412 3053 457 3106 est
486 3063 521 3105 ex
549 3043 699 3105 Hebraeo:
730 3045 770 3104 Et
797 3048 946 3120 aspicient
967 3049 1010 3106 ad
1031 3064 1089 3123 me,
1117 3066 1203 3123 μυενυ
1226 3066 1295 3109 con·

284 3136 442 3207 [iamenu
466 3150 524 3211 qno
544 3133 662 3212 quidem
681 3130 771 3192 verbo
794 3131 959 3193 evidentius
978 3133 1113 3195 Christus
1137 3136 1296 3197 crucifixus

288 3231 418 3300 apparet.
472 3221 530 3281 Sed
563 3220 611 3280 iila
642 3218 811 3301 insultatio,
848 3238 935 3298 quam
967 3225 1152 3301 septuaginta
1183 3242 1294 3303 ponere
1314 3238 1348 3286 30

288 3308 471 3390 maluerunt,
499 3311 563 3370 eius
591 3310 745 3369 universae
773 3326 832 3368 non
862 3309 955 3369 defuit
981 3312 1120 3388 passioni.
1165 3310 1238 3371 Nam
1266 3320 1296 3373 et

288 3396 409 3458 detento
440 3405 471 3458 et
497 3396 612 3476 alligato
641 3405 671 3456 et
699 3396 864 3457 adiudicato
887 3405 918 3457 et
940 3397 1098 3477 opprobrio
1122 3400 1294 3478 ignominio-

289 3502 339 3545 sae
363 3488 453 3546 vestis
481 3485 584 3545 induto
605 3494 644 3545 et
671 3486 763 3564 spinis
792 3496 931 3545 coronato
959 3494 987 3546 et
1013 3485 1122 3547 calamo
1146 3490 1176 3547 in
1200 3490 1294 3567 capite

291 3590 434 3651 percusso
467 3582 498 3633 et
529 3573 693 3634 inridenter
720 3573 785 3632 fixis
815 3572 940 3651 genibus
967 3573 1086 3635 adorato
1117 3583 1147 3636 et
1176 3593 1294 3636 crucem

288 3697 498 3710 ———

360 3807 375 3853 2
394 3817 424 3855 se
437 3800 531 3869 ipsum
545 3818 570 3868 ε;
591 3816 650 3854 sese
664 3817 681 3855 a
694 3802 703 3868 ss
717 3805 733 3853 ὁ
752 3798 870 3868 planctu
883 3818 901 3871 μ
913 3802 922 3871 ΙΙ
936 3805 969 3854 aa
984 3801 1067 3857 Zaeh.
1082 3805 1127 3868 12,
1136 3807 1173 3857 10
1188 3802 1296 3869 (Vatia.)

1049 3889 1103 3945 31*
