3284 4459
325 477 392 542 406
734 489 755 530 s,
770 487 935 531 auousrnrr

327 625 391 686 dies
414 625 470 685 hoc
497 622 639 684 iudicium
666 623 818 702 tendatur,
845 625 992 684 incertum
1015 631 1075 703 est3
1097 622 1150 683 sed
1174 625 1338 702 scriptura·

327 731 395 774 rum
415 730 496 773 more
515 720 682 773 sanctarum
700 712 779 771 diem
796 713 867 789 poni
890 711 986 771 solere
1004 729 1059 790 pro
1081 719 1215 790 tempore
1239 730 1339 792 nemo,

328 803 380 880 qui
411 801 475 861 illas
507 801 620 862 litteras
656 799 817 879 quamlibet
853 799 1044 877 neglegenter
1076 799 1199 879 legerit,
1231 803 1338 862 nescit.

329 889 399 949 ldeo
421 898 528 970 autem,
554 907 622 950 cum
644 889 722 949 diem
745 885 848 948 iudicii
870 886 923 947 ll'ei
946 886 1086 968 dicimus,
1109 887 1245 949 addimus
1268 888 1337 949 ulti-

293 991 411 1040 amum
434 977 480 1037 rel
498 979 698 1051 novissimum,
722 978 790 1054 quia
812 984 843 1035 et
865 993 947 1036 nunc
968 976 1078 1036 iudicat
1102 984 1132 1036 et
1154 976 1191 1036 ab
1214 976 1339 1038 humani

329 1067 447 1144 generis
476 1068 560 1126 initio
591 1065 730 1126 iudicarit
758 1063 910 1124 dimittens
937 1063 974 1124 (le
1003 1062 1139 1142 paradiso
1162 1074 1193 1125 et
1216 1083 1233 1125 a
1255 1065 1338 1144 ligno

330 1156 405 1215 vitae
435 1172 574 1233 separans
604 1156 714 1233 primos
741 1152 876 1213 homines
911 1154 1025 1231 peccati
1057 1155 1155 1232 magni
1183 1162 1337 1233 perpetra·

330 1253 424 1322 tores;
446 1245 536 1302 immo
555 1245 644 1302 ctiam
662 1240 778 1321 qttaudo
798 1239 909 1319 angelis
934 1240 1125 1318 peccantibus
1147 1259 1208 1302 non
1230 1261 1338 1321 peper-

330 1334 385 1411 cit,
411 1349 538 1410 quorum
565 1333 703 1410 princeps
730 1328 866 1389 homines
888 1346 905 1388 a
928 1347 960 1388 se
982 1331 1048 1408 ipso
1079 1329 1239 1390 subversus
1263 1333 1337 1390 invi-

279 1432 311 1481 10
330 1419 426 1480 dendo
457 1418 616 1497 subvertit,
643 1417 748 1497 procul
776 1416 866 1477 dubio
896 1416 1048 1497 iudicavit3
1078 1435 1134 1478 nec
1163 1420 1227 1478 sine
1257 1419 1339 1479 illius

331 1507 389 1567 alto
407 1510 545 1586 iustoque
564 1506 673 1567 iudicio
692 1514 722 1566 et
744 1507 775 1566 in
798 1504 856 1564 boc
878 1507 958 1566 aerio
981 1505 1062 1566 caelo
1085 1513 1117 1565 ct
1138 1508 1170 1566 in
1193 1509 1283 1567 terris
1307 1514 1338 1569 et

330 1596 506 1656 daemonum
529 1603 559 1655 et
581 1594 733 1655 bominum
755 1595 921 1654 miserrima
943 1602 990 1654 est
1012 1596 1086 1674 vita,
1113 1594 1266 1656 erroribus
1290 1612 1337 1655 ae·

331 1686 504 1761 rumnisque
532 1681 709 1762 plenissima.
754 1681 863 1742 Verum
891 1684 948 1742 etsi
971 1699 1058 1742 nemo
1080 1691 1246 1764 peccasset,
1276 1700 1338 1743 non

331 1774 395 1831 sine
423 1770 500 1831 bono
527 1780 669 1848 rectoque
696 1767 806 1830 iudicio'
833 1773 1001 1830 universam
1025 1771 1198 1831 rationalem
1221 1781 1338 1832 creatu-

279 1873 311 1921 15
331 1877 395 1919 ram
426 1861 716 1938 perseverantissime
749 1857 805 1919 sibi
833 1876 886 1919 suo
916 1856 1040 1918 Domino
1071 1859 1279 1920 cohaerentem
1306 1862 1339 1920 in

332 1956 450 2008 aeterna
482 1946 662 2009 beatitudine
695 1949 847 2007 retineret.
892 1945 1006 2006 iudicat
1037 1950 1125 2008 etiam
1152 1966 1212 2008 non
1240 1948 1337 2009 solum

332 2035 535 2096 universaliter
566 2035 602 2095 de
635 2053 743 2114 genere
775 2032 951 2095 daemonum
983 2045 1071 2114 atque
1102 2035 1272 2117 hominum,
1304 2045 1339 2098 ut

332 2127 432 2184 miseri
462 2127 521 2185 sint
549 2132 671 2203 propter
700 2125 864 2202 primorum
894 2125 1033 2184 meritum
1055 2134 1261 2206 peccatorum3
1284 2126 1338 2186 sed

332 2215 419 2273 etiam
442 2212 478 2272 de
502 2211 685 2290 singulorum
708 2210 849 2291 operibus
871 2214 1009 2292 propriis,
1032 2230 1107 2291 quae
1129 2223 1238 2292 gerunt
1260 2212 1337 2274 arbi·

278 2313 312 2362 20
332 2304 388 2362 trio
418 2300 584 2361 voluntatis.
630 2299 703 2360 Nam
735 2309 764 2362 et
791 2299 949 2360 daemones
976 2318 1014 2360 ne
1045 2310 1240 2380 torqueantur
1265 2321 1337 2381 ‚pre

331 2398 449 2470 cantur,
479 2407 534 2449 nec
562 2391 664 2468 tutique
691 2389 800 2448 iniuste
829 2387 875 2448 vel
901 2391 1034 2466 parcitur
1062 2391 1106 2450 eis
1137 2389 1182 2450 vel
1205 2408 1259 2468 pro
1283 2407 1339 2451 sua

332 2480 440 2557 quique
477 2476 655 2556 inprobitate
692 2485 884 2556 torquentum
925 2484 955 2536 et
990 2476 1125 2538 homines
1161 2477 1338 2557 plerumque

331 2575 450 2646 aperte,
482 2583 599 2644 semper
626 2564 761 2644 occulte,
793 2563 880 2624 luunt
908 2582 963 2644 pro
992 2568 1054 2626 suis
1083 2567 1167 2626 iactis
1197 2567 1338 2628 divinitus

330 2671 440 2732 poenas
464 2655 524 2712 sive
543 2655 574 2712 in
592 2652 646 2724 bac
669 2655 727 2714 vita
750 2654 811 2713 sive
834 2661 1059 2732 postmortem:
1082 2657 1214 2733 quamvis
1237 2655 1338 2716 nullus

278 2751 311 2800 25
330 2740 483 2800 bominum
507 2748 572 2819 agat
594 2749 689 2820 recte,
713 2743 770 2800 nisi
793 2739 891 2801 divino
915 2740 1070 2802 adiuvetur
1092 2742 1214 2822 auxilio;
1238 2742 1339 2806 nullus

331 2828 507 2888 daemonum
534 2838 584 2888 aut
612 2827 765 2888 hominum
787 2837 854 2908 agat
875 2831 990 2908 inique,
1018 2832 1075 2890 nisi
1097 2830 1195 2892 (livino
1219 2830 1338 2893 eodem·
1421 2905 1425 2910 ,

331 2935 390 2996 que
407 2918 569 2976 iustissimo
588 2915 696 2976 iudicio
715 2919 913 2996 permittatur.
959 2916 1043 2979 Sicut
1061 2921 1139 2978 enim
1158 2920 1199 2980 ait
1221 2929 1338 2999 aposto-

330 3005 386 3085 lus,
409 3021 468 3065 ooo
491 3009 536 3064 est
557 3007 701 3080 iniquitas
723 3008 808 3081 opud
829 3005 942 3076 Deum
971 3008 1059 3066 etiam
1082 3009 1159 3066 sicut
1181 3009 1246 3086 ipse
1268 3006 1339 3068 alibi

331 3093 411 3173 dicit,
434 3093 646 3152 inscrutabilia
664 3100 735 3154 suot
752 3095 869 3154 iudicio
888 3097 953 3154 eius
975 3100 1005 3154 et
1026 3097 1247 3169 investigabiles
1269 3100 1340 3158 alce

279 3192 312 3240 30
331 3184 403 3241 eius.
458 3179 522 3239 Non
555 3181 645 3258 igitur
676 3182 707 3239 in
733 3179 790 3240 hoc
817 3180 893 3241 libro
921 3179 958 3240 (le
991 3181 1049 3241 illis
1075 3185 1178 3260 primis
1214 3200 1271 3245 nec
1299 3183 1339 3245 de

330 3270 396 3329 istis
419 3267 523 3328 mediis
547 3266 600 3327 liei
622 3268 755 3350 iudiciis,
778 3268 831 3328 sed
853 3268 891 3328 de
913 3271 978 3347 ipso
1001 3272 1171 3352 novissimo,
1193 3281 1339 3349 quantum

398 3394 424 3461 s)
444 3392 511 3446 uon.
531 3399 613 3461 aaa
655 3397 682 3463 a)
701 3400 725 3448 a.
744 3395 817 3449 retr.
837 3399 902 3462 aa.
943 3399 989 3464 21)
1007 3393 1053 3448 ue.
1073 3397 1155 3459 ωε.
1195 3395 1239 3463 ae)
1258 3392 1339 3448 Rom.

327 3469 408 3530 saa.
460 3465 504 3535 ao)
523 3463 601 3518 nom.
622 3470 663 3530 11,
679 3469 721 3518 aa.

398 3609 414 3656 9
433 3603 581 3658 subuersus
601 3605 679 3660 Atto
696 3607 741 3672 (m.
756 3609 782 3660 2.
797 3607 830 3659 io
841 3608 909 3672 ros.)
923 3622 953 3671 υς
976 3603 1117 3659 submersis
1131 3605 1171 3672 lt3
1190 3605 1341 3661 subuersos

327 3675 403 3756 obgg
416 3673 572 3728 submersos
578 3693 601 3757 p
614 3677 623 3744 ΙΙ
638 3681 671 3728 28
684 3675 769 3757 eiiam
778 3693 833 3757 oses
843 3675 955 3742 (Haedi
967 3677 1045 3731 Tuas.
1064 3677 1254 3744 EtiomL9),·
1267 3677 1342 3745 eto!

328 3751 360 3800 29
376 3761 436 3800 erus
450 3761 515 3812 casm
534 3745 587 3800 Dea
601 3763 617 3800 o
630 3748 639 3814 ll
654 3750 686 3799 ³1
701 3762 854 3800 nouassrmo
868 3747 1027 3818 RAnegp3
1046 3763 1110 3800 nou.
1125 3747 1232 3802 iudicio
1248 3747 1342 3802 cabo
