3284 4459
548 441 587 481 mr
601 441 744 482 amam
757 441 811 482 om
825 441 852 482 12.
867 441 941 482 xvn.
955 441 977 482 o.
992 443 1024 481 ιι.
1039 442 1073 481 12.
1242 427 1304 491 231

297 593 333 636 se
355 594 372 635 a
396 577 546 636 contrario
568 577 718 635 civitatum
743 592 802 634 non
826 577 930 653 utique
954 591 1026 634 vana
1050 577 1081 636 in
1104 577 1196 636 totius
1219 577 1306 635 ratio·

297 663 374 726 nolis
402 672 554 724 creaturae
583 663 781 742 pulcherrima
813 673 902 741 atquo
932 664 1093 723 iustissima
1123 663 1306 724 ordinatione

298 754 463 812 constituit.
508 749 620 811 Deinde
644 753 793 829 sequitur:
826 753 897 823 Quis
919 759 965 812 est
986 752 1081 824 homo,
1104 755 1157 827 qui
1179 755 1257 812 uiuet
1278 758 1309 813 et

297 858 359 901 mon
378 842 490 901 uidebit
507 847 640 913 mortem,
664 848 751 901 eruet
772 843 905 901 animam
927 856 1013 900 suam
1037 841 1075 900 de
1096 856 1188 900 monu
1211 838 1306 914 inser-

299 931 352 988 ui?
390 927 463 998 Quis
491 937 536 988 est
563 929 634 1007 isto,
662 929 719 988 nisi
747 926 910 989 substantia
938 927 985 988 illa
1013 926 1104 987 lsrael
1135 946 1171 988 ex
1194 931 1342 989 seminet

298 1014 400 1096 David,
414 1014 549 1077 Christus
563 1011 667 1077 lesus?
699 1013 740 1075 De
755 1033 814 1094 quo
829 1016 898 1076 dicit
914 1015 1072 1095 apostolus,
1088 1015 1166 1094 quod
1179 1033 1307 1090 suraens

298 1121 321 1164 a
342 1108 469 1165 mortuis
492 1108 552 1164 iam
574 1122 634 1165 nom
656 1107 801 1178 moritur,
831 1121 911 1166 mors
934 1107 964 1166 ei
985 1108 1067 1165 ultro
1089 1122 1149 1165 non
1172 1106 1306 1165 domino·

298 1193 392 1252 bitur.
438 1191 487 1252 Sic
514 1194 596 1254 enim¹
616 1194 693 1253 viret
715 1201 746 1252 et
769 1211 828 1252 non
851 1191 961 1253 videbit
985 1201 1123 1272 mortem,
1153 1201 1187 1252 ut
1209 1201 1307 1252 tamen

298 1289 437 1340 mortuus
465 1280 571 1360 suerit,
600 1279 652 1340 sod
682 1282 808 1342 animam
836 1298 918 1341 suam
947 1282 1060 1341 eruerit
1085 1279 1122 1340 do
1152 1297 1239 1340 aranu
1263 1283 1306 1340 in·
1398 1309 1401 1316 ·

300 1368 387 1448 serni,
410 1386 469 1446 quo
492 1377 616 1447 propter
632 1368 819 1446 quorundam
841 1368 978 1430 solvenda
1001 1369 1117 1429 inferna
1140 1368 1233 1430 vincla
1257 1368 1361 1432 dtr-10

300 1455 470 1536 scenderot3
498 1458 613 1517 eruerit
638 1465 737 1516 atttem
763 1464 909 1535 potestate
938 1456 1000 1536 illa,
1027 1455 1067 1516 de.
1089 1474 1146 1535 qua
1168 1459 1200 1516 in
1223 1475 1307 1516 evan·

298 1543 378 1623 gelio
407 1544 491 1604 dicit:
524 1545 703 1606 Potestaiem
730 1547 826 1606 nabeo
849 1547 985 1622 ponendi
1007 1547 1138 1606 animam
1160 1551 1310 1606 meamet

301 1639 478 1709 potestatem
500 1634 597 1694 habeo
620 1636 729 1693 iterum
750 1635 890 1694 sumendi
911 1650 986 1694 eam.

699 1855 817 1922 Coena
841 1855 912 1922 XII.

301 1987 352 2047 Ad
368 2003 496 2061 quorum
516 2003 676 2062 personam
698 1988 854 2061 periinere
877 1987 1077 2060 inteileoenda
1099 1988 1139 2047 sit
1157 1989 1308 2061 flooitatio
1329 2000 1361 2049 15

334 2077 560 2150 promissorum,
583 2075 751 2149 dequibus
774 2077 806 2134 in
827 2077 942 2149 psalmo
965 2077 1094 2135 dieitur:
1122 2075 1179 2136 Uiri
1199 2083 1269 2136 suut

389 2165 597 2223 miserationes
620 2170 700 2235 tuae,
723 2162 858 2235 Domine,
881 2165 1026 2236 antiquae
1049 2169 1079 2223 et
1099 2170 1213 2224 cetera.
1297 2215 1303 2224 .

391 2284 449 2345 Sed
477 2294 576 2345 astera
604 2285 707 2364 psalmi
736 2284 838 2366 haina,
870 2303 945 2363 quae
973 2287 1013 2345 ita
1041 2303 1072 2345 se
1100 2284 1224 2346 habent:
1253 2286 1311 2346 Ubi

300 2381 371 2435 sunt
401 2377 608 2434 miserationes
637 2382 709 2434 tuae
737 2376 895 2448 antiquae,
928 2374 1066 2448 Domine,
1094 2390 1170 2448 quos
1198 2375 1311 2434 iurasti

302 2463 405 2524 David
421 2465 453 2522 in
471 2465 599 2523 ueritate
617 2465 691 2522 tua?
728 2462 887 2536 Memento,
910 2461 1043 2534 Domine,
1067 2463 1224 2539 opprobrii
1244 2480 1307 2522 ser·
1328 2476 1362 2524 20

302 2567 407 2611 uorum
438 2557 573 2624 tuorum,
604 2553 687 2624 quod
719 2552 857 2610 continui
886 2551 917 2610 in
953 2552 1020 2610 siun
1045 2566 1115 2630 meo
1146 2551 1308 2610 muitarum

299 2640 452 2714 nentium·
474 2641 557 2713 quod
572 2640 837 2714 exprobraverunt
855 2640 972 2720 inimici
989 2640 1041 2711 tui,
1064 2638 1206 2710 Domine;
1228 2641 1310 2713 quod

301 2728 578 2802 exprobraverunt,
610 2729 869 2787 commutationem
904 2725 1019 2786 Christi
1048 2728 1107 2799 tui,
1139 2734 1240 2786 utrum
1272 2745 1308 2786 ex

301 2832 428 2894 persona
456 2814 533 2874 diota
561 2817 620 2874 sint
647 2813 764 2875 illorum
787 2813 1000 2892 Israelitarum,
1030 2815 1080 2892 qui
1104 2813 1308 2874 desiderabant

302 2902 386 2962 reddi
419 2901 475 2963 sibi
508 2905 747 2982 promissionem,
780 2920 854 2981 quae
887 2902 962 2961 sacta
995 2910 1040 2962 est
1072 2900 1107 2961 ad
1136 2900 1239 2982 David,
1271 2920 1308 2963 an
1328 2916 1363 2965 25

302 2993 400 3070 potius
433 2989 682 3070 Christianorum,
720 2992 771 3068 qui
803 3008 862 3050 non
895 2989 1058 3050 seeundum
1091 3007 1225 3069 carnem,
1256 2989 1307 3050 sod

301 3078 465 3138 secundam
495 3081 630 3158 spiritum
659 3087 729 3138 sunt
752 3077 915 3157 israelitae,
946 3079 1051 3139 merito
1075 3079 1178 3155 quaeri
1201 3086 1308 3156 potest.

302 3165 384 3227 Dicta
417 3174 487 3227 sunt
519 3169 627 3246 quippe
663 3168 720 3227 ista
756 3165 802 3226 vel
832 3168 942 3245 scripta
974 3173 1125 3244 tempore,
1162 3182 1220 3243 qno
1254 3165 1308 3226 tuit

301 3253 423 3337 Aethon,
445 3253 482 3314 de
506 3256 591 3315 cuius
614 3256 732 3315 nomine
755 3252 874 3314 titulum
896 3255 953 3314 isto
976 3253 1106 3333 psalmus
1129 3255 1255 3334 accepim
1278 3259 1309 3314 ot

372 3361 400 3429 o)
417 3355 452 3411 v.
471 3363 513 3412 49.
564 3362 590 3428 o)
609 3358 688 3414 Rom.
702 3362 733 3428 o,
748 3366 772 3414 o.
825 3361 868 3430 1³)
886 3359 924 3415 10.
945 3363 1044 3426 10,18.

373 3495 390 3544 4
417 3490 521 3544 inferni
543 3491 699 3546 RAFube
726 3491 774 3559 (af.
793 3495 827 3557 9,·
845 3495 956 3558 245,5;
975 3494 1114 3560 297,14);
1141 3489 1225 3544 inferi
1248 3506 1310 3560 opo

302 3562 407 3627 Hoffm.
421 3563 548 3631 {timore
563 3563 619 3618 Ra
633 3579 682 3617 seo.
698 3561 808 3627 Groem
827 3564 905 3616 eim.
923 3561 1131 3632 GFobeapuii
1145 3568 1161 3615 9
1175 3560 1311 3633 inferint!

304 3637 338 3688 10
356 3632 465 3687 inferna
479 3633 654 3716 RAFoe¹p3
673 3631 876 3698 infernalium,
893 3631 997 3687 inferni
1011 3633 1026 3686 b
1052 3634 1091 3701 υΙΙ
1105 3632 1199 3700 uincla
1214 3632 1310 3700 affl

302 3703 416 3758 uincula
439 3721 477 3774 qo
499 3705 509 3772 l!
532 3708 564 3756 l‘i
588 3703 796 3758 msericordias
815 3703 846 3757 F
846 3706 946 3773 fopqo
968 3709 1001 3758 ut
1042 3703 1114 3774 ulan
1136 3705 1184 3758 aad
1204 3705 1311 3771 af..19,·

302 3777 366 3841 232,
376 3779 410 3842 2,·
422 3778 461 3829 27
473 3777 483 3844 fl
497 3780 531 3827 22
545 3773 693 3843 exprobav.
704 3774 731 3829 R
744 3775 854 3842 saepius
867 3777 876 3843 ΙΙ
890 3779 923 3827 ii
938 3772 1034 3828 otham
1043 3774 1141 3842 Rou-
1154 3773 1189 3840 οἵ.
1199 3777 1264 3840 226,
1273 3777 1309 3828 21
