3284 4459
355 517 407 581 85³
630 533 631 542 ¹
762 530 783 572 s.
797 530 961 574 uuousrnu

355 675 414 728 est:
432 659 671 728 Sescentensimo'
687 678 775 741 anno,
798 669 928 727 secundi
942 669 1060 742 mensis,
1074 670 1201 743 septimo
1219 675 1249 727 et
1262 670 1365 728 uicen-

354 758 431 816 sima
449 757 567 830 mensis,
590 755 647 814 nisi
665 757 734 832 quia
753 754 837 834 tales*
858 754 960 833 quales
979 772 1058 815 nune
1077 763 1156 835 suut,
1180 758 1267 816 etiam
1291 765 1366 816 tune

356 851 441 904 erant
468 839 607 903 menses?
642 842 737 904 'Nam‘
753 861 812 922 quo
839 851 925 922 paeto
953 843 1039 903 aliter
1066 845 1227 904 vicensimo
1258 851 1288 904 et
1318 863 1365 904 se·

356 934 448 1013 ptimo
463 931 510 1009 die
525 931 939 992 secundi-mensis'dioeretur
956 938 1095 1010 coeptum
1113 939 1186 991 esse
1199 929 1367 993 diluvium?

321 1031 337 1080 5
357 1019 468 1080 Deinde
486 1028 588 1099 postea
607 1022 638 1079 in
656 1021 714 1078 fine
738 1019 838 1080 diluvii
861 1022 902 1079 ita
924 1019 1045 1098 legitur:
1068 1021 1109 1080 Et
1129 1023 1209 1081 sedit
1230 1039 1308 1080 oreo
1332 1024 1367 1081 in

356 1126 456 1170 mense
473 1112 597 1185 septimo
614 1103 741 1184 septimo
764 1115 794 1169 et
816 1112 980 1169 vicensimo
1003 1111 1112 1169 menses
1133 1127 1227 1184 super
1249 1116 1366 1169 montes
1470 1114 1471 1123 ’

356 1197 481 1258 Aruerat.
526 1198 618 1272 Aque
644 1205 744 1257 eutem
771 1199 964 1257 minuebatur
990 1214 1086 1272 nsque
1108 1199 1152 1257 od
1172 1199 1367 1258 undecimum

355 1303 484 1346 mensem
490 1305 502 1356 ;
531 1289 566 1346 e'n
597 1287 755 1346 undecimo
787 1283 888 1345 autem
919 1303 1020 1345 mense
1048 1288 1151 1361 primo
1179 1288 1228 1346 die
1254 1289 1367 1346 menses

353 1381 530 1450 paruerunt
543 1377 649 1449 capita
668 1376 831 1434 montium„
865 1372 897 1432 Si
919 1375 1010 1451 igitur
1031 1373 1106 1433 tales
1129 1389 1246 1433 menses
1269 1383 1366 1454 erant,

305 1474 337 1522 10
356 1461 429 1522 tates
452 1462 585 1541 proiecto
610 1471 639 1521 et
662 1463 731 1521 anni
754 1472 848 1540 eraut,
871 1461 972 1540 quales
995 1480 1075 1522 nuno
1098 1461 1249 1522 habemus.
1282 1461 1365 1522 Men-

357 1569 405 1610 ses
428 1552 537 1629 quippe
556 1549 598 1610 iili
616 1549 745 1610 triduani
768 1551 871 1628 viginti
893 1559 924 1609 et
945 1557 1060 1628 septem
1083 1550 1147 1610 dies
1169 1549 1279 1610 habere
1304 1568 1366 1610 non

356 1645 501 1717 poterant.
546 1639 605 1698 Aut
623 1641 648 1696 si
666 1633 735 1716 pars
758 1639 929 1698 tricensima
951 1637 1045 1698 tridui
1067 1646 1139 1699 tune
1162 1637 1367 1717 appellabatur

357 1727 429 1806 dies,
452 1735 486 1786 ut
504 1722 809 1805 omniaproportioue
829 1728 1013 1787 minuantur:
1037 1745 1107 1805 ergo
1126 1745 1181 1786 nee
1205 1734 1267 1787 toto
1291 1744 1363 1804 qua·

356 1814 462 1875 driduo
482 1823 583 1874 nostro
597 1815 712 1874 'iactum
731 1821 776 1874 est
798 1814 870 1874 illud
892 1822 953 1874 tam
975 1815 1085 1893 grande
1109 1814 1260 1895 diluvium,
1284 1816 1364 1892 quod
1470 1870 1471 1875 ,

306 1915 337 1962 15
357 1911 538 1964 memoratur
565 1903 674 1963 iactum
702 1902 894 1981 quadraginta
917 1901 1021 1963 diebus
1045 1910 1075 1963 et
1098 1902 1243 1963 noctibus.
1289 1902 1365 1974 Quis

356 1991 431 2051 hane
455 1990 665 2052 absurditatem
693 2000 723 2051 et
749 1992 907 2056 vanitatem
931 1987 1027 2051 ierat?
1062 1991 1190 2051 Proinde
1214 2009 1365 2052 removea-

356 2086 407 2138 tur
429 2078 477 2138 hio
501 2097 599 2160 error,
623 2081 674 2156 qui
697 2080 867 2139 coniectura
891 2078 962 2138 salsa
983 2081 1024 2139 ita
1047 2079 1109 2139 vrrlt
1132 2087 1266 2140 astruere
1290 2082 1364 2140 sori·

356 2174 512 2245 pturarum
544 2175 712 2228 nostrarum
744 2166 848 2240 fidem,
879 2176 913 2227 ut
942 2165 1010 2226 alibi
1039 2166 1182 2228 destruat.
1211 2167 1364 2227 seorsus

357 2262 456 2315 tantus
483 2257 571 2315 etiam
600 2264 671 2316 tunc
699 2255 762 2314 dies
784 2256 854 2334 tuit,
882 2264 1011 2333 quantus
1025 2263 1064 2314 -et
1086 2273 1165 2315 nuno
1189 2263 1250 2334 est,
1273 2273 1365 2334 quem

305 2351 340 2400 2ο
357 2340 461 2416 viginti
491 2345 629 2418 quattuor
654 2339 745 2398 horae
774 2338 880 2399 diurno
908 2341 1056 2421 curricudo
1083 2349 1287 2420 nocturnoque
1315 2339 1367 2400 de-

357 2428 532 2508 terminant3
563 2433 663 2490 tantus
695 2429 806 2486 mensis
812 2473 821 2504 ‚
854 2435 982 2505 quantus
1014 2436 1044 2489 et
1074 2447 1155 2489 nuno
1184 2435 1244 2509 est,
1269 2445 1367 2507 ,wem

315 2589 317 2592 Ι
357 2517 426 2578 luna
449 2526 553 2596 coepta
576 2526 606 2578 et
628 2517 710 2577 finita
732 2515 897 2596 concludit;
920 2524 1020 2576 tantus
1043 2534 1152 2594 annus,
1180 2522 1309 2594 quantus
1322 2524 1365 2597 et

357 2623 437 2666 nuno
459 2613 517 2686 est,
540 2623 628 2683 quem
651 2604 807 2665 duodecim
829 2621 947 2663 menses
969 2603 1088 2664 lunares
1112 2602 1218 2663 additis
1240 2610 1364 2682 propter

358 2711 479 2754 cursum
511 2693 636 2752 solarem
668 2695 798 2771 quinque
831 2690 936 2751 diebus
969 2699 999 2752 et
1029 2690 1192 2769 quadrante
1225 2709 1364 2751 eonsum-

305 2793 339 2842 25
359 2789 451 2860 mant,
474 2783 575 2859 quanti
599 2783 667 2840 anni
689 2781 921 2863 sescentepsimi=
936 2780 1012 2840 vitae
1034 2778 1097 2839 Noe
1126 2779 1275 2839 secundus
1298 2789 1364 2840 erat

359 2873 469 2930 mensis
487 2871 610 2947 eiusque
629 2870 739 2928 mensis
752 2870 931 2928 vicensimus
945 2876 976 2927 et
994 2870 1137 2950 septimus
1156 2867 1227 2947 dies,
1246 2867 1366 2946 quando

360 2960 458 3037 coepit
480 2975 545 3018 esse
563 2956 714 3037 diluvium,
737 2958 768 3016 in
791 2974 850 3034 quo
873 2956 936 3016 dies
960 2955 1153 3040 quadraginta
1175 2958 1365 3016 continuatae

253 3126 255 3130 y
359 3049 495 3124 ingentes
513 3045 626 3124 pluviae
645 3053 856 3125 memorantur,
879 3047 931 3122 qui
949 3043 1011 3104 dies
1030 3062 1101 3104 nou⁴
1113 3043 1197 3104 binas
1220 3062 1254 3104 ae
1276 3044 1366 3122 paulo
1470 3070 1471 3113 t

360 3135 484 3214 amplius
507 3133 595 3193 horas
613 3131 767 3214 habehant,
791 3132 843 3192 sed
867 3135 984 3192 vicenas
1008 3140 1037 3192 et
1060 3122 1218 3210 quaternas
1241 3132 1288 3192 die
1312 3151 1365 3212 uo-

306 3238 341 3287 30
360 3231 468 3302 etuque
483 3229 653 3283 transactas,
689 3222 731 3281 Ao
747 3239 802 3300 per
820 3220 877 3280 hoe
894 3229 954 3280 tam
973 3239 1093 3299 magnos
1111 3239 1204 3281 anuos
1227 3223 1367 3301 vixerunt

360 3311 402 3372 iili
440 3312 553 3388 antiqui
592 3327 686 3387 usque
726 3309 852 3388 amplius
890 3327 978 3387 quam
1019 3305 1203 3390 nongentoS,
1239 3317 1368 3387 quantos

315 3407 462 3479 ¹,postea
491 3400 563 3458 vixit
592 3396 737 3458 Abraham
772 3404 893 3457 eentum
923 3399 1108 3480 septuaginta
1136 3406 1168 3457 et
1197 3406 1265 3475 post
1297 3415 1368 3457 eum

431 3516 544 3570 9Gen.
564 3523 670 3584 8‚4eq.
726 3519 770 3586 28)
790 3515 857 3596 Gen.
879 3521 959 3584 7,12,
1015 3519 1058 3585 32)
1077 3515 1144 3570 Gen.
1165 3523 1246 3584 25‚7.

432 3655 506 3704 leto
519 3648 655 3702 uicerim
666 3647 712 3702 die
723 3647 814 3702 Goon
827 3650 837 3718 ΙΙ
852 3653 884 3701 13
899 3647 1027 3717 quadrid.
1041 3647 1229 3717 Venerem
1243 3649 1367 3716 quatrid.

359 3720 554 3790 Aab¹eo1120
573 3720 707 3788 quattuor
728 3718 905 3786 Veterem
923 3720 953 3772 et
971 3719 1060 3786 quatt.
1079 3719 1139 3773 obn
1156 3721 1166 3789 ΙΙ
1185 3724 1219 3772 24
1237 3720 1305 3773 eolis
1323 3721 1369 3788 R;

360 3793 395 3858 of.
415 3795 462 3859 85,
474 3795 510 3846 21
528 3791 538 3861 [Ι
556 3795 589 3843 31
608 3807 693 3860 nung.
715 3789 811 3858 1⁷qu
829 3795 863 3842 32
883 3791 953 3858 sept.
973 3789 1095 3859 quinque
1112 3807 1130 3843 o
