3284 4459
702 522 884 563 Parnassio.
1273 510 1300 563 V

279 683 351 725 usus
370 676 445 738 sum,
462 664 621 723 manifesta
640 665 817 741 cognatione
836 666 1005 740 conspirare
1025 667 1158 742 cognovi,
1179 665 1231 724 sed
1245 667 1298 725 illo

279 755 442 814 deteriores
463 756 493 812 et
514 755 565 812 vix
588 753 693 831 dignos
713 771 788 827 esse,
813 754 865 829 qui
888 754 1049 812 studiosius
1068 756 1298 830 inquirerentur.

369 841 523 902 Postremo
546 844 660 901 incurri
681 843 714 899 in
737 842 868 901 codicem
888 842 1035 918 quendam
1058 842 1337 903 Ratisbonen·7

281 952 367 1007 sem,
391 934 444 1007 qui
466 932 580 990 decimo
604 932 721 991 sacculo
745 934 882 1007 exeunte,
906 934 941 990 ut
963 932 1093 1006 videtur,
1117 932 1245 1008 scriptus
1268 937 1299 992 et

280 1023 362 1081 inter
373 1020 497 1080 Latinos
510 1018 708 1080 bibliothecae
722 1020 908 1081 Monacensis
923 1020 1037 1080 codices
1050 1040 1173 1080 numero
1190 1023 1298 1081 13024

280 1112 440 1187 insignitus
460 1128 561 1169 omnes
580 1110 616 1168 de
635 1111 758 1169 civitate
772 1109 829 1168 Dei
847 1110 940 1169 libros
954 1110 1169 1186 complectitur.
1204 1110 1299 1180 Quem

283 1199 355 1258 dum
376 1202 558 1275 perscrutor,
587 1197 785 1258 animadverti
809 1218 877 1257 cum
899 1200 1013 1258 fontem
1036 1218 1113 1273 esse,
1136 1199 1214 1258 unde
1237 1200 1299 1259 Al-

282 1289 532 1364 derspaceneis
546 1288 639 1346 fluxit.
676 1287 773 1347 Huius
787 1288 883 1365 igitur
896 1287 1005 1347 codicis
1019 1289 1160 1347 lectiones
1174 1290 1206 1347 in
1220 1308 1299 1350 nova

282 1376 411 1437 editione
429 1380 533 1435 notare
553 1376 703 1452 supersedi
720 1379 750 1435 et
763 1379 795 1435 in
808 1378 908 1436 locum
922 1377 985 1436 eius
999 1378 1299 1438 Ratisbonensem

280 1467 425 1541 promovi,
449 1468 501 1541 qui
520 1468 576 1525 etsi
594 1465 874 1542 interpolationibus
893 1466 1108 1526 recentioribus
1127 1467 1229 1526 crebro
1248 1467 1299 1526 de-

280 1556 383 1613 formis
404 1556 456 1629 est,
474 1557 575 1613 tamen
589 1556 786 1631 generosioris
801 1555 924 1632 originis
939 1556 1058 1615 indiciis
1072 1557 1194 1615 minime
1208 1561 1297 1617 caret.

371 1642 412 1701 Et
429 1643 564 1702 codicum
582 1644 787 1719 vetustiomm,
808 1662 881 1719 quos
901 1644 1021 1720 quidem
1036 1664 1090 1722 ego
1105 1647 1248 1720 noverim,
1265 1648 1297 1704 in

279 1732 386 1791 mediis
400 1732 484 1791 libris
498 1733 574 1791 nulli
586 1732 713 1791 similior
727 1734 772 1791 est
787 1752 877 1807 quam
890 1733 945 1791 Au
950 1738 1104 1811 gustano
1118 1737 1220 1794 nostro
1230 1728 1297 1817 (A).

281 1820 364 1889 Quae
387 1822 428 1879 sit
449 1821 556 1879 horum
578 1820 703 1880 duorum
722 1822 857 1881 codicum
874 1824 953 1880 inter
971 1842 1002 1882 se
1021 1824 1217 1898 necessitudo,
1238 1844 1297 1883 uno

279 1912 313 1968 in
335 1910 440 1986 primis
464 1910 597 1986 exemplo
621 1910 802 1970 ostendatur.

370 1998 406 2057 In
424 2001 531 2076 capite
560 2018 651 2058 nono
681 1999 752 2057 libri
773 1999 816 2057 XI
848 1996 990 2058 codexA
1018 1993 1082 2081 (fol.
1109 1994 1201 2082 122⁹)
1229 2006 1298 2078 post

282 2090 441 2147 existimo
469 2080 511 2169 (p.
531 2090 610 2162 472,
633 2090 720 2163 14sq.
749 2088 890 2147 editionis
912 2082 1010 2171 meae)
1041 2091 1144 2149 multis
1172 2092 1297 2166 omissis,

280 2177 332 2237 sed
351 2178 433 2235 nullo
453 2179 486 2235 in
505 2178 669 2253 scripturae
688 2177 763 2236 serie
782 2179 880 2254 spatio
898 2180 1053 2237 interiecto
1072 2180 1145 2238 haec
1161 2181 1297 2256 praebet:

279 2268 354 2325 cist
381 2266 529 2325 aeterna
557 2269 608 2324 est
635 2257 677 2346 (p.
693 2269 772 2340 477,
792 2259 858 2348 24),
886 2286 962 2341 quae
990 2267 1081 2327 verba
1108 2270 1199 2327 ceteri
1228 2270 1298 2328 libri
1371 2336 1376 2346 Ι

279 2358 312 2413 in
340 2356 438 2431 capite
465 2353 651 2415 undecimo
680 2356 827 2414 exhibent.
872 2355 955 2414 Idem
983 2375 1065 2415 error
1091 2359 1243 2418 invenitur
1265 2360 1297 2417 in

279 2444 540 2503 Ratisbonenei
554 2436 619 2525 (fol.
637 2436 739 2525 105V),
757 2446 815 2503 nisi
835 2444 915 2520 quod
932 2447 965 2503 in
983 2445 1038 2504 hoc
1054 2450 1123 2523 post
1136 2450 1297 2506 existimo

279 2534 501 2609 scriptumest:
523 2532 580 2591 hic
603 2535 737 2592 mirum.
783 2534 829 2591 Ea
849 2553 966 2609 quoque
988 2535 1077 2594 lectio
1101 2554 1136 2593 ex
1155 2534 1297 2596 codiceA

280 2622 426 2699 originem
453 2621 545 2680 duxit.
591 2622 639 2680 Ibi
667 2622 744 2681 enim
776 2622 930 2681 vocabulis
962 2626 1124 2683 existimo
1150 2628 1223 2684 cisi
1250 2645 1297 2685 re-

280 2712 410 2769 centiore
433 2729 524 2768 manu
543 2713 775 2787 superscriptum
794 2715 852 2771 est:
874 2713 1084 2788 haemeraeo,
1107 2715 1140 2772 in
1162 2717 1297 2791 margine

279 2800 381 2858 autem
405 2799 535 2858 eiusdem
557 2800 615 2859 loci
633 2800 745 2877 legitur
772 2803 845 2859 nota
870 2801 1045 2860 Tironiana:
1078 2796 1188 2877 ll‘l—,
1211 2824 1297 2879 quae,
1348 2841 1350 2844 -

279 2890 338 2947 etsi
359 2907 467 2965 parum
493 2892 630 2947 accurate
655 2889 749 2965 picta,
777 2889 836 2947 nisi
858 2890 961 2965 fallor,
988 2890 1067 2949 idem
1094 2892 1189 2967 valet,
1217 2893 1297 2967 quod

277 2978 334 3037 bic
365 2970 535 3057 sorrow).
580 2977 693 3035 Earum
725 2980 941 3053 scripturarum
973 2998 1049 3054 quae
1081 2981 1174 3040 fuerit
1203 2982 1296 3059 origo,

278 3066 352 3125 licet
374 3067 526 3143 suspicari.
572 3066 741 3127 Verisimile
765 3070 810 3125 ast
833 3070 920 3141 enim,
942 3069 975 3126 in
993 3068 1094 3128 codice
1109 3066 1138 3128 A
1156 3063 1297 3130 lectorem

279 3156 411 3230 aliquem
433 3154 488 3213 illa
511 3158 582 3214 nota
605 3155 767 3213 Tironiana
790 3157 826 3214 in
849 3158 1009 3233 margine
1038 3158 1142 3217 addita
1164 3159 1296 3218 indicare

166 3266 168 3277 ¹
277 3244 422 3319 voluisse,
453 3244 610 3303 lectionem
641 3244 697 3303 hoc
727 3246 792 3303 loco
825 3247 933 3303 miram
962 3247 1010 3304 vel
1039 3266 1210 3323 perversam
1238 3248 1296 3307 sibi

279 3333 386 3407 videri,
410 3332 516 3391 deinde
534 3333 683 3391 hominem
701 3333 822 3392 doctum
841 3334 981 3409 aliquem,
1001 3338 1054 3409 qui
1067 3338 1172 3412 postea
1185 3337 1296 3395 librum

278 3422 406 3499 legebat,
425 3423 528 3479 notam
542 3422 734 3481 Tironianam
747 3424 993 3499 interpretantem
1006 3423 1159 3485 vocabulis
1174 3428 1294 3485 existi·

280 3529 329 3569 mc
352 3512 426 3571 atsi
449 3512 546 3569 inter
568 3510 684 3570 lineas
706 3510 815 3570 litteris
839 3514 960 3571 usitatis
980 3516 1220 3589 superscripsisse
1241 3516 1296 3573 bic

347 3716 372 3787 ⁴³)
391 3716 424 3769 ln
443 3716 652 3770 commentariis
676 3702 840 3769 Guilelmi
859 3716 1009 3790 Schmitz
1028 3718 1086 3771 tab.
1102 3726 1131 3784 5,
1146 3701 1175 3783 8,
1195 3724 1243 3785 43,
1261 3725 1293 3772 71

278 3786 332 3842 hio
351 3788 471 3841 mirum
490 3787 565 3841 notis
584 3786 741 3840 Tironianis
761 3788 800 3841 sic
820 3788 956 3855 scripturn
975 3791 1029 3841 est:
1051 3791 1121 3841 llll.
