<?xml version="1.0" encoding="UTF-8"?>
<!DOCTYPE html PUBLIC "-//W3C//DTD XHTML 1.0 Transitional//EN"
    "http://www.w3.org/TR/xhtml1/DTD/xhtml1-transitional.dtd">
<html xmlns="http://www.w3.org/1999/xhtml" xml:lang="en" lang="en">
 <head>
  <title>
</title>
<meta http-equiv="Content-Type" content="text/html;charset=utf-8" />
  <meta name='ocr-system' content='tesseract 3.04.00' />
  <meta name='ocr-capabilities' content='ocr_page ocr_carea ocr_par ocr_line ocrx_word'/>
</head>
<body>
  <div class='ocr_page' id='page_1' title='image "./sanctiaureliiau11augugoog_0524.png"; bbox 0 0 3284 4459; ppageno 0'>
   <div class='ocr_carea' id='block_1_1' title="bbox 345 511 947 575">
    <p class='ocr_par' dir='ltr' id='par_1_1' title="bbox 345 511 947 575">
     <span class='ocr_line' id='line_1_1' title="bbox 345 511 947 575; baseline -0.002 -11"><span class='ocrx_word' id='word_1_1' title='bbox 345 511 409 575; x_wconf 79' lang='lat'><strong>506</strong></span> <span class='ocrx_word' id='word_1_2' title='bbox 747 524 947 567; x_wconf 75' lang='lat' dir='ltr'><strong>sanunsrnn</strong></span> 
     </span>
    </p>
   </div>
   <div class='ocr_carea' id='block_1_2' title="bbox 290 659 1462 3557">
    <p class='ocr_par' dir='ltr' id='par_1_2' title="bbox 290 659 1462 3557">
     <span class='ocr_line' id='line_1_2' title="bbox 345 659 1353 740; baseline 0 -21"><span class='ocrx_word' id='word_1_3' title='bbox 345 678 433 737; x_wconf 93' lang='lat' dir='ltr'><strong>quam</strong></span> <span class='ocrx_word' id='word_1_4' title='bbox 462 661 493 719; x_wconf 94' lang='lat' dir='ltr'><strong>in</strong></span> <span class='ocrx_word' id='word_1_5' title='bbox 523 662 588 719; x_wconf 90' lang='lat' dir='ltr'><strong>eius</strong></span> <span class='ocrx_word' id='word_1_6' title='bbox 617 668 722 720; x_wconf 91' lang='lat' dir='ltr'><strong>natura</strong></span> <span class='ocrx_word' id='word_1_7' title='bbox 755 677 809 740; x_wconf 88' lang='lat' dir='ltr'><strong>per</strong></span> <span class='ocrx_word' id='word_1_8' title='bbox 838 659 996 720; x_wconf 82' lang='lat' dir='ltr'><strong>humanam</strong></span> <span class='ocrx_word' id='word_1_9' title='bbox 1025 677 1109 719; x_wconf 90' lang='lat' dir='ltr'><strong>suam</strong></span> <span class='ocrx_word' id='word_1_10' title='bbox 1139 660 1353 737; x_wconf 81' lang='lat' dir='ltr'><strong>experientiam</strong></span> 
     </span>
     <span class='ocr_line' id='line_1_3' title="bbox 345 748 1352 828; baseline 0 -21"><span class='ocrx_word' id='word_1_11' title='bbox 345 757 562 828; x_wconf 82' lang='lat' dir='ltr'><strong>cognoverunt3</strong></span> <span class='ocrx_word' id='word_1_12' title='bbox 585 749 718 825; x_wconf 91' lang='lat' dir='ltr'><strong>quamvis</strong></span> <span class='ocrx_word' id='word_1_13' title='bbox 737 755 766 806; x_wconf 89' lang='lat' dir='ltr'><strong>et</strong></span> <span class='ocrx_word' id='word_1_14' title='bbox 789 750 861 827; x_wconf 89' lang='lat' dir='ltr'><strong>ipsa,</strong></span> <span class='ocrx_word' id='word_1_15' title='bbox 886 764 960 825; x_wconf 88' lang='lat' dir='ltr'><strong>quae</strong></span> <span class='ocrx_word' id='word_1_16' title='bbox 982 748 1014 807; x_wconf 94' lang='lat' dir='ltr'><strong>in</strong></span> <span class='ocrx_word' id='word_1_17' title='bbox 1036 765 1139 807; x_wconf 90' lang='lat' dir='ltr'><strong>rerum</strong></span> <span class='ocrx_word' id='word_1_18' title='bbox 1162 755 1268 807; x_wconf 90' lang='lat' dir='ltr'><strong>natura</strong></span> <span class='ocrx_word' id='word_1_19' title='bbox 1290 765 1352 807; x_wconf 94' lang='lat' dir='ltr'><strong>om·</strong></span> 
     </span>
     <span class='ocr_line' id='line_1_4' title="bbox 345 834 1354 916; baseline 0 -21"><span class='ocrx_word' id='word_1_20' title='bbox 345 834 432 895; x_wconf 89' lang='lat' dir='ltr'><strong>nibus</strong></span> <span class='ocrx_word' id='word_1_21' title='bbox 451 842 520 895; x_wconf 92' lang='lat' dir='ltr'><strong>nota</strong></span> <span class='ocrx_word' id='word_1_22' title='bbox 538 846 616 908; x_wconf 89' lang='lat' dir='ltr'><strong>sunt,</strong></span> <span class='ocrx_word' id='word_1_23' title='bbox 640 853 699 895; x_wconf 92' lang='lat' dir='ltr'><strong>non</strong></span> <span class='ocrx_word' id='word_1_24' title='bbox 719 838 816 895; x_wconf 91' lang='lat' dir='ltr'><strong>miuus</strong></span> <span class='ocrx_word' id='word_1_25' title='bbox 836 838 909 895; x_wconf 91' lang='lat' dir='ltr'><strong>mira</strong></span> <span class='ocrx_word' id='word_1_26' title='bbox 933 837 1000 916; x_wconf 83' lang='lat' dir='ltr'><strong>sint,</strong></span> <span class='ocrx_word' id='word_1_27' title='bbox 1023 844 1183 913; x_wconf 82' lang='lat' dir='ltr'><strong>essentque</strong></span> <span class='ocrx_word' id='word_1_28' title='bbox 1207 834 1354 914; x_wconf 90' lang='lat' dir='ltr'><strong>stupenda</strong></span> 
     </span>
     <span class='ocr_line' id='line_1_5' title="bbox 345 923 1353 1005; baseline 0 -23"><span class='ocrx_word' id='word_1_29' title='bbox 345 923 601 983; x_wconf 77' lang='lat' dir='ltr'><strong>considerantibus</strong></span> <span class='ocrx_word' id='word_1_30' title='bbox 629 925 758 1005; x_wconf 84' lang='lat' dir='ltr'><strong>cunctis,</strong></span> <span class='ocrx_word' id='word_1_31' title='bbox 785 926 811 983; x_wconf 91' lang='lat' dir='ltr'><strong>si</strong></span> <span class='ocrx_word' id='word_1_32' title='bbox 842 923 973 983; x_wconf 80' lang='lat' dir='ltr'><strong>solerent</strong></span> <span class='ocrx_word' id='word_1_33' title='bbox 996 924 1130 983; x_wconf 91' lang='lat' dir='ltr'><strong>homines</strong></span> <span class='ocrx_word' id='word_1_34' title='bbox 1153 925 1256 984; x_wconf 90' lang='lat' dir='ltr'><strong>mirari</strong></span> <span class='ocrx_word' id='word_1_35' title='bbox 1278 926 1353 984; x_wconf 93' lang='lat' dir='ltr'><strong>mira</strong></span> 
     </span>
     <span class='ocr_line' id='line_1_6' title="bbox 309 1011 1353 1083; baseline 0.002 -13"><span class='ocrx_word' id='word_1_36' title='bbox 309 1013 402 1071; x_wconf 71' lang='lat' dir='ltr'><strong>enisi</strong></span> <span class='ocrx_word' id='word_1_37' title='bbox 433 1029 508 1072; x_wconf 89' lang='lat' dir='ltr'><strong>rara.</strong></span> <span class='ocrx_word' id='word_1_38' title='bbox 567 1011 640 1083; x_wconf 87' lang='lat' dir='ltr'><strong>Quis</strong></span> <span class='ocrx_word' id='word_1_39' title='bbox 673 1014 751 1072; x_wconf 93' lang='lat' dir='ltr'><strong>enim</strong></span> <span class='ocrx_word' id='word_1_40' title='bbox 788 1011 923 1072; x_wconf 92' lang='lat' dir='ltr'><strong>consulta</strong></span> <span class='ocrx_word' id='word_1_41' title='bbox 954 1015 1068 1072; x_wconf 88' lang='lat' dir='ltr'><strong>ratione</strong></span> <span class='ocrx_word' id='word_1_42' title='bbox 1101 1030 1161 1071; x_wconf 92' lang='lat' dir='ltr'><strong>non</strong></span> <span class='ocrx_word' id='word_1_43' title='bbox 1193 1011 1289 1072; x_wconf 87' lang='lat' dir='ltr'><strong>videat</strong></span> <span class='ocrx_word' id='word_1_44' title='bbox 1321 1015 1353 1072; x_wconf 94' lang='lat' dir='ltr'><strong>in</strong></span> 
     </span>
     <span class='ocr_line' id='line_1_7' title="bbox 343 1098 1353 1160; baseline 0.002 -2"><span class='ocrx_word' id='word_1_45' title='bbox 343 1098 497 1159; x_wconf 91' lang='lat' dir='ltr'><strong>hominnm</strong></span> <span class='ocrx_word' id='word_1_46' title='bbox 524 1099 733 1160; x_wconf 81' lang='lat' dir='ltr'><strong>innumerabili</strong></span> <span class='ocrx_word' id='word_1_47' title='bbox 760 1102 972 1160; x_wconf 83' lang='lat' dir='ltr'><strong>numerositate</strong></span> <span class='ocrx_word' id='word_1_48' title='bbox 1001 1108 1031 1159; x_wconf 88' lang='lat' dir='ltr'><strong>et</strong></span> <span class='ocrx_word' id='word_1_49' title='bbox 1057 1109 1139 1160; x_wconf 90' lang='lat' dir='ltr'><strong>tanta</strong></span> <span class='ocrx_word' id='word_1_50' title='bbox 1167 1107 1290 1160; x_wconf 88' lang='lat' dir='ltr'><strong>naturae</strong></span> <span class='ocrx_word' id='word_1_51' title='bbox 1315 1103 1353 1160; x_wconf 88' lang='lat' dir='ltr'><strong>si·</strong></span> 
     </span>
     <span class='ocr_line' id='line_1_8' title="bbox 343 1187 1353 1267; baseline 0 -20"><span class='ocrx_word' id='word_1_52' title='bbox 343 1187 509 1248; x_wconf 92' lang='lat' dir='ltr'><strong>militudioe</strong></span> <span class='ocrx_word' id='word_1_53' title='bbox 539 1188 621 1248; x_wconf 89' lang='lat' dir='ltr'><strong>valde</strong></span> <span class='ocrx_word' id='word_1_54' title='bbox 649 1187 824 1248; x_wconf 89' lang='lat' dir='ltr'><strong>mirabiliter</strong></span> <span class='ocrx_word' id='word_1_55' title='bbox 851 1190 894 1248; x_wconf 93' lang='lat' dir='ltr'><strong>sic</strong></span> <span class='ocrx_word' id='word_1_56' title='bbox 921 1187 1030 1248; x_wconf 88' lang='lat' dir='ltr'><strong>babere</strong></span> <span class='ocrx_word' id='word_1_57' title='bbox 1059 1188 1190 1267; x_wconf 84' lang='lat' dir='ltr'><strong>singulos</strong></span> <span class='ocrx_word' id='word_1_58' title='bbox 1221 1188 1353 1266; x_wconf 85' lang='lat' dir='ltr'><strong>singulas</strong></span> 
     </span>
     <span class='ocr_line' id='line_1_9' title="bbox 344 1275 1354 1358; baseline 0 -23"><span class='ocrx_word' id='word_1_59' title='bbox 344 1277 448 1355; x_wconf 86' lang='lat' dir='ltr'><strong>iacies,</strong></span> <span class='ocrx_word' id='word_1_60' title='bbox 474 1286 509 1338; x_wconf 87' lang='lat' dir='ltr'><strong>nt</strong></span> <span class='ocrx_word' id='word_1_61' title='bbox 531 1278 588 1336; x_wconf 92' lang='lat' dir='ltr'><strong>nisi</strong></span> <span class='ocrx_word' id='word_1_62' title='bbox 610 1278 690 1337; x_wconf 89' lang='lat' dir='ltr'><strong>inter</strong></span> <span class='ocrx_word' id='word_1_63' title='bbox 713 1294 745 1336; x_wconf 90' lang='lat' dir='ltr'><strong>se</strong></span> <span class='ocrx_word' id='word_1_64' title='bbox 768 1275 880 1336; x_wconf 91' lang='lat' dir='ltr'><strong>similes</strong></span> <span class='ocrx_word' id='word_1_65' title='bbox 903 1287 1019 1358; x_wconf 86' lang='lat' dir='ltr'><strong>essent,</strong></span> <span class='ocrx_word' id='word_1_66' title='bbox 1046 1294 1106 1337; x_wconf 93' lang='lat' dir='ltr'><strong>non</strong></span> <span class='ocrx_word' id='word_1_67' title='bbox 1129 1276 1354 1337; x_wconf 89' lang='lat' dir='ltr'><strong>discerneretur</strong></span> 
     </span>
     <span class='ocr_line' id='line_1_10' title="bbox 345 1363 1353 1445; baseline -0.001 -21"><span class='ocrx_word' id='word_1_68' title='bbox 345 1368 459 1443; x_wconf 86' lang='lat' dir='ltr'><strong>species</strong></span> <span class='ocrx_word' id='word_1_69' title='bbox 478 1382 581 1426; x_wconf 90' lang='lat' dir='ltr'><strong>eorum</strong></span> <span class='ocrx_word' id='word_1_70' title='bbox 600 1363 635 1423; x_wconf 94' lang='lat' dir='ltr'><strong>ab</strong></span> <span class='ocrx_word' id='word_1_71' title='bbox 655 1363 829 1424; x_wconf 90' lang='lat' dir='ltr'><strong>animalibus</strong></span> <span class='ocrx_word' id='word_1_72' title='bbox 853 1366 974 1445; x_wconf 81' lang='lat' dir='ltr'><strong>ceteris3</strong></span> <span class='ocrx_word' id='word_1_73' title='bbox 997 1371 1029 1424; x_wconf 91' lang='lat' dir='ltr'><strong>et</strong></span> <span class='ocrx_word' id='word_1_74' title='bbox 1050 1382 1170 1425; x_wconf 92' lang='lat' dir='ltr'><strong>rursum</strong></span> <span class='ocrx_word' id='word_1_75' title='bbox 1193 1366 1251 1424; x_wconf 88' lang='lat' dir='ltr'><strong>nisi</strong></span> <span class='ocrx_word' id='word_1_76' title='bbox 1275 1367 1353 1425; x_wconf 89' lang='lat' dir='ltr'><strong>inter</strong></span> 
     </span>
     <span class='ocr_line' id='line_1_11' title="bbox 292 1451 1352 1533; baseline 0.001 -22"><span class='ocrx_word' id='word_1_77' title='bbox 292 1462 326 1511; x_wconf 86' lang='lat' dir='ltr'><strong>to</strong></span> <span class='ocrx_word' id='word_1_78' title='bbox 344 1470 377 1512; x_wconf 91' lang='lat' dir='ltr'><strong>se</strong></span> <span class='ocrx_word' id='word_1_79' title='bbox 396 1452 553 1513; x_wconf 89' lang='lat' dir='ltr'><strong>dissimiles</strong></span> <span class='ocrx_word' id='word_1_80' title='bbox 572 1455 681 1533; x_wconf 75' lang='lat' dir='ltr'><strong>essent,</strong></span> <span class='ocrx_word' id='word_1_81' title='bbox 703 1470 763 1512; x_wconf 91' lang='lat' dir='ltr'><strong>non</strong></span> <span class='ocrx_word' id='word_1_82' title='bbox 782 1453 1025 1512; x_wconf 88' lang='lat' dir='ltr'><strong>discernerentur</strong></span> <span class='ocrx_word' id='word_1_83' title='bbox 1044 1451 1152 1531; x_wconf 87' lang='lat' dir='ltr'><strong>singuli</strong></span> <span class='ocrx_word' id='word_1_84' title='bbox 1172 1451 1207 1512; x_wconf 97' lang='lat' dir='ltr'><strong>ab</strong></span> <span class='ocrx_word' id='word_1_85' title='bbox 1227 1451 1352 1513; x_wconf 90' lang='lat' dir='ltr'><strong>bomini·</strong></span> 
     </span>
     <span class='ocr_line' id='line_1_12' title="bbox 344 1537 1352 1621; baseline 0.001 -21"><span class='ocrx_word' id='word_1_86' title='bbox 344 1539 400 1601; x_wconf 92' lang='lat' dir='ltr'><strong>bus</strong></span> <span class='ocrx_word' id='word_1_87' title='bbox 423 1537 553 1601; x_wconf 84' lang='lat' dir='ltr'><strong>ceteris?</strong></span> <span class='ocrx_word' id='word_1_88' title='bbox 598 1539 680 1611; x_wconf 87' lang='lat' dir='ltr'><strong>Quos</strong></span> <span class='ocrx_word' id='word_1_89' title='bbox 702 1558 774 1619; x_wconf 82' lang='lat' dir='ltr'><strong>ergo</strong></span> <span class='ocrx_word' id='word_1_90' title='bbox 797 1541 907 1601; x_wconf 81' lang='lat' dir='ltr'><strong>sindles</strong></span> <span class='ocrx_word' id='word_1_91' title='bbox 931 1542 1122 1621; x_wconf 83' lang='lat' dir='ltr'><strong>confitemur,</strong></span> <span class='ocrx_word' id='word_1_92' title='bbox 1149 1540 1269 1602; x_wconf 91' lang='lat' dir='ltr'><strong>eosdem</strong></span> <span class='ocrx_word' id='word_1_93' title='bbox 1293 1542 1352 1601; x_wconf 89' lang='lat' dir='ltr'><strong>dis·</strong></span> 
     </span>
     <span class='ocr_line' id='line_1_13' title="bbox 344 1627 1352 1690; baseline 0.002 -3"><span class='ocrx_word' id='word_1_94' title='bbox 344 1628 455 1688; x_wconf 91' lang='lat' dir='ltr'><strong>similes</strong></span> <span class='ocrx_word' id='word_1_95' title='bbox 477 1630 651 1688; x_wconf 88' lang='lat' dir='ltr'><strong>invenimus.</strong></span> <span class='ocrx_word' id='word_1_96' title='bbox 698 1627 756 1689; x_wconf 90' lang='lat' dir='ltr'><strong>Sed</strong></span> <span class='ocrx_word' id='word_1_97' title='bbox 784 1628 947 1688; x_wconf 91' lang='lat' dir='ltr'><strong>mirabilior</strong></span> <span class='ocrx_word' id='word_1_98' title='bbox 975 1638 1021 1689; x_wconf 91' lang='lat' dir='ltr'><strong>est</strong></span> <span class='ocrx_word' id='word_1_99' title='bbox 1044 1629 1241 1690; x_wconf 89' lang='lat' dir='ltr'><strong>consideratio</strong></span> <span class='ocrx_word' id='word_1_100' title='bbox 1265 1629 1352 1690; x_wconf 93' lang='lat' dir='ltr'><strong>dissi·</strong></span> 
     </span>
     <span class='ocr_line' id='line_1_14' title="bbox 343 1715 1353 1797; baseline 0.002 -22"><span class='ocrx_word' id='word_1_101' title='bbox 343 1715 530 1795; x_wconf 89' lang='lat' dir='ltr'><strong>militudinis‚</strong></span> <span class='ocrx_word' id='word_1_102' title='bbox 558 1718 697 1794; x_wconf 92' lang='lat' dir='ltr'><strong>quoniam</strong></span> <span class='ocrx_word' id='word_1_103' title='bbox 725 1716 947 1777; x_wconf 90' lang='lat' dir='ltr'><strong>similitudinem</strong></span> <span class='ocrx_word' id='word_1_104' title='bbox 979 1719 1086 1779; x_wconf 90' lang='lat' dir='ltr'><strong>iustius</strong></span> <span class='ocrx_word' id='word_1_105' title='bbox 1116 1716 1235 1778; x_wconf 88' lang='lat' dir='ltr'><strong>videtur</strong></span> <span class='ocrx_word' id='word_1_106' title='bbox 1263 1736 1353 1797; x_wconf 81' lang='lat' dir='ltr'><strong>expo-</strong></span> 
     </span>
     <span class='ocr_line' id='line_1_15' title="bbox 344 1803 1353 1883; baseline 0.002 -19"><span class='ocrx_word' id='word_1_107' title='bbox 344 1821 428 1864; x_wconf 90' lang='lat' dir='ltr'><strong>scere</strong></span> <span class='ocrx_word' id='word_1_108' title='bbox 459 1811 564 1863; x_wconf 93' lang='lat' dir='ltr'><strong>natura</strong></span> <span class='ocrx_word' id='word_1_109' title='bbox 593 1806 767 1865; x_wconf 87' lang='lat' dir='ltr'><strong>communis.</strong></span> <span class='ocrx_word' id='word_1_110' title='bbox 812 1803 851 1865; x_wconf 86' lang='lat' dir='ltr'><strong>Et</strong></span> <span class='ocrx_word' id='word_1_111' title='bbox 880 1815 977 1865; x_wconf 89' lang='lat' dir='ltr'><strong>tamen</strong></span> <span class='ocrx_word' id='word_1_112' title='bbox 1006 1807 1144 1883; x_wconf 92' lang='lat' dir='ltr'><strong>quoniam</strong></span> <span class='ocrx_word' id='word_1_113' title='bbox 1174 1824 1250 1883; x_wconf 92' lang='lat' dir='ltr'><strong>quae</strong></span> <span class='ocrx_word' id='word_1_114' title='bbox 1281 1816 1353 1867; x_wconf 88' lang='lat' dir='ltr'><strong>sunt</strong></span> 
     </span>
     <span class='ocr_line' id='line_1_16' title="bbox 293 1892 1353 1973; baseline 0.003 -23"><span class='ocrx_word' id='word_1_115' title='bbox 293 1903 325 1950; x_wconf 80' lang='lat'><strong>15</strong></span> <span class='ocrx_word' id='word_1_116' title='bbox 343 1909 410 1952; x_wconf 87' lang='lat' dir='ltr'><strong>rara</strong></span> <span class='ocrx_word' id='word_1_117' title='bbox 442 1895 505 1971; x_wconf 90' lang='lat' dir='ltr'><strong>ipsa</strong></span> <span class='ocrx_word' id='word_1_118' title='bbox 533 1900 603 1952; x_wconf 93' lang='lat' dir='ltr'><strong>sunt</strong></span> <span class='ocrx_word' id='word_1_119' title='bbox 629 1894 719 1973; x_wconf 81' lang='lat' dir='ltr'><strong>mira,</strong></span> <span class='ocrx_word' id='word_1_120' title='bbox 751 1892 844 1953; x_wconf 88' lang='lat' dir='ltr'><strong>multo</strong></span> <span class='ocrx_word' id='word_1_121' title='bbox 872 1893 998 1971; x_wconf 91' lang='lat' dir='ltr'><strong>amplius</strong></span> <span class='ocrx_word' id='word_1_122' title='bbox 1026 1893 1205 1954; x_wconf 89' lang='lat' dir='ltr'><strong>admiramur</strong></span> <span class='ocrx_word' id='word_1_123' title='bbox 1233 1894 1353 1972; x_wconf 89' lang='lat' dir='ltr'><strong>quando</strong></span> 
     </span>
     <span class='ocr_line' id='line_1_17' title="bbox 345 1979 1354 2061; baseline 0.004 -22"><span class='ocrx_word' id='word_1_124' title='bbox 345 1980 420 2041; x_wconf 90' lang='lat' dir='ltr'><strong>dnos</strong></span> <span class='ocrx_word' id='word_1_125' title='bbox 449 1984 489 2040; x_wconf 93' lang='lat' dir='ltr'><strong>ita</strong></span> <span class='ocrx_word' id='word_1_126' title='bbox 519 1979 630 2040; x_wconf 89' lang='lat' dir='ltr'><strong>similes</strong></span> <span class='ocrx_word' id='word_1_127' title='bbox 660 1984 840 2061; x_wconf 87' lang='lat' dir='ltr'><strong>reperimus,</strong></span> <span class='ocrx_word' id='word_1_128' title='bbox 872 1990 905 2040; x_wconf 91' lang='lat' dir='ltr'><strong>ut</strong></span> <span class='ocrx_word' id='word_1_129' title='bbox 934 1984 965 2041; x_wconf 92' lang='lat' dir='ltr'><strong>in</strong></span> <span class='ocrx_word' id='word_1_130' title='bbox 993 1983 1036 2042; x_wconf 90' lang='lat' dir='ltr'><strong>eis</strong></span> <span class='ocrx_word' id='word_1_131' title='bbox 1064 1981 1268 2042; x_wconf 88' lang='lat' dir='ltr'><strong>discernendis</strong></span> <span class='ocrx_word' id='word_1_132' title='bbox 1301 1992 1354 2043; x_wconf 91' lang='lat' dir='ltr'><strong>ant</strong></span> 
     </span>
     <span class='ocr_line' id='line_1_18' title="bbox 344 2068 1070 2148; baseline 0.01 -21"><span class='ocrx_word' id='word_1_133' title='bbox 344 2086 462 2148; x_wconf 89' lang='lat' dir='ltr'><strong>semper</strong></span> <span class='ocrx_word' id='word_1_134' title='bbox 484 2077 536 2129; x_wconf 88' lang='lat' dir='ltr'><strong>aut</strong></span> <span class='ocrx_word' id='word_1_135' title='bbox 557 2068 731 2147; x_wconf 83' lang='lat' dir='ltr'><strong>frequenter</strong></span> <span class='ocrx_word' id='word_1_136' title='bbox 753 2087 916 2129; x_wconf 85' lang='lat' dir='ltr'><strong>erremus..</strong></span> <span class='ocrx_word' id='word_1_137' title='bbox 1068 2128 1070 2134; x_wconf 83' lang='lat'><em>.</em></span> 
     </span>
     <span class='ocr_line' id='line_1_19' title="bbox 434 2156 1355 2240; baseline 0.004 -23"><span class='ocrx_word' id='word_1_138' title='bbox 434 2156 492 2217; x_wconf 90' lang='lat' dir='ltr'><strong>Sed</strong></span> <span class='ocrx_word' id='word_1_139' title='bbox 520 2156 598 2236; x_wconf 91' lang='lat' dir='ltr'><strong>quod</strong></span> <span class='ocrx_word' id='word_1_140' title='bbox 626 2156 687 2216; x_wconf 78' lang='lat' dir='ltr'><strong>dixi</strong></span> <span class='ocrx_word' id='word_1_141' title='bbox 715 2159 859 2235; x_wconf 87' lang='lat' dir='ltr'><strong>scriptum</strong></span> <span class='ocrx_word' id='word_1_142' title='bbox 882 2176 898 2217; x_wconf 91' lang='lat' dir='ltr'><strong>a</strong></span> <span class='ocrx_word' id='word_1_143' title='bbox 921 2156 1066 2240; x_wconf 85' lang='lat' dir='ltr'><strong>Varrone,</strong></span> <span class='ocrx_word' id='word_1_144' title='bbox 1093 2157 1163 2219; x_wconf 87' lang='lat' dir='ltr'><strong>licet</strong></span> <span class='ocrx_word' id='word_1_145' title='bbox 1185 2176 1289 2219; x_wconf 88' lang='lat' dir='ltr'><strong>eorum</strong></span> <span class='ocrx_word' id='word_1_146' title='bbox 1314 2162 1355 2221; x_wconf 89' lang='lat' dir='ltr'><strong>sit</strong></span> 
     </span>
     <span class='ocr_line' id='line_1_20' title="bbox 345 2244 1354 2326; baseline 0.002 -21"><span class='ocrx_word' id='word_1_147' title='bbox 345 2245 505 2306; x_wconf 88' lang='lat' dir='ltr'><strong>historicus</strong></span> <span class='ocrx_word' id='word_1_148' title='bbox 528 2245 665 2323; x_wconf 90' lang='lat' dir='ltr'><strong>idemque</strong></span> <span class='ocrx_word' id='word_1_149' title='bbox 688 2244 887 2326; x_wconf 82' lang='lat' dir='ltr'><strong>doctissimus,</strong></span> <span class='ocrx_word' id='word_1_150' title='bbox 911 2247 1034 2305; x_wconf 79' lang='lat' dir='ltr'><strong>fortasse</strong></span> <span class='ocrx_word' id='word_1_151' title='bbox 1058 2264 1127 2306; x_wconf 86' lang='lat' dir='ltr'><strong>vere</strong></span> <span class='ocrx_word' id='word_1_152' title='bbox 1151 2246 1261 2307; x_wconf 88' lang='lat' dir='ltr'><strong>lactum</strong></span> <span class='ocrx_word' id='word_1_153' title='bbox 1285 2266 1354 2307; x_wconf 90' lang='lat' dir='ltr'><strong>esse</strong></span> 
     </span>
     <span class='ocr_line' id='line_1_21' title="bbox 291 2334 1354 2412; baseline 0.004 -20"><span class='ocrx_word' id='word_1_154' title='bbox 291 2344 325 2393; x_wconf 75' lang='lat'><strong>20</strong></span> <span class='ocrx_word' id='word_1_155' title='bbox 344 2352 404 2394; x_wconf 92' lang='lat' dir='ltr'><strong>non</strong></span> <span class='ocrx_word' id='word_1_156' title='bbox 426 2334 565 2412; x_wconf 83' lang='lat' dir='ltr'><strong>credunt3</strong></span> <span class='ocrx_word' id='word_1_157' title='bbox 593 2341 643 2394; x_wconf 90' lang='lat' dir='ltr'><strong>aut</strong></span> <span class='ocrx_word' id='word_1_158' title='bbox 670 2336 739 2411; x_wconf 93' lang='lat' dir='ltr'><strong>quia</strong></span> <span class='ocrx_word' id='word_1_159' title='bbox 766 2350 826 2393; x_wconf 91' lang='lat' dir='ltr'><strong>non</strong></span> <span class='ocrx_word' id='word_1_160' title='bbox 854 2334 905 2395; x_wconf 91' lang='lat' dir='ltr'><strong>dio</strong></span> <span class='ocrx_word' id='word_1_161' title='bbox 928 2336 1036 2395; x_wconf 88' lang='lat' dir='ltr'><strong>mansit</strong></span> <span class='ocrx_word' id='word_1_162' title='bbox 1057 2334 1133 2394; x_wconf 91' lang='lat' dir='ltr'><strong>alius</strong></span> <span class='ocrx_word' id='word_1_163' title='bbox 1156 2336 1290 2396; x_wconf 91' lang='lat' dir='ltr'><strong>eiusdem</strong></span> <span class='ocrx_word' id='word_1_164' title='bbox 1313 2339 1354 2396; x_wconf 90' lang='lat' dir='ltr'><strong>si·</strong></span> 
     </span>
     <span class='ocr_line' id='line_1_22' title="bbox 344 2421 1462 2507; baseline 0.001 -24"><span class='ocrx_word' id='word_1_165' title='bbox 344 2423 424 2483; x_wconf 90' lang='lat' dir='ltr'><strong>deris</strong></span> <span class='ocrx_word' id='word_1_166' title='bbox 456 2440 580 2501; x_wconf 85' lang='lat' dir='ltr'><strong>cursus,</strong></span> <span class='ocrx_word' id='word_1_167' title='bbox 612 2421 664 2482; x_wconf 92' lang='lat' dir='ltr'><strong>sed</strong></span> <span class='ocrx_word' id='word_1_168' title='bbox 696 2421 825 2481; x_wconf 90' lang='lat' dir='ltr'><strong>reditum</strong></span> <span class='ocrx_word' id='word_1_169' title='bbox 860 2430 906 2481; x_wconf 90' lang='lat' dir='ltr'><strong>est</strong></span> <span class='ocrx_word' id='word_1_170' title='bbox 933 2422 968 2484; x_wconf 96' lang='lat' dir='ltr'><strong>ad</strong></span> <span class='ocrx_word' id='word_1_171' title='bbox 997 2421 1132 2502; x_wconf 88' lang='lat' dir='ltr'><strong>solitum,</strong></span> <span class='ocrx_word' id='word_1_172' title='bbox 1164 2426 1262 2484; x_wconf 90' lang='lat' dir='ltr'><strong>minus</strong></span> <span class='ocrx_word' id='word_1_173' title='bbox 1293 2426 1353 2484; x_wconf 91' lang='lat' dir='ltr'><strong>isto</strong></span> <span class='ocrx_word' id='word_1_174' title='bbox 1461 2472 1462 2507; x_wconf 26' lang='lat' dir='ltr'><strong>p</strong></span> 
     </span>
     <span class='ocr_line' id='line_1_23' title="bbox 343 2508 1434 2589; baseline 0.002 -18"><span class='ocrx_word' id='word_1_175' title='bbox 343 2518 499 2571; x_wconf 86' lang='lat' dir='ltr'><strong>moventur</strong></span> <span class='ocrx_word' id='word_1_176' title='bbox 522 2509 663 2588; x_wconf 85' lang='lat' dir='ltr'><strong>exemplo.</strong></span> <span class='ocrx_word' id='word_1_177' title='bbox 709 2508 825 2569; x_wconf 91' lang='lat' dir='ltr'><strong>Habent</strong></span> <span class='ocrx_word' id='word_1_178' title='bbox 847 2528 918 2589; x_wconf 82' lang='lat' dir='ltr'><strong>ergo</strong></span> <span class='ocrx_word' id='word_1_179' title='bbox 942 2509 1033 2585; x_wconf 86' lang='lat' dir='ltr'><strong>aliud,</strong></span> <span class='ocrx_word' id='word_1_180' title='bbox 1057 2512 1137 2589; x_wconf 92' lang='lat' dir='ltr'><strong>quod</strong></span> <span class='ocrx_word' id='word_1_181' title='bbox 1160 2514 1248 2572; x_wconf 89' lang='lat' dir='ltr'><strong>etiam</strong></span> <span class='ocrx_word' id='word_1_182' title='bbox 1270 2531 1354 2573; x_wconf 91' lang='lat' dir='ltr'><strong>nnnc</strong></span> <span class='ocrx_word' id='word_1_183' title='bbox 1433 2542 1434 2545; x_wconf 36' lang='lat'>¹</span> 
     </span>
     <span class='ocr_line' id='line_1_24' title="bbox 343 2597 1353 2679; baseline 0.004 -22"><span class='ocrx_word' id='word_1_184' title='bbox 343 2600 438 2677; x_wconf 91' lang='lat' dir='ltr'><strong>possit</strong></span> <span class='ocrx_word' id='word_1_185' title='bbox 460 2598 576 2657; x_wconf 91' lang='lat' dir='ltr'><strong>ostendi</strong></span> <span class='ocrx_word' id='word_1_186' title='bbox 604 2599 706 2675; x_wconf 90' lang='lat' dir='ltr'><strong>eisque</strong></span> <span class='ocrx_word' id='word_1_187' title='bbox 729 2605 802 2676; x_wconf 92' lang='lat' dir='ltr'><strong>puto</strong></span> <span class='ocrx_word' id='word_1_188' title='bbox 826 2597 934 2657; x_wconf 89' lang='lat' dir='ltr'><strong>dehere</strong></span> <span class='ocrx_word' id='word_1_189' title='bbox 958 2599 1110 2679; x_wconf 83' lang='lat' dir='ltr'><strong>sulficere,</strong></span> <span class='ocrx_word' id='word_1_190' title='bbox 1139 2618 1198 2677; x_wconf 94' lang='lat' dir='ltr'><strong>quo</strong></span> <span class='ocrx_word' id='word_1_191' title='bbox 1222 2619 1353 2661; x_wconf 91' lang='lat' dir='ltr'><strong>commo-</strong></span> 
     </span>
     <span class='ocr_line' id='line_1_25' title="bbox 344 2684 1353 2766; baseline 0.005 -21"><span class='ocrx_word' id='word_1_192' title='bbox 344 2694 486 2766; x_wconf 83' lang='lat' dir='ltr'><strong>neantur,</strong></span> <span class='ocrx_word' id='word_1_193' title='bbox 518 2703 586 2744; x_wconf 90' lang='lat' dir='ltr'><strong>cum</strong></span> <span class='ocrx_word' id='word_1_194' title='bbox 618 2684 728 2763; x_wconf 89' lang='lat' dir='ltr'><strong>aliquid</strong></span> <span class='ocrx_word' id='word_1_195' title='bbox 760 2684 941 2745; x_wconf 89' lang='lat' dir='ltr'><strong>adverterint</strong></span> <span class='ocrx_word' id='word_1_196' title='bbox 973 2689 1004 2745; x_wconf 93' lang='lat' dir='ltr'><strong>in</strong></span> <span class='ocrx_word' id='word_1_197' title='bbox 1036 2686 1132 2765; x_wconf 92' lang='lat' dir='ltr'><strong>aliqua</strong></span> <span class='ocrx_word' id='word_1_198' title='bbox 1164 2690 1353 2749; x_wconf 87' lang='lat' dir='ltr'><strong>institutione</strong></span> 
     </span>
     <span class='ocr_line' id='line_1_26' title="bbox 291 2772 1353 2853; baseline 0.008 -24"><span class='ocrx_word' id='word_1_199' title='bbox 291 2782 325 2830; x_wconf 80' lang='lat'><strong>25</strong></span> <span class='ocrx_word' id='word_1_200' title='bbox 344 2780 466 2832; x_wconf 89' lang='lat' dir='ltr'><strong>naturae</strong></span> <span class='ocrx_word' id='word_1_201' title='bbox 485 2790 609 2849; x_wconf 88' lang='lat' dir='ltr'><strong>eamque</strong></span> <span class='ocrx_word' id='word_1_202' title='bbox 628 2772 684 2832; x_wconf 92' lang='lat' dir='ltr'><strong>sibi</strong></span> <span class='ocrx_word' id='word_1_203' title='bbox 702 2776 886 2833; x_wconf 89' lang='lat' dir='ltr'><strong>notissimam</strong></span> <span class='ocrx_word' id='word_1_204' title='bbox 905 2775 1040 2853; x_wconf 83' lang='lat' dir='ltr'><strong>fecerint,</strong></span> <span class='ocrx_word' id='word_1_205' title='bbox 1063 2792 1122 2834; x_wconf 91' lang='lat' dir='ltr'><strong>oon</strong></span> <span class='ocrx_word' id='word_1_206' title='bbox 1146 2794 1178 2835; x_wconf 91' lang='lat' dir='ltr'><strong>se</strong></span> <span class='ocrx_word' id='word_1_207' title='bbox 1201 2776 1269 2837; x_wconf 89' lang='lat' dir='ltr'><strong>inde</strong></span> <span class='ocrx_word' id='word_1_208' title='bbox 1289 2775 1353 2838; x_wconf 85' lang='lat' dir='ltr'><strong>[leo</strong></span> 
     </span>
     <span class='ocr_line' id='line_1_27' title="bbox 344 2859 1354 2948; baseline 0.006 -28"><span class='ocrx_word' id='word_1_209' title='bbox 344 2860 453 2920; x_wconf 89' lang='lat' dir='ltr'><strong>debere</strong></span> <span class='ocrx_word' id='word_1_210' title='bbox 471 2859 685 2940; x_wconf 82' lang='lat' dir='ltr'><strong>praescribere,</strong></span> <span class='ocrx_word' id='word_1_211' title='bbox 707 2863 792 2939; x_wconf 91' lang='lat' dir='ltr'><strong>quasi</strong></span> <span class='ocrx_word' id='word_1_212' title='bbox 814 2880 879 2921; x_wconf 90' lang='lat' dir='ltr'><strong>eam</strong></span> <span class='ocrx_word' id='word_1_213' title='bbox 902 2880 962 2922; x_wconf 91' lang='lat' dir='ltr'><strong>non</strong></span> <span class='ocrx_word' id='word_1_214' title='bbox 983 2864 1078 2941; x_wconf 89' lang='lat' dir='ltr'><strong>possit</strong></span> <span class='ocrx_word' id='word_1_215' title='bbox 1100 2866 1131 2922; x_wconf 92' lang='lat' dir='ltr'><strong>in</strong></span> <span class='ocrx_word' id='word_1_216' title='bbox 1154 2863 1240 2943; x_wconf 84' lang='lat' dir='ltr'><strong>longe</strong></span> <span class='ocrx_word' id='word_1_217' title='bbox 1263 2862 1354 2948; x_wconf 84' lang='lat' dir='ltr'><strong>aliud,</strong></span> 
     </span>
     <span class='ocr_line' id='line_1_28' title="bbox 345 2950 1353 3028; baseline 0.005 -20"><span class='ocrx_word' id='word_1_218' title='bbox 345 2966 431 3027; x_wconf 92' lang='lat' dir='ltr'><strong>quam</strong></span> <span class='ocrx_word' id='word_1_219' title='bbox 450 2951 493 3008; x_wconf 90' lang='lat' dir='ltr'><strong>eis</strong></span> <span class='ocrx_word' id='word_1_220' title='bbox 512 2950 627 3026; x_wconf 87' lang='lat' dir='ltr'><strong>cognita</strong></span> <span class='ocrx_word' id='word_1_221' title='bbox 650 2958 705 3027; x_wconf 87' lang='lat' dir='ltr'><strong>est,</strong></span> <span class='ocrx_word' id='word_1_222' title='bbox 726 2958 843 3009; x_wconf 86' lang='lat' dir='ltr'><strong>vertere</strong></span> <span class='ocrx_word' id='word_1_223' title='bbox 867 2958 954 3028; x_wconf 89' lang='lat' dir='ltr'><strong>atque</strong></span> <span class='ocrx_word' id='word_1_224' title='bbox 978 2959 1101 3011; x_wconf 89' lang='lat' dir='ltr'><strong>mutare.</strong></span> <span class='ocrx_word' id='word_1_225' title='bbox 1147 2951 1240 3013; x_wconf 86' lang='lat' dir='ltr'><strong>Terra</strong></span> <span class='ocrx_word' id='word_1_226' title='bbox 1258 2952 1353 3013; x_wconf 89' lang='lat' dir='ltr'><strong>Sodo-</strong></span> 
     </span>
     <span class='ocr_line' id='line_1_29' title="bbox 344 3035 1353 3119; baseline 0.005 -22"><span class='ocrx_word' id='word_1_227' title='bbox 344 3054 461 3097; x_wconf 89' lang='lat' dir='ltr'><strong>morum</strong></span> <span class='ocrx_word' id='word_1_228' title='bbox 488 3053 548 3095; x_wconf 91' lang='lat' dir='ltr'><strong>non</strong></span> <span class='ocrx_word' id='word_1_229' title='bbox 575 3035 631 3096; x_wconf 88' lang='lat' dir='ltr'><strong>iuit</strong></span> <span class='ocrx_word' id='word_1_230' title='bbox 658 3038 761 3114; x_wconf 92' lang='lat' dir='ltr'><strong>utique</strong></span> <span class='ocrx_word' id='word_1_231' title='bbox 791 3047 826 3097; x_wconf 94' lang='lat' dir='ltr'><strong>ut</strong></span> <span class='ocrx_word' id='word_1_232' title='bbox 853 3056 933 3097; x_wconf 91' lang='lat' dir='ltr'><strong>nunc</strong></span> <span class='ocrx_word' id='word_1_233' title='bbox 961 3049 1019 3119; x_wconf 88' lang='lat' dir='ltr'><strong>est,</strong></span> <span class='ocrx_word' id='word_1_234' title='bbox 1050 3038 1101 3099; x_wconf 89' lang='lat' dir='ltr'><strong>sed</strong></span> <span class='ocrx_word' id='word_1_235' title='bbox 1125 3039 1239 3101; x_wconf 89' lang='lat' dir='ltr'><strong>iacebat</strong></span> <span class='ocrx_word' id='word_1_236' title='bbox 1262 3042 1353 3103; x_wconf 93' lang='lat' dir='ltr'><strong>simili</strong></span> 
     </span>
     <span class='ocr_line' id='line_1_30' title="bbox 344 3122 1352 3209; baseline 0.005 -24"><span class='ocrx_word' id='word_1_237' title='bbox 344 3127 452 3185; x_wconf 89' lang='lat' dir='ltr'><strong>ceteris</strong></span> <span class='ocrx_word' id='word_1_238' title='bbox 470 3125 544 3184; x_wconf 87' lang='lat' dir='ltr'><strong>lacie</strong></span> <span class='ocrx_word' id='word_1_239' title='bbox 563 3122 724 3202; x_wconf 90' lang='lat' dir='ltr'><strong>eademque</strong></span> <span class='ocrx_word' id='word_1_240' title='bbox 743 3124 788 3184; x_wconf 86' lang='lat' dir='ltr'><strong>rel</strong></span> <span class='ocrx_word' id='word_1_241' title='bbox 811 3128 900 3186; x_wconf 90' lang='lat' dir='ltr'><strong>etiam</strong></span> <span class='ocrx_word' id='word_1_242' title='bbox 924 3125 1062 3187; x_wconf 91' lang='lat' dir='ltr'><strong>uberiore</strong></span> <span class='ocrx_word' id='word_1_243' title='bbox 1086 3126 1265 3190; x_wconf 86' lang='lat' dir='ltr'><strong>iocunditate</strong></span> <span class='ocrx_word' id='word_1_244' title='bbox 1287 3130 1352 3209; x_wconf 92' lang='lat' dir='ltr'><strong>pol·</strong></span> 
     </span>
     <span class='ocr_line' id='line_1_31' title="bbox 290 3210 1352 3295; baseline 0.006 -22"><span class='ocrx_word' id='word_1_245' title='bbox 290 3225 325 3273; x_wconf 85' lang='lat'><strong>30</strong></span> <span class='ocrx_word' id='word_1_246' title='bbox 344 3212 435 3294; x_wconf 82' lang='lat' dir='ltr'><strong>lebat3</strong></span> <span class='ocrx_word' id='word_1_247' title='bbox 458 3230 526 3273; x_wconf 91' lang='lat' dir='ltr'><strong>nam</strong></span> <span class='ocrx_word' id='word_1_248' title='bbox 544 3210 597 3271; x_wconf 84' lang='lat' dir='ltr'><strong>llei</strong></span> <span class='ocrx_word' id='word_1_249' title='bbox 614 3212 750 3291; x_wconf 91' lang='lat' dir='ltr'><strong>paradiso</strong></span> <span class='ocrx_word' id='word_1_250' title='bbox 772 3215 804 3272; x_wconf 91' lang='lat' dir='ltr'><strong>in</strong></span> <span class='ocrx_word' id='word_1_251' title='bbox 828 3213 933 3273; x_wconf 91' lang='lat' dir='ltr'><strong>divinis</strong></span> <span class='ocrx_word' id='word_1_252' title='bbox 956 3214 1082 3293; x_wconf 90' lang='lat' dir='ltr'><strong>eloquiis</strong></span> <span class='ocrx_word' id='word_1_253' title='bbox 1106 3227 1272 3295; x_wconf 88' lang='lat' dir='ltr'><strong>comparata</strong></span> <span class='ocrx_word' id='word_1_254' title='bbox 1297 3226 1352 3279; x_wconf 89' lang='lat' dir='ltr'><strong>est.</strong></span> 
     </span>
     <span class='ocr_line' id='line_1_32' title="bbox 344 3301 1352 3385; baseline 0.004 -24"><span class='ocrx_word' id='word_1_255' title='bbox 344 3301 423 3361; x_wconf 90' lang='lat' dir='ltr'><strong>Haec</strong></span> <span class='ocrx_word' id='word_1_256' title='bbox 444 3309 547 3381; x_wconf 89' lang='lat' dir='ltr'><strong>postea</strong></span> <span class='ocrx_word' id='word_1_257' title='bbox 570 3318 658 3379; x_wconf 90' lang='lat' dir='ltr'><strong>quam</strong></span> <span class='ocrx_word' id='word_1_258' title='bbox 686 3308 763 3360; x_wconf 92' lang='lat' dir='ltr'><strong>tacta</strong></span> <span class='ocrx_word' id='word_1_259' title='bbox 785 3301 822 3360; x_wconf 88' lang='lat' dir='ltr'><strong>de</strong></span> <span class='ocrx_word' id='word_1_260' title='bbox 847 3301 926 3361; x_wconf 89' lang='lat' dir='ltr'><strong>caelo</strong></span> <span class='ocrx_word' id='word_1_261' title='bbox 950 3311 1008 3383; x_wconf 87' lang='lat' dir='ltr'><strong>est,</strong></span> <span class='ocrx_word' id='word_1_262' title='bbox 1036 3305 1113 3364; x_wconf 91' lang='lat' dir='ltr'><strong>sicut</strong></span> <span class='ocrx_word' id='word_1_263' title='bbox 1136 3304 1255 3365; x_wconf 93' lang='lat' dir='ltr'><strong>illorum</strong></span> <span class='ocrx_word' id='word_1_264' title='bbox 1278 3324 1352 3385; x_wconf 92' lang='lat' dir='ltr'><strong>quo-</strong></span> 
     </span>
     <span class='ocr_line' id='line_1_33' title="bbox 344 3387 1352 3470; baseline 0.005 -21"><span class='ocrx_word' id='word_1_265' title='bbox 344 3408 401 3467; x_wconf 89' lang='lat' dir='ltr'><strong>que</strong></span> <span class='ocrx_word' id='word_1_266' title='bbox 434 3387 598 3449; x_wconf 88' lang='lat' dir='ltr'><strong>adtestatur</strong></span> <span class='ocrx_word' id='word_1_267' title='bbox 629 3388 750 3449; x_wconf 89' lang='lat' dir='ltr'><strong>historia</strong></span> <span class='ocrx_word' id='word_1_268' title='bbox 783 3397 813 3448; x_wconf 90' lang='lat' dir='ltr'><strong>et</strong></span> <span class='ocrx_word' id='word_1_269' title='bbox 840 3407 920 3450; x_wconf 90' lang='lat' dir='ltr'><strong>nunc</strong></span> <span class='ocrx_word' id='word_1_270' title='bbox 950 3390 985 3450; x_wconf 94' lang='lat' dir='ltr'><strong>ab</strong></span> <span class='ocrx_word' id='word_1_271' title='bbox 1013 3394 1057 3451; x_wconf 90' lang='lat' dir='ltr'><strong>eis</strong></span> <span class='ocrx_word' id='word_1_272' title='bbox 1085 3394 1137 3470; x_wconf 92' lang='lat' dir='ltr'><strong>qui</strong></span> <span class='ocrx_word' id='word_1_273' title='bbox 1164 3394 1286 3455; x_wconf 88' lang='lat' dir='ltr'><strong>veniunt</strong></span> <span class='ocrx_word' id='word_1_274' title='bbox 1314 3394 1352 3454; x_wconf 93' lang='lat' dir='ltr'><strong>ad</strong></span> 
     </span>
     <span class='ocr_line' id='line_1_34' title="bbox 343 3475 1351 3557; baseline 0.007 -20"><span class='ocrx_word' id='word_1_275' title='bbox 343 3476 407 3537; x_wconf 91' lang='lat' dir='ltr'><strong>loca</strong></span> <span class='ocrx_word' id='word_1_276' title='bbox 433 3475 481 3537; x_wconf 92' lang='lat' dir='ltr'><strong>illa</strong></span> <span class='ocrx_word' id='word_1_277' title='bbox 514 3476 711 3555; x_wconf 87' lang='lat' dir='ltr'><strong>conspicitur,</strong></span> <span class='ocrx_word' id='word_1_278' title='bbox 733 3476 902 3555; x_wconf 85' lang='lat' dir='ltr'><strong>prodigiosa</strong></span> <span class='ocrx_word' id='word_1_279' title='bbox 935 3478 1058 3557; x_wconf 84' lang='lat' dir='ltr'><strong>iuligine</strong></span> <span class='ocrx_word' id='word_1_280' title='bbox 1088 3479 1209 3541; x_wconf 91' lang='lat' dir='ltr'><strong>horrori</strong></span> <span class='ocrx_word' id='word_1_281' title='bbox 1240 3490 1285 3543; x_wconf 91' lang='lat' dir='ltr'><strong>est</strong></span> <span class='ocrx_word' id='word_1_282' title='bbox 1320 3492 1351 3543; x_wconf 89' lang='lat' dir='ltr'><strong>et</strong></span> 
     </span>
    </p>
   </div>
   <div class='ocr_carea' id='block_1_3' title="bbox 411 3584 1022 3655">
    <p class='ocr_par' dir='ltr' id='par_1_3' title="bbox 411 3584 1022 3655">
     <span class='ocr_line' id='line_1_35' title="bbox 411 3584 1022 3655; baseline 0.007 -17"><span class='ocrx_word' id='word_1_283' title='bbox 411 3588 455 3654; x_wconf 84' lang='lat'><strong>30)</strong></span> <span class='ocrx_word' id='word_1_284' title='bbox 474 3584 541 3639; x_wconf 78' lang='lat' dir='ltr'><strong>(len.</strong></span> <span class='ocrx_word' id='word_1_285' title='bbox 563 3590 661 3650; x_wconf 84' lang='lat'><strong>13,10.</strong></span> <span class='ocrx_word' id='word_1_286' title='bbox 717 3589 761 3655; x_wconf 82' lang='lat'><strong>32)</strong></span> <span class='ocrx_word' id='word_1_287' title='bbox 780 3585 845 3639; x_wconf 85' lang='lat' dir='ltr'><strong>Tac.</strong></span> <span class='ocrx_word' id='word_1_288' title='bbox 865 3586 937 3641; x_wconf 81' lang='lat' dir='ltr'><strong>Hisb.</strong></span> <span class='ocrx_word' id='word_1_289' title='bbox 958 3592 983 3655; x_wconf 80' lang='lat' dir='ltr'><strong>b,</strong></span> <span class='ocrx_word' id='word_1_290' title='bbox 1000 3593 1022 3642; x_wconf 78' lang='lat' dir='ltr'><strong>l.</strong></span> 
     </span>
    </p>
   </div>
   <div class='ocr_carea' id='block_1_4' title="bbox 340 3708 1356 3832">
    <p class='ocr_par' dir='ltr' id='par_1_4' title="bbox 340 3708 1356 3832">
     <span class='ocr_line' id='line_1_36' title="bbox 410 3708 1356 3785; baseline 0.008 -24"><span class='ocrx_word' id='word_1_291' title='bbox 410 3713 426 3761; x_wconf 83' lang='lat'>9</span> <span class='ocrx_word' id='word_1_292' title='bbox 448 3724 558 3759; x_wconf 82' lang='lat' dir='ltr'><strong>narsum</strong></span> <span class='ocrx_word' id='word_1_293' title='bbox 582 3708 676 3776; x_wconf 58' lang='lat' dir='ltr'><strong>RGm</strong></span> <span class='ocrx_word' id='word_1_294' title='bbox 700 3724 795 3760; x_wconf 87' lang='lat' dir='ltr'><strong>rursus</strong></span> <span class='ocrx_word' id='word_1_295' title='bbox 813 3708 924 3778; x_wconf 82' lang='lat' dir='ltr'><strong>Abepo</strong></span> <span class='ocrx_word' id='word_1_296' title='bbox 947 3712 956 3779; x_wconf 77' lang='lat' dir='ltr'><strong>ll</strong></span> <span class='ocrx_word' id='word_1_297' title='bbox 980 3716 1013 3763; x_wconf 83' lang='lat'><strong>20</strong></span> <span class='ocrx_word' id='word_1_298' title='bbox 1037 3710 1110 3765; x_wconf 87' lang='lat' dir='ltr'><strong>alius</strong></span> <span class='ocrx_word' id='word_1_299' title='bbox 1133 3728 1199 3778; x_wconf 68' lang='lat' dir='ltr'><strong>mom</strong></span> <span class='ocrx_word' id='word_1_300' title='bbox 1222 3712 1288 3767; x_wconf 74' lang='lat' dir='ltr'><strong>talis</strong></span> <span class='ocrx_word' id='word_1_301' title='bbox 1309 3729 1326 3768; x_wconf 84' lang='lat' dir='ltr'><strong>o</strong></span> <span class='ocrx_word' id='word_1_302' title='bbox 1345 3716 1356 3785; x_wconf 88' lang='grc' dir='ltr'><strong>ΙΙ</strong></span> 
     </span>
     <span class='ocr_line' id='line_1_37' title="bbox 340 3778 618 3832; baseline 0 -1"><span class='ocrx_word' id='word_1_303' title='bbox 340 3784 373 3831; x_wconf 78' lang='lat'><strong>21</strong></span> <span class='ocrx_word' id='word_1_304' title='bbox 392 3778 534 3832; x_wconf 80' lang='lat' dir='ltr'><strong>redditum</strong></span> <span class='ocrx_word' id='word_1_305' title='bbox 552 3778 618 3831; x_wconf 85' lang='lat' dir='ltr'><strong>Abe</strong></span> 
     </span>
    </p>
   </div>
   <div class='ocr_carea' id='block_1_5' title="bbox 0 0 1646 4459">
    <p class='ocr_par' dir='ltr' id='par_1_5' title="bbox 0 0 1646 4459">
     <span class='ocr_line' id='line_1_38' title="bbox 0 0 1646 4459; baseline 0 0"><span class='ocrx_word' id='word_1_306' title='bbox 0 0 1646 4459; x_wconf 95' lang='lat' dir='ltr'><strong> </strong></span> 
     </span>
    </p>
   </div>
  </div>
 </body>
</html>
