3284 4459
536 502 577 543 mr
591 501 733 543 omnm
747 501 928 542 nmnxm
942 500 965 541 o.
979 502 1011 542 ro.
1025 502 1058 541 rr.
1233 485 1299 550 251

290 639 365 698 deo:
388 636 534 712 Aequitas
553 638 661 696 dileoit
678 642 715 708 te,
738 642 769 694 et
792 653 909 714 sponsa,
931 652 1006 713 quae
1030 634 1072 695 ibi
1094 635 1189 695 audit:
1215 635 1301 694 Cari-

291 733 340 786 tos
367 728 399 785 io
427 727 545 786 deliciis
571 727 639 784 tois.
684 723 783 783 Tacita
812 723 904 783 multa
933 725 1095 784 transimus
1117 740 1190 784 enra
1212 722 1302 783 buius

291 815 392 893 operis
415 811 601 874 terminandi.

683 1017 799 1084 Cornu
821 1017 908 1082 XXI.

291 1150 340 1210 De
363 1149 487 1222 repibos
507 1154 576 1224 post
598 1147 785 1207 Salomonem
811 1148 875 1206 sive
897 1149 929 1206 io
951 1145 1032 1205 ludo
1054 1148 1117 1206 sive
1139 1148 1171 1205 io
1194 1145 1337 1206 israele

384 1269 483 1330 Ceteri
510 1276 578 1347 post
601 1267 786 1328 Salomonem
817 1287 903 1346 reges
925 1266 1130 1328 Hebraeorum
1152 1269 1200 1328 vir
1222 1271 1302 1328 inve·

181 1363 182 1370 ’
285 1361 419 1419 niuntur
447 1375 501 1436 per
528 1356 623 1434 aliqua
651 1357 813 1436 aenigmata
842 1357 989 1417 dictorum
1019 1374 1143 1416 suorum
1164 1371 1303 1417 rerumve

293 1456 460 1526 gestarum,
483 1443 562 1524 quod
585 1444 620 1504 ed
645 1443 795 1505 Christum
819 1453 849 1506 et
872 1444 1026 1504 ecclesium
1050 1447 1215 1523 pertineat,
1233 1462 1302 1523 pro

294 1535 448 1615 pbetasse,
475 1535 535 1593 sive
563 1535 593 1592 in
616 1531 687 1592 lude
719 1536 779 1594 sive
803 1535 834 1595 in
857 1532 956 1593 lsrael.
1003 1531 1052 1592 Sin
1075 1535 1153 1593 enim
1177 1532 1302 1612 appella·

295 1633 342 1682 tae
371 1629 441 1682 sunt
468 1621 546 1681 illius
574 1621 675 1700 populi
702 1631 815 1702 partes,
842 1639 879 1682 ex
909 1638 968 1699 quo
991 1629 1114 1700 propter
1137 1619 1302 1681 Salomonis
1322 1635 1355 1682 10

295 1712 438 1771 offensam
466 1718 599 1788 tempore
628 1709 678 1768 filii
707 1713 770 1770 eins
799 1709 943 1788 Roboam,
973 1710 1024 1788 qui
1051 1710 1129 1787 patri
1158 1711 1303 1770 suecessit

295 1801 327 1860 in
358 1815 499 1876 regnum,
531 1797 591 1856 Deo
605 1837 607 1842 ·
622 1798 786 1858 vindicante
815 1798 926 1857 divisus
956 1804 1010 1856 est.
1055 1795 1183 1857 Proinde
1206 1795 1303 1858 tribus

206 1893 209 1900 '
296 1887 410 1965 decem,
433 1903 505 1964 quas
524 1887 637 1964 accepit
655 1885 841 1963 Hieroboam,
864 1902 968 1945 servus
988 1883 1162 1963 Salomonis,
1185 1903 1237 1945 rex
1260 1888 1303 1945 eis

252 1973 257 1979 ’
296 1977 329 2035 in
352 1973 482 2034 Samaria
505 1977 697 2055 constitutus,
724 1975 844 2053 proprIe
866 1971 1047 2032 vocabantur
1068 1971 1174 2052 lsrael,
1202 1991 1302 2052 quam-

296 2064 341 2122 vis
364 2061 421 2121 boe
444 2064 574 2122 universi
602 2062 680 2121 illius
703 2061 804 2141 populi
827 2077 935 2120 nomen
958 2069 1046 2121 esset.
1091 2060 1210 2121 Duabus
1234 2080 1302 2121 vero
1323 2076 1356 2129 15

297 2149 452 2230 tribubus,
474 2149 563 2210 ludae
586 2149 698 2210 seilicet
720 2161 751 2210 et
774 2149 938 2228 beniamin,
961 2165 1036 2227 qnae
1059 2157 1182 2228 propter
1204 2147 1304 2231 David,

297 2257 335 2302 ne
355 2239 475 2317 penitus
494 2256 617 2316 regnum
636 2240 738 2316 stirpis
761 2241 826 2298 eius
849 2237 954 2298 luisset
976 2236 1166 2316 eradicatum,
1189 2255 1304 2298 reman-

298 2334 400 2387 serant
426 2324 613 2386 subiaeentes
641 2328 751 2386 civitati
772 2324 974 2405 Hierusalem,
995 2323 1084 2384 Iudae
1108 2343 1216 2386 nomen
1239 2327 1304 2405 l'nit,

298 2417 369 2492 quia
390 2416 455 2492 ipsa
481 2421 545 2474 erat
572 2413 667 2474 tribus
695 2414 773 2474 unde
796 2412 895 2473 David.
939 2412 1092 2473 beniamin
1114 2431 1185 2472 vero
1207 2412 1305 2473 tribus

298 2501 392 2562 altera
418 2502 455 2563 ad
477 2502 556 2562 idern
578 2521 717 2580 regnum,
745 2505 824 2563 sicut
845 2501 919 2580 dixi,
945 2503 1098 2580 pertinens
1121 2512 1197 2581 erat,
1226 2501 1304 2562 unde
1322 2522 1357 2570 oo

298 2591 357 2652 luit
384 2589 455 2651 Saul
481 2608 534 2650 rex
561 2597 628 2650 ante
652 2590 751 2651 David.
797 2589 856 2650 Sed
884 2589 972 2650 simul
1000 2591 1073 2649 istae
1101 2589 1175 2650 duae
1200 2588 1305 2670 tribus,

299 2687 334 2738 ut
357 2678 468 2738 dictum
492 2687 551 2758 est,
572 2676 644 2739 luda
667 2677 860 2757 rodebantur,
882 2685 913 2738 et
935 2677 991 2737 boe
1015 2679 1133 2737 nomine
1156 2678 1305 2738 disceme-

299 2765 410 2827 bantur
437 2765 472 2826 ab
500 2765 604 2846 lsrael,
632 2767 709 2845 quod
740 2765 961 2846 appellabantur
985 2768 1104 2845 proprie
1128 2766 1232 2826 decem
1253 2769 1305 2833 tri-

300 2853 358 2914 bus
385 2853 528 2914 babentes
555 2872 642 2915 suum
670 2873 778 2933 regem.
827 2853 900 2915 Nam
928 2853 1026 2914 tribus
1052 2852 1138 2933 Levi,
1167 2857 1306 2933 qnoniam

301 2941 492 3002 sacerdotalis
511 2943 575 3020 init,
598 2942 659 3022 Hei,
683 2961 741 3002 non
759 2961 863 3020 regum
882 2944 1002 3002 servitio
1025 2944 1197 3022 mancipata,
1219 2947 1307 3004 tertia
1324 2964 1358 3013 25

299 3030 415 3091 decima
443 3029 662 3092 numerabatur.
706 3031 812 3110 loseph
842 3032 951 3110 quippe
981 3049 1059 3090 unus
1087 3048 1124 3091 ex
1151 3030 1307 3092 duodecim

295 3118 369 3178 tiliis
388 3117 487 3198 lsrael,
509 3135 568 3178 non
588 3137 684 3198 unam,
707 3121 785 3180 sieut
807 3121 900 3179 ceteri
922 3118 1061 3198 singulas,
1084 3118 1136 3178 sed
1159 3119 1233 3180 duas
1256 3123 1307 3189 tri-

303 3205 358 3267 bus
389 3207 474 3286 ieoit,
504 3205 650 3285 Ephraem
680 3215 710 3268 et
741 3207 903 3268 Manassen.
952 3205 1061 3267 Verum
1091 3215 1190 3268 tamen
1219 3210 1308 3268 etiam

303 3292 399 3354 tribus
417 3292 488 3354 Levi
505 3293 540 3354 ad
559 3311 683 3373 regnum
703 3294 999 3374 Hierosolymitanum
1017 3294 1184 3373 pertinebat
1208 3299 1307 3375 magis,

302 3380 354 3441 ubi
372 3391 436 3442 erat
455 3380 507 3442 Dei
526 3383 679 3464 templum,
701 3385 750 3443 cui
769 3381 923 3443 serviebat.
969 3382 1066 3443 Diviso
1085 3384 1175 3461 igitur
1197 3383 1306 3462 populo
1326 3413 1360 3463 30

377 3530 403 3596 1)
422 3525 500 3580 eone.
521 3531 545 3593 1,
560 3531 577 3578 4
595 3523 696 3594 (mxx).
747 3525 774 3591 o)
793 3521 872 3576 dant.
892 3527 917 3589 r,
932 3526 956 3575 s.
1007 3524 1051 3590 14)
1071 3526 1094 3574 1.
1109 3521 1178 3592 neg.
1198 3525 1240 3577 12.

377 3761 411 3810 28
429 3769 557 3810 manasse
576 3752 707 3817 Ruen-
724 3752 760 3817 ef.
779 3750 1011 3821 Neue-Wup.⁸I,
1025 3755 1090 3805 881.
