3284 4459
551 498 591 538 os
605 497 749 538 urrunnu
763 499 816 538 nm
830 499 857 538 n.
871 499 945 538 xvn.
959 498 982 539 c.
996 499 1028 538 rr.
1233 482 1299 552 233

289 641 396 707 mento,
420 634 561 712 Domine,
585 634 642 692 nisi
666 639 699 691 ut
720 634 889 692 miserearis
905 641 943 692 et
965 650 1019 710 pro
1039 631 1165 692 tolerata
1178 633 1298 710 patien-

290 732 336 782 ter
369 720 537 782 'humilitate
574 738 638 780 mea
678 719 783 780 reddas
820 718 1039 800 celsitudinem,
1075 737 1164 797 quam
1195 721 1300 781 iurasti

291 809 379 870 David
404 811 434 869 in
454 811 575 869 veritate
595 804 668 868 tua?
706 807 736 872 Si
760 817 859 868 autem
877 807 993 868 ludaeis
1015 808 1204 885 adsignemus
1227 808 1300 868 haeo

185 921 186 924 ¹
291 896 387 977 verba,
410 897 452 958 illi
476 899 553 957 servi
577 895 630 956 Dei
653 895 721 956 talia
745 896 844 956 dicere
867 905 1038 977 potuerunt,
1061 899 1113 974 qui
1135 906 1299 974 expugnata

291 993 410 1046 terrena
439 983 639 1064 Hierusalem,
666 994 821 1062 autequam
853 984 936 1045 lesus
964 983 1100 1045 Christus
1129 984 1335 1046 humanituss

290 1083 478 1154 nasceretur,
504 1075 535 1132 in
566 1074 764 1150 captivitatem
786 1072 869 1133 ducti
891 1080 970 1152 sunt,
993 1072 1197 1150 intellegentes
1220 1091 1299 1133 com·

291 1165 483 1223 mutationem
516 1160 641 1241 Christi,
674 1163 741 1239 qnia
772 1161 885 1221 scillcet
914 1179 973 1222 non
1002 1179 1058 1240 per
1085 1179 1153 1221 eum
1181 1170 1300 1222 terrena

292 1251 476 1328 carnalisque
506 1250 644 1328 felicitae,
672 1249 765 1327 qualis
793 1251 895 1327 paucis
925 1251 1009 1310 annis
1032 1251 1111 1326 regis
1136 1248 1300 1310 Salomonis

292 1341 436 1418 apparuit,
460 1338 511 1399 sed
531 1337 665 1398 caelestis
684 1355 718 1398 ac
737 1337 879 1416 spiritalis
897 1345 977 1398 esset
995 1337 1120 1398 fideliter
1143 1341 1299 1416 expectan-

291 1428 339 1508 da,
377 1444 464 1506 quam
497 1434 569 1486 tunc
608 1427 748 1504 ignorans
779 1425 935 1484 infidelitas
967 1427 1114 1504 gentium,
1146 1443 1214 1486 cum
1246 1425 1300 1486 Dei
1320 1439 1353 1490 10

290 1515 432 1594 populum
461 1513 610 1575 exultabat
639 1522 726 1591 atque
756 1510 917 1574 insultabat
945 1531 1011 1572 esse
1034 1515 1198 1592 captivum,
1228 1513 1299 1592 quid

291 1603 369 1668 aliud
390 1621 477 1681 quam
492 1601 602 1662 Christi
617 1603 886 1682 commutationem,
905 1600 956 1661 sed
977 1600 1140 1662 scientibus
1154 1604 1301 1683 nesciens,

291 1687 510 1770 exprobrabat?
546 1689 583 1750 Et
613 1689 680 1750 ideo
711 1689 789 1768 quod
820 1691 972 1770 sequitur,
1003 1687 1054 1750 ubi
1083 1688 1213 1768 psalmus
1243 1693 1302 1752 iste

291 1778 493 1840 concluditur:
525 1780 700 1840 Benedictio
724 1780 904 1844 Dominiin
935 1786 1106 1839 oeternum:
1135 1781 1207 1852 fiai,
1233 1783 1301 1858 lint,

292 1871 430 1928 universo
461 1867 569 1946 populo
599 1866 650 1926 Dei
679 1866 714 1927 ad
744 1865 900 1926 caelestem
923 1864 1108 1927 Hierusalem
1137 1868 1302 1945 pertinenti
1320 1882 1354 1931 15

292 1959 353 2017 sire
377 1958 407 2015 in
432 1955 503 2035 illis,
526 1957 577 2034 qui
600 1954 730 2015 latebant
752 1957 782 2014 in
805 1961 983 2014 testamento
1007 1963 1121 2034 vetere,
1143 1963 1301 2034 antequam

292 2044 474 2104 revelaretur
498 2061 619 2125 novum,
650 2045 765 2108 sivein
788 2041 849 2115 bis,
872 2044 1002 2120 quiiam
1026 2051 1202 2103 testamento
1226 2063 1301 2103 noro

291 2132 419 2192 revelato
444 2132 597 2191 maniieste
621 2132 770 2209 pertinere
794 2138 958 2190 cernuntur
981 2128 1017 2189 ad
1041 2129 1209 2211 Christum,
1230 2135 1301 2192 satis

291 2223 438 2298 congruit.
476 2218 647 2280 Benedictio
671 2221 779 2297 quippe
799 2217 915 2278 Domini
938 2220 968 2278 in
986 2215 1104 2278 ¹semine
1128 2217 1217 2280 David
1242 2238 1300 2279 non

292 2309 328 2369 ad
352 2307 469 2386 aliquod
494 2309 624 2387 tempuS,
648 2307 742 2386 qualis
765 2305 871 2366 diebus
895 2304 1059 2366 Salomonis
1082 2310 1225 2388 apparuit,
1249 2307 1354 2370 sedeo

291 2400 322 2457 in
347 2407 501 2458 aeternum
525 2395 668 2474 speranda
692 2404 750 2478 est,
781 2398 811 2455 in
836 2412 893 2472 qua
916 2396 1080 2454 certissima
1104 2413 1156 2472 spe
1179 2396 1300 2458 dicitur:

291 2488 378 2560 Fini,
405 2487 472 2558 fini.
519 2483 599 2544 illius
627 2486 704 2544 enim
734 2486 797 2562 spei
824 2491 871 2542 est
900 2483 1084 2542 confirmatio
1107 2482 1190 2543 verbi
1213 2483 1301 2544 huius

291 2575 418 2636 iteratio.
464 2570 527 2632 lloc
546 2591 616 2650 ergo
636 2571 810 2650 intellegens
830 2570 919 2630 David
938 2573 979 2631 ait
996 2573 1027 2630 in
1045 2570 1176 2631 secundo
1196 2589 1303 2649 regno

291 2680 359 2722 rum
389 2659 479 2740 libro,
509 2660 587 2720 unde
616 2660 650 2720 ad
679 2662 768 2720 istum
797 2658 942 2738 psalmum
970 2658 1095 2737 digressi
1118 2677 1234 2720 sumus:
1262 2661 1303 2723 Ei

291 2755 411 2811 locutos
430 2767 461 2809 es
476 2767 535 2824 pro
555 2751 641 2810 domo
658 2752 804 2810 servitui
825 2751 857 2808 in
875 2751 1078 2822 lonoioqoom.
1115 2747 1184 2807 ldeo
1202 2758 1300 2808 autem
1320 2763 1355 2812 25

291 2848 362 2917 post
383 2836 536 2918 paululum
553 2839 612 2897 ait:
645 2838 733 2898 Nnne
757 2839 857 2912 incipe
880 2844 910 2895 et
931 2837 1057 2896 benedic
1080 2838 1199 2896 domum
1220 2841 1303 2898 serni

291 2929 339 2986 ini
360 2944 455 3000 nsque
479 2929 509 2985 in
529 2935 686 2986 oeternum
705 2933 736 2985 ct
753 2934 861 3004 cetera,
884 2925 953 3001 quia
971 2932 1043 2984 tunc
1060 2925 1215 3000 geniturus
1238 2934 1303 2986 erat

291 3014 394 3093 hlium,
417 3031 454 3073 ex
477 3030 536 3091 qno
560 3015 716 3091 progenies
739 3015 804 3072 cius
827 3011 987 3072 duceretur
1011 3011 1225 3093 adChristum,
1247 3032 1302 3092 per

292 3119 382 3180 quem
412 3101 511 3162 lutura
542 3110 607 3161 erat
635 3101 740 3161 domus
768 3103 833 3170 eius
861 3108 980 3159 aeterna
1008 3099 1169 3178 eademque
1197 3100 1302 3162 domus

293 3189 356 3250 Dei.
407 3188 518 3250 [lomus
548 3192 627 3249 enim
657 3188 747 3249 [levid
779 3197 902 3267 propter
936 3206 1031 3266 genus
1061 3187 1164 3268 David3
1196 3189 1302 3251 domus
1321 3206 1356 3253 30

292 3287 393 3338 autem
413 3276 466 3337 Dei
485 3277 586 3337 eadem
605 3281 667 3356 ipsa
691 3287 812 3356 propter
837 3275 977 3354 templum
997 3275 1050 3336 [lei
1074 3275 1109 3336 de
1133 3276 1302 3340 bominibus

292 3365 413 3445 iactum,
436 3383 496 3425 non
515 3366 551 3425 de
570 3365 725 3445 lapidibus,
748 3364 799 3425 ubi
818 3363 931 3424 habitet
948 3366 979 3423 in
998 3373 1152 3425 aeternum
1175 3365 1302 3444 populus

293 3471 361 3513 cerm
386 3453 446 3514 Deo
475 3460 505 3513 et
532 3455 562 3513 in
587 3453 646 3513 Deo
677 3471 748 3535 suo,
776 3461 806 3513 et
830 3451 909 3512 lleus
937 3470 1005 3513 cum
1027 3451 1136 3532 populo
1160 3461 1247 3531 atque
1271 3456 1302 3512 in

293 3541 404 3620 populo
433 3559 501 3622 suo;
530 3543 569 3602 ita
600 3549 633 3602 ut
661 3540 739 3601 [leus
770 3543 808 3601 sit
831 3539 956 3618 implens
978 3540 1120 3620 populum
1145 3559 1244 3627 suuni,
1272 3550 1302 3601 et

292 3630 421 3708 populus
451 3629 557 3709 plenus
581 3629 640 3689 Deo
665 3648 732 3710 suo,
760 3647 828 3689 cum
852 3627 931 3687 Deus
955 3631 1012 3688 erit
1034 3630 1131 3687 omnia
1154 3629 1185 3688 in
1209 3631 1299 3688 omni·
1320 3640 1355 3688 35

366 3739 408 3820 14²>
428 3763 473 3816 rs.
492 3769 537 3832 ss
557 3769 591 3818 so
610 3755 683 3840 sqqq
706 3767 751 3831 er)
769 3769 793 3817 s.
815 3750 888 3816 Sam.
908 3766 934 3830 r,
953 3768 1000 3816 192
1019 3767 1061 3817 es.
