3284 4459
553 510 594 549 nn
607 509 750 551 omrarn
762 511 817 551 nm
830 510 855 551 n.
869 510 944 553 xxm
958 508 977 554 u
995 512 1016 553 o.
1219 496 1283 559 563

279 644 358 725 quod
381 647 420 705 sit
443 653 582 723 receptus
604 647 635 704 in
659 644 743 723 deos,
771 645 917 706 creditum
941 652 1044 705 tenent
1066 645 1194 726 litterae,
1226 663 1284 705 non

278 735 389 794 iactum
408 733 523 793 docent.
568 731 662 793 Nullis
681 736 790 812 quippe
814 751 916 793 rerum
939 732 1116 794 mirabilium
1141 736 1232 812 signis
1254 734 1284 794 id

279 826 306 882 ei
334 840 404 882 vere
431 823 602 900 provenisse
631 830 821 882 monstratur.
868 820 949 900 Lupa
972 825 1081 901 quippe
1104 821 1151 881 illa
1176 824 1285 901 nutrix,

279 910 357 989 quod
388 909 505 971 videtur
534 910 619 989 quasi
648 928 786 989 magnum
820 912 953 970 extitisse
983 919 1168 991 portentum,
1199 899 1305 990 quale*

279 1008 331 1059 aut
353 1007 496 1077 quantum
519 1005 565 1059 est
592 998 628 1058 ad
655 998 917 1058 demonstrandum
940 995 1049 1059 deum?
1095 997 1181 1059 Certe
1206 1001 1319 1059 enimn

280 1090 336 1148 etsi
355 1106 415 1147 non
433 1088 575 1147 meretrix
594 1087 651 1146 luit
668 1086 737 1165 lupa
755 1086 812 1168 illa,
835 1086 888 1147 sed
911 1085 1013 1167 bestia,
1037 1104 1105 1147 cum
1129 1105 1285 1148 commune

279 1177 371 1237 luerit
403 1174 562 1254 ambobus,
598 1176 690 1235 irater
727 1183 825 1236 tamen
857 1176 922 1235 eius
954 1192 1013 1235 non
1045 1174 1171 1235 habetur
1203 1176 1286 1236 deus.

280 1264 354 1335 Quis
381 1272 480 1323 autem
506 1263 674 1342 prohibitus
704 1272 751 1323 est
782 1272 834 1324 aut
860 1262 1017 1323 Romulum
1048 1271 1099 1323 aut
1128 1262 1284 1324 Herculem

280 1361 332 1413 aut
355 1351 428 1412 alios
450 1350 523 1412 tales
546 1351 681 1411 homines
704 1352 776 1411 deos
798 1352 898 1411 dicere
921 1361 951 1411 et
974 1354 1049 1411 mori
1072 1352 1175 1412 maluit
1197 1371 1285 1431 quam

281 1457 340 1501 non
364 1435 484 1501 dicere?
528 1443 587 1500 Aut
610 1458 680 1499 vero
703 1441 799 1518 aliqua
821 1443 954 1519 gentium
978 1440 1089 1500 coleret
1111 1443 1190 1501 inter
1213 1440 1284 1500 deos
1305 1453 1338 1502 10

276 1546 351 1600 ⁴suos
369 1528 535 1602 Romulum,
559 1530 616 1588 nisi
634 1527 758 1589 Romani
777 1531 905 1588 nominis
924 1537 1019 1589 metus
1039 1526 1180 1607 cogeret?
1212 1529 1285 1600 Quis

279 1635 370 1697 porro
394 1625 539 1699 numeret,
562 1635 649 1696 quam
674 1617 757 1677 multi
781 1615 964 1695 quantalibet
986 1620 1105 1677 saevitia
1128 1616 1284 1679 crudelita-

280 1707 319 1765 tis
360 1704 454 1765 occidi
496 1723 584 1783 quam
625 1704 775 1766 Christum
816 1705 910 1765 Deum
951 1722 1058 1784 negare
1095 1703 1285 1767 maluerunt?

281 1792 408 1853 Proinde
432 1802 529 1854 metus
553 1793 713 1872 quamlibet
735 1793 807 1853 levis
830 1793 1048 1874 indignationis,
1072 1812 1145 1874 quae
1169 1794 1205 1855 ab
1225 1796 1284 1855 ani·

280 1884 336 1940 mis
360 1881 572 1961 Romanorum,
602 1884 628 1941 si
651 1899 709 1941 non
733 1883 831 1959 deret,
857 1900 944 1960 posse
966 1882 1125 1961 putabatur
1149 1886 1339 1965 existerem

281 1968 473 2048 compellebat
504 1969 616 2048 aliquas
652 1972 785 2030 civitates
820 1972 931 2049 positas
969 1969 1024 2031 sub
1057 1973 1122 2031 iure
1155 1971 1285 2031 Romano

280 2066 428 2135 tamquam
460 2057 549 2118 deum
581 2057 678 2117 colere
708 2057 880 2136 Romulum3
910 2075 926 2117 a
954 2057 1070 2119 Christo
1098 2067 1196 2120 autem
1225 2060 1285 2120 Deo

281 2164 340 2205 non
369 2145 464 2205 solnm
491 2145 628 2225 colendo,
655 2163 759 2205 rerum
787 2148 874 2205 etiam
903 2146 1068 2207 confitendo
1099 2155 1209 2207 tantam
1232 2166 1287 2225 per

279 2236 360 2298 orbis
378 2244 476 2295 terrae
490 2235 613 2313 populos
627 2241 789 2312 martyrum
804 2233 1023 2293 multitudinem
1039 2240 1135 2292 metus
1150 2251 1288 2293 revocare

279 2344 339 2385 non
357 2327 453 2403 potuit
471 2343 530 2383 non
548 2323 620 2383 levis
639 2322 810 2382 offensionis
827 2323 1000 2397 animorum,
1020 2321 1072 2381 sed
1086 2324 1288 2381 inmensarum
1307 2334 1340 2384 20

281 2407 485 2483 variarumque
504 2422 666 2483 poenarum
685 2413 715 2464 et
737 2407 830 2484 ipsius
854 2408 966 2483 mortis,
990 2422 1064 2484 quae
1088 2404 1154 2483 plus
1178 2408 1286 2465 ceteris

280 2492 463 2553 formidatur.
509 2492 612 2572 Neque
645 2501 716 2553 tunc
744 2495 845 2554 civitas
874 2492 1000 2573 Christi,
1030 2496 1161 2571 quamvis
1189 2494 1284 2554 adbuc

280 2583 521 2661 peregrinaretur
547 2583 578 2641 in
606 2584 695 2641 terris
723 2591 753 2641 et
774 2581 897 2641 haberet
920 2590 1018 2642 tamen
1041 2598 1213 2659 magnorum
1236 2601 1284 2661 ag·

280 2672 359 2729 mina
385 2670 576 2749 populorum,
604 2670 745 2730 adversus
772 2672 878 2749 impios
905 2676 1114 2748 persecutores
1137 2688 1217 2734 suos¹
1230 2689 1284 2750 pro

281 2758 435 2837 temporali
458 2758 551 2819 salute
575 2760 728 2837 pugnavit3
751 2757 803 2818 sed
827 2760 940 2838 potius,
963 2767 997 2819 ut
1020 2756 1167 2819 obtineret
1191 2768 1283 2820 aeter·
1303 2770 1337 2819 ‘tt

281 2864 363 2927 nam,
393 2864 452 2905 non
479 2849 661 2925 repugnavit.
706 2844 887 2925 ligabantur
914 2846 1153 2927 includebantur,
1183 2847 1284 2908 caede·

280 2933 388 2994 bantur
411 2933 634 3015 torquebantur,
657 2934 820 2995 urebantur
844 2934 1040 3016 laniabantur,
1062 2935 1286 2997 trucidabantur

280 3031 372 3081 -et
396 3021 672 3100 multiplicabantur.
718 3022 783 3082 Non
807 3032 871 3083 erat
893 3026 937 3083 eis
959 3042 1013 3103 pro
1037 3023 1130 3083 salute
1153 3042 1284 3103 pugnare
1363 3032 1365 3037 '

281 3112 336 3170 nisi
361 3110 484 3171 salutem
507 3128 561 3188 pro
586 3110 734 3170 Salvatore
757 3118 956 3171 contemnere.

370 3198 437 3258 Scio
460 3201 491 3257 in
515 3197 590 3258 libro
614 3196 765 3259 Ciceronis
788 3201 891 3279 tertio,
915 3200 971 3259 nisi
993 3198 1091 3279 fallor,
1114 3199 1151 3259 de
1174 3218 1207 3259 re
1230 3218 1283 3277 pu·
1304 3213 1338 3260 30

349 3311 393 3378 ao>
412 3307 441 3363 e.
461 3315 503 3364 aa.

350 3474 365 3520 3
383 3484 447 3521 vere
465 3485 515 3523 om.
531 3469 558 3521 A
571 3469 581 3537 11
596 3474 628 3521 17
647 3470 680 3523 dc
694 3470 833 3523 uocabulis
846 3470 929 3523 deum
944 3475 968 3523 et
982 3470 1034 3523 deo
1048 3472 1150 3525 errauit
1162 3470 1265 3536 Hoffm.
1280 3473 1289 3540 11

280 3545 313 3594 18
332 3540 443 3592 tantum
456 3540 484 3594 R
502 3541 511 3607 11
531 3543 610 3607 18sq.
629 3555 680 3608 per
698 3540 772 3594 orbis
790 3542 882 3594 terrae
901 3559 925 3606 ες
944 3557 994 3609 per
1013 3541 1108 3595 orbem
1125 3544 1217 3596 terrae
1233 3542 1290 3595 ΗΑ

278 3610 335 3666 rell.
359 3627 390 3676 υς
416 3610 451 3675 ct.
476 3613 540 3675 565,
556 3613 640 3678 258q.
664 3613 673 3680 11
694 3610 813 3679 populos
832 3612 972 3681 R²A¹ep3
997 3612 1117 3680 populus
1136 3612 1223 3666 R¹A¹
1242 3616 1256 3679 (
1267 3614 1289 3678 1.

279 3681 372 3735 odrwt.
383 3680 505 3747 ed.11.);
518 3696 567 3734 om.
581 3679 716 3752 Gaobyo
729 3684 739 3751 11
751 3682 909 3735 martirium
923 3684 985 3752 A¹9
999 3686 1007 3751 11
1021 3682 1203 3737 multitudine
1212 3683 1271 3737 Ra
1280 3683 1291 3756 11

278 3754 376 3805 metu'u
395 3752 423 3805 R
436 3754 445 3819 11
459 3755 493 3803 20
512 3751 666 3804 occasionis
685 3752 725 3818 R3
743 3752 790 3806 sed
808 3756 908 3821 cfl14;
926 3758 1039 3819 562,14

1023 3842 1076 3895 36*
