3284 4459
551 521 593 562 uu
607 521 749 564 emmens
762 523 816 564 um
829 524 856 566 n
871 524 933 566 m
946 524 969 564 c.
982 526 1003 565 s.
1222 511 1283 577 35]

692 757 810 825 Ourur
829 758 871 825 II.

284 873 348 977 qu
372 890 458 948 modo
481 891 602 949 remotis
621 889 756 951 omnibns
780 889 970 964 differentias,
993 907 1072 964 quoe
1094 906 1154 979 noo
1177 897 1288 967 sectae,

278 978 339 1060 sed·
356 979 546 1051 quaestiones
569 979 642 1050 mot,
675 977 719 1035 od
748 980 932 1053 tripertitam
958 980 1067 1038 summi
1089 978 1287 1052 bonidefim'-

295 1075 298 1144 Ἰ
325 1117 327 1136 ³
360 1066 469 1124 tionem
499 1064 597 1126 Vorro
616 1067 785 1142 perveniat,
808 1082 939 1140 qnorum
962 1072 1062 1126 tamen
1085 1083 1148 1126 uno
1169 1070 1209 1126 sit

295 1153 299 1162 ’
710 1155 859 1229 erigendo.
1307 1166 1324 1215 o

298 1313 313 1344 -;
370 1275 403 1337 tu
431 1275 527 1338 tribus
555 1294 673 1356 quoque
701 1275 759 1338 illis
787 1279 864 1338 vitae
890 1275 1065 1359 generibus,
1091 1296 1151 1339 uno
1175 1277 1290 1340 scilicet

281 1383 340 1442 uon
364 1368 509 1446 segniter,
532 1364 583 1426 sed
606 1368 637 1428 iu
660 1364 907 1444 contemplatione
930 1364 976 1425 vel
998 1366 1190 1444 inquisitione
1212 1368 1288 1427 veri·

280 1455 349 1514 tatis
372 1455 481 1529 otioso,
509 1453 602 1514 altero
629 1455 659 1514 in
688 1454 826 1532 gerendis
853 1452 944 1514 rebus
966 1453 1103 1515 humanis
1126 1457 1288 1536 negotioso,
1319 1478 1345 1493 »·

280 1543 369 1603 tertio
393 1560 428 1602 ex
452 1549 580 1620 utroque
610 1559 719 1621 genere
743 1549 920 1621 temperato,
948 1559 1017 1602 cum
1040 1545 1193 1621 quaeritur
1216 1543 1287 1622 quid

279 1630 386 1690 horum
410 1631 450 1690 sit
471 1633 570 1709 potius
593 1630 770 1710 eligendum,
792 1647 852 1691 non
876 1631 943 1691 finis
965 1628 1035 1691 boui
1059 1629 1147 1692 habet
1169 1640 1286 1693 contro-
1308 1643 1342 1693 ιο

278 1719 419 1798 versiam3
447 1717 498 1778 sed
527 1718 598 1796 quid
628 1718 735 1780 horum
758 1720 850 1779 trium
872 1717 1076 1780 difficultatem
1099 1719 1144 1780 vel
1167 1719 1287 1781 facilita-

280 1815 341 1868 tem
359 1806 473 1867 adierat
491 1807 526 1867 ad
550 1806 792 1884 consequendum
815 1806 861 1867 rel
886 1806 1074 1867 retinendum
1097 1807 1185 1868 finem
1209 1808 1288 1888 boni,

280 1895 310 1955 id
333 1898 364 1954 in
388 1896 443 1954 ista
467 1897 639 1973 quaestione
662 1902 805 1956 versatur.
852 1893 933 1956 Finis
956 1897 1035 1955 enim
1057 1894 1137 1976 boui,
1160 1915 1229 1958 cum
1251 1895 1286 1957 ad

281 2001 349 2044 eum
380 1985 505 2061 quisque
537 1985 720 2064 pervenerit,
747 1984 884 2061 protinus
913 1982 1031 2044 beatum
1060 1984 1142 2065 iccit3
1171 1987 1203 2045 iu
1226 1987 1288 2045 otio

280 2079 380 2132 autem
398 2070 538 2151 litterato,
561 2071 608 2131 vel
625 2073 656 2132 in
674 2073 792 2150 negotio
815 2070 944 2151 publico,
965 2070 1011 2132 rel
1034 2072 1150 2150 quando
1174 2081 1287 2134 utrum·
1308 2084 1342 2133 15

282 2177 340 2239 quc
372 2157 485 2220 vicibus
518 2161 629 2240 agitur,
666 2177 724 2220 non
762 2161 903 2221 continuo
941 2162 1066 2239 quisque
1098 2159 1202 2222 heatus
1233 2170 1287 2223 est

281 2247 365 2309 uniti
389 2249 499 2326 quippe
522 2250 553 2308 in
577 2247 708 2326 quolibet
731 2247 839 2308 horum
862 2250 953 2309 trium
974 2256 1101 2327 possunt
1123 2250 1234 2330 vivere,
1257 2259 1289 2312 ct

281 2339 313 2397 iu
335 2334 501 2415 appetendo
520 2334 591 2397 boni
608 2336 675 2417 tine,
698 2354 756 2415 quo
780 2335 813 2396 iit
835 2335 923 2396 homo
947 2335 1060 2417 beatus,
1083 2354 1193 2397 errare.
1225 2336 1289 2399 tua

281 2432 328 2486 cst
351 2425 441 2503 igitur
465 2426 598 2502 quaestio
622 2423 659 2485 de
681 2423 789 2485 fluibus
813 2423 960 2485 bonorum
983 2423 1189 2504 etmalorum,
1212 2443 1287 2504 quae

281 2528 518 2591 unamquamque
546 2511 789 2592 philosophorum
819 2520 931 2574 sectam
952 2513 1036 2594 iacit,
1065 2520 1095 2573 et
1122 2512 1194 2573 aliae
1218 2522 1290 2574 sunt
1305 2525 1341 2575 20

282 2602 471 2680 quaestiones
495 2600 531 2662 de
554 2600 654 2661 sociali
677 2603 744 2681 rita,
767 2601 804 2662 de
827 2603 1014 2663 cunctatione
1037 2600 1289 2684 Academicorum,

281 2690 319 2750 de
342 2690 449 2750 vestitu
473 2696 504 2750 et
525 2690 605 2749 victu
628 2687 821 2768 Cynicorum,
844 2688 880 2748 de
904 2688 1000 2751 tribus
1022 2691 1097 2749 vitae
1114 2689 1289 2771 generibus,

282 2778 387 2857 otioso,
410 2785 548 2857 actuoso,
571 2794 607 2837 ex
630 2784 758 2856 utroque
781 2776 961 2856 modificat03
984 2795 1108 2857 quarum
1132 2777 1211 2838 ordia
1234 2786 1289 2859 cst,
1347 2805 1351 2810 ·

281 2870 313 2926 in
328 2882 385 2945 qua
400 2864 437 2925 de
452 2863 598 2926 bonorum
612 2873 644 2926 et
657 2864 801 2927 malorum
814 2864 924 2926 tinibus
938 2865 1114 2944 disputatur.
1159 2865 1287 2927 Proinde

283 2955 422 3033 quoniam
444 2951 562 3013 Marcus
579 2950 670 3014 Varro
694 2952 746 3014 lias
770 2962 910 3032 quattuor
933 2953 1075 3014 adhibens
1098 2953 1288 3035 differentias,
1306 2965 1341 3015 to

282 3043 312 3103 id
335 3050 440 3104 estex
462 3042 521 3102 vita
544 3039 653 3120 sociali,
676 3060 712 3101 ex
730 3042 912 3102 Academicis
934 3044 1026 3121 novis,
1049 3059 1085 3102 ex
1104 3037 1229 3122 Cynicis,
1251 3061 1289 3104 ex

282 3133 340 3192 isto
367 3131 442 3190 ritae
470 3146 579 3207 genere
608 3131 756 3208 tripertito
784 3130 819 3191 ad
848 3138 943 3190 sectas
974 3130 1116 3191 ducentas
1139 3132 1288 3209 octogiuta

283 3227 350 3280 octo
371 3219 514 3298 pervenit,
538 3225 568 3278 ct
587 3219 705 3296 siquae
728 3218 801 3279 aliae
824 3226 949 3297 possunt
971 3216 1107 3279 similiter
1129 3218 1218 3279 adici:
1241 3237 1288 3279 re·

283 3309 370 3369 motis
398 3308 442 3367 eis
469 3304 623 3385 omnibus,
655 3307 793 3384 quoniam
824 3306 861 3366 de
894 3306 1033 3367 sectando
1062 3324 1177 3367 summo
1208 3305 1298 3367 bono-

283 3394 393 3456 nuliam
415 3394 549 3454 inierunt
571 3396 773 3472 quaestionem
797 3403 828 3456 et
849 3394 916 3456 idco
940 3403 1038 3455 sectae
1061 3412 1116 3455 nec
1140 3403 1210 3455 sunt
1231 3412 1288 3455 nec
1306 3408 1342 3456 30

282 3482 429 3545 vocandae
457 3490 543 3561 sunt,
574 3481 609 3542 ad
639 3481 703 3544 illas
731 3481 903 3564 duodecim,
933 3484 965 3543 in
995 3479 1103 3561 quibus
1126 3484 1288 3563 quaeritur,

282 3571 362 3651 quod
385 3573 424 3631 sit
446 3569 556 3630 bonum
581 3569 721 3652 hominis,
748 3589 806 3650 quo
831 3569 1027 3631 adsecuto·fit
1049 3569 1168 3653 heatus,
1195 3579 1229 3632 ut
1251 3588 1289 3632 cx

282 3716 494 3736 ...σφι-..-

299 3753 303 3782 ,¹
331 3747 340 3826 ¹>
358 3788 374 3836 8
393 3781 450 3838 sint
467 3783 515 3852 sm
534 3783 600 3835 suut
615 3797 676 3849 qqo
694 3781 703 3848 ΙΙ
721 3785 755 3834 28
774 3782 804 3834 et
822 3796 913 3848 expo
931 3782 941 3848 t
958 3744 992 3833 δέ
1011 3780 1114 3847 quido
