3284 4459
357 474 422 540 250
758 488 778 529 s.
792 487 957 530 sucosam

356 620 600 701 participantibus
631 623 825 682 ministratur.
878 621 952 681 Nam
983 623 1074 682 istum
1107 620 1300 681 ecclesiasten
1331 623 1365 682 in

357 710 412 770 bac
435 712 580 770 sententia
603 709 797 771 manducandi
821 719 851 770 et
874 709 1009 788 bibendi,
1032 727 1119 788 quam
1142 727 1229 787 saepe
1253 711 1367 787 repetit

356 798 576 878 plurimumque
596 799 789 877 commendat,
813 816 872 858 non
890 816 993 876 sapere
1013 798 1138 862 caruahs
1157 798 1259 876 epulas
1281 797 1364 857 volu·

357 888 456 968 ptatiS,
478 888 549 946 satis
572 885 643 946 illud
666 886 804 965 ostendit,
828 885 877 946 irbi
901 889 957 947 ait:
988 886 1098 947 Melius
1120 893 1165 948 est
1186 888 1234 946 ire
1255 889 1288 946 in
1311 888 1365 946 do·

321 986 436 1035 amun
463 977 562 1036 luctus
589 992 679 1049 quam
707 978 754 1035 ire
780 979 811 1035 in
840 977 959 1038 domurn
987 981 1093 1050 potns;
1118 983 1150 1034 et
1171 973 1259 1054 paulo
1282 982 1365 1052 post:

361 1064 432 1138 Cor,
455 1065 566 1142 inquit,
588 1067 768 1140 sapientium
790 1066 823 1124 in
846 1065 931 1123 domo
958 1067 1057 1123 luctus
1083 1069 1113 1123 et
1139 1080 1194 1123 cor
1220 1065 1365 1138 insipien·¹

357 1155 431 1212 tium
454 1155 485 1212 in
516 1153 602 1213 domo
629 1154 794 1227 epularum.
840 1150 898 1210 Sed
922 1150 993 1210 illud
1017 1153 1109 1229 magis
1132 1168 1365 1212 commemorans

357 1239 428 1300 dum
457 1242 593 1302 existimo
622 1239 658 1299 de
689 1239 744 1299 lroc
774 1238 865 1314 libro,
899 1239 976 1317 quod
1008 1241 1139 1317 pertinet
1165 1238 1201 1299 ad
1229 1241 1366 1300 civitates

357 1328 443 1408 duas,
467 1345 555 1388 uuam
576 1327 699 1408 diaboli,
722 1327 842 1387 alteram
866 1326 988 1406 Christi,
1017 1334 1047 1386 et
1069 1345 1171 1387 earum
1194 1344 1281 1406 reges
1303 1326 1365 1387 dia-

303 1429 340 1478 no
357 1415 458 1477 bolum
481 1425 512 1476 et
534 1415 697 1477 Christum:
736 1415 797 1476 Vue
819 1417 889 1489 tibi,
921 1423 1021 1490 terre,
1052 1417 1162 1495 inquit,
1194 1418 1282 1476 cuins
1305 1432 1367 1477 rex

356 1508 549 1580 adulescens,
576 1512 606 1565 ei
632 1507 787 1580 principes
810 1507 858 1564 tui
878 1520 967 1564 mune
988 1505 1155 1566 comedunt.
1199 1505 1298 1564 Beate
1321 1512 1365 1578 tu,

355 1600 452 1668 terre,
476 1596 564 1654 cuius
587 1611 644 1652 rex
667 1599 736 1652 tuns
755 1595 839 1666 lilius
860 1596 1069 1667 inpensarum,
1092 1599 1122 1652 ei
1139 1594 1297 1669 principes
1319 1595 1367 1653 tui

358 1684 390 1741 in
409 1688 541 1757 tempore
560 1682 727 1754 comedunt,
745 1680 983 1756 infortitudine,
1002 1686 1032 1741 et
1048 1698 1109 1742 aon
1127 1678 1364 1755 inconfusione.

358 1768 584 1830 adulescentem
611 1769 684 1828 dixit
714 1768 861 1829 diabolum
884 1777 1007 1847 propter
1029 1767 1184 1829 stultitiam
1207 1777 1237 1829 et
1259 1787 1364 1848 super·

304 1868 339 1916 at
357 1857 435 1916 biam
459 1865 488 1917 et
510 1859 705 1918 temeritatem
730 1866 759 1917 et
782 1856 972 1936 petulantiam
995 1865 1152 1935 ceteraque
1176 1859 1258 1936 vitia,
1287 1876 1363 1935 quae
1459 1846 1460 1919 J

357 1944 427 2006 huic
450 1947 538 2005 aetati
561 1945 693 2006 adsolent
716 1945 878 2025 abundare,
909 1943 1059 2005 Christum
1081 1954 1180 2004 autam
1203 1945 1295 2006 lilium
1319 1949 1362 2006 ln·
1459 1936 1460 2029 l

358 2052 536 2113 genuorum,
560 2040 729 2094 sanctorum
751 2033 865 2094 scilicet
886 2032 1128 2112 patriarcharum,
1150 2035 1363 2111 pertinentium
1459 2046 1460 2057 ¹

358 2121 393 2180 ad
417 2120 538 2181 liberam
567 2123 726 2201 civitatem,
757 2140 792 2180 ex
816 2120 924 2199 quibus
947 2129 993 2181 est
1015 2122 1045 2181 iu
1069 2139 1158 2182 carne
1181 2124 1362 2200 progenitus.

358 2209 513 2288 Principes
543 2209 621 2268 illius
649 2212 774 2269 civitatis
801 2227 885 2269 mmre
916 2208 1141 2289 manducantes,
1172 2209 1202 2269 id
1225 2219 1271 2270 est
1294 2219 1363 2271 ante
1459 2192 1460 2254 l

302 2309 339 2357 ao
358 2297 460 2358 horam
488 2315 661 2376 congruam,
688 2300 757 2376 quia
784 2315 843 2357 non
871 2305 1027 2376 expectant
1049 2307 1259 2378 opportunam,
1287 2317 1363 2377 qnae

358 2404 427 2446 vera
450 2395 508 2465 est,
536 2389 566 2446 in
595 2386 695 2446 luutro
725 2385 842 2446 saeculo
866 2385 1048 2466 felicitatem,
1074 2386 1249 2447 festinanter
1275 2386 1364 2447 ‚beari

358 2474 446 2536 buius
476 2473 585 2534 saeculi
613 2473 781 2534 celebritate
805 2476 971 2553 cupientes3
998 2475 1148 2552 principes
1169 2483 1269 2534 atatem
1293 2478 1363 2536 civi·

360 2565 428 2623 tatis
447 2561 557 2622 Christi
576 2571 692 2640 tempus
716 2580 774 2621 non
797 2561 909 2621 fallacis
932 2560 1120 2622 beatitudinis
1143 2565 1290 2640 patienter
1312 2582 1363 2623 ex·
1459 2558 1460 2639 l

358 2659 485 2730 pectant.
530 2649 592 2710 lloc
620 2653 673 2711 ait:
705 2650 742 2710 In
767 2649 960 2724 fortitudine,
988 2657 1018 2710 et
1037 2667 1098 2710 non
1122 2653 1153 2710 in
1177 2650 1363 2726 confusione,
1459 2666 1460 2717 ζ

302 2741 427 2817 asquia
459 2756 517 2798 non
547 2756 598 2798 eos
625 2738 697 2798 lallit
725 2755 808 2816 spes,
841 2738 877 2797 de
910 2756 967 2816 qua
995 2737 1067 2798 dicit
1093 2739 1256 2816 apostolus:
1288 2740 1364 2816 Spes
1459 2768 1460 2817 g

360 2834 459 2888 eutem
486 2844 546 2888 non
573 2825 731 2901 confundit
737 2847 748 2897 ;
779 2825 851 2886 dicit
878 2835 908 2886 et
935 2825 1078 2904 psalmus:
1109 2827 1227 2887 Etenim
1254 2831 1308 2902 qui
1334 2835 1365 2889 te
1459 2892 1460 2909 ,

359 2922 533 2991 expectant,
564 2933 622 2975 non
652 2913 885 2990 confundentur.
930 2913 990 2974 lam
1020 2931 1089 2973 vero
1119 2917 1266 2976 canticum
1294 2934 1364 2976 can·
1459 2912 1460 2955 3

359 3005 486 3063 tioornm
517 3003 656 3082 spiritalis
687 3002 829 3081 qttaedam
857 3011 1024 3064 sanctarum
1052 3011 1099 3062 est
1124 3003 1258 3082 voluptas
1280 3021 1363 3064 men

359 3093 434 3151 tium
457 3093 487 3151 in
506 3092 642 3169 coniugio
662 3090 739 3152 illius
762 3093 840 3170 regis
863 3101 894 3151 et
916 3093 1034 3169 reginae
1056 3092 1191 3171 civitatis,
1214 3091 1292 3171 quod
1316 3100 1365 3152 est

307 3193 341 3240 ao
361 3178 495 3240 Christus
514 3186 544 3240 et
562 3179 694 3241 ecclesia.
740 3178 797 3240 Sed
821 3179 894 3241 haec
916 3179 1051 3258 voluptas
1072 3179 1236 3258 allegoricis
1259 3183 1363 3259 tegmi-

361 3267 447 3329 nibus
475 3266 604 3328 involuta
633 3275 692 3348 est,
723 3278 757 3329 ut
784 3267 970 3328 desideretur
1000 3267 1151 3328 ardentius
1174 3268 1363 3347 nudeturque

358 3355 526 3435 iucundius
550 3365 580 3416 et
598 3367 735 3436 appareat
754 3374 889 3437 sponsus,
912 3357 961 3415 cui
983 3354 1092 3415 dicitur
1114 3358 1145 3415 in
1168 3357 1272 3417 eodem
1295 3374 1363 3417 can·

359 3561 381 3615 P
423 3491 566 3616 ,appius
588 3497 660 3560 r,3;
680 3496 703 3546 a.
743 3497 785 3560 13)
799 3491 840 3546 lb.
860 3498 901 3558 to,
921 3497 954 3546 rs
973 3509 1013 3559 sq.
1050 3492 1280 3559 aa)1tom.s,a.
1318 3494 1363 3560 ar)

383 3581 402 3616 a.
459 3605 465 3630 ,
502 3604 509 3617 .

427 3749 459 3795 at
475 3741 553 3796 beari
567 3759 616 3797 orn.
631 3743 658 3797 R
671 3743 680 3810 ll
694 3747 728 3794 22
742 3740 843 3796 celebr.
858 3739 942 3809 b¹pu3
956 3738 1030 3794 celer
1047 3741 1185 3797 Ranae
1200 3745 1311 3814 (mnrp.)
1325 3758 1364 3811 ep
