3284 4459
566 506 607 547 nn
620 506 763 548 orvrrnrn
776 507 830 547 om
844 507 869 548 1..
883 506 934 549 xx.
948 506 971 549 o.
986 510 1018 549 ro.
1236 492 1303 559 475

296 644 441 722 separatis
458 640 516 703 illis
533 640 710 721 hominibus,
733 640 850 720 quando
874 660 925 703 eos
949 660 1001 702 sua
1025 642 1061 703 de
1084 644 1220 722 paradiso
1244 646 1306 703 eie·¹

296 734 338 793 cit
355 732 504 811 iniqnitas,
526 729 622 789 eidem
638 729 719 808 ligno
738 731 948 809 circumposita
970 739 1017 791 est
1038 733 1125 809 ignea
1148 731 1301 795 terribilis·

296 838 355 899 que
379 814 533 879 custodia?

386 906 471 978 Quod
499 908 525 967 si
553 908 707 985 quisquam
734 904 800 966 illos
828 906 892 967 dies
914 906 986 985 ligni
1009 909 1102 989 vitae,
1125 926 1200 987 quos
1222 926 1302 969 com·

296 996 471 1057 memoravit
483 993 627 1073 propheto
640 992 750 1074 Esaias,
769 997 842 1054 istos
857 996 908 1072 qui
923 1012 1002 1055 nunc
1017 1004 1145 1073 aguntur
1160 996 1301 1057 ecclesiae
1321 1007 1337 1056 5

297 1085 409 1145 Christi
431 1082 579 1143 dioecese
602 1080 755 1143 contendit
777 1084 934 1161 ipsumque
954 1081 1105 1142 Christum
1127 1082 1238 1162 lignum
1261 1088 1302 1145 vi·

296 1182 344 1234 tae
363 1172 536 1251 prophetice
555 1171 675 1249 dictum,
698 1172 767 1248 quia
784 1173 847 1249 ipse
871 1178 917 1231 est
940 1171 1081 1249 sapientia
1101 1169 1162 1251 Dei,
1186 1172 1222 1232 de
1246 1190 1303 1250 qua

296 1259 435 1323 Salomon
468 1261 521 1319 ait:
553 1259 683 1334 bianum
714 1261 795 1319 ritae
821 1265 867 1319 cst
892 1260 1028 1320 omnibus
1056 1262 1303 1335 amplectentibus

295 1367 381 1419 earn
409 1365 464 1407 nec
495 1366 587 1408 annos
618 1348 712 1425 egisse
743 1346 858 1425 aliquos
884 1348 914 1405 in
944 1346 1079 1425 paradiso
1102 1346 1168 1407 illos
1190 1348 1302 1425 primos
1397 1375 1402 1386 ·

295 1437 439 1516 homines,
462 1434 541 1495 unde
565 1443 623 1495 tam
646 1436 705 1495 cito
728 1437 816 1495 eiecti
840 1443 923 1513 sunt,
948 1442 980 1495 ut
1004 1434 1116 1495 nullum
1139 1433 1180 1495 ihi
1202 1438 1355 1514 gigne-10

295 1533 365 1586 rent
392 1524 497 1602 tilium,
525 1532 556 1584 et
583 1522 649 1583 ideo
679 1540 738 1583 non
766 1540 854 1602 posse
882 1522 954 1584 illud
977 1531 1094 1602 tempus
1117 1523 1248 1603 intellegi
1270 1526 1302 1585 in

295 1631 332 1674 eo
360 1612 438 1691 quod
467 1611 579 1671 dictum
607 1619 666 1671 est:
694 1612 782 1672 Sicut
808 1612 915 1672 diebus
933 1614 1073 1689 pristinis
1095 1620 1125 1673 et
1146 1615 1225 1674 sicut
1248 1630 1302 1674 art·

295 1705 344 1763 rtis
371 1701 544 1777 prioribus:
573 1693 663 1759 ‘istam
694 1708 849 1778 praetereo
881 1702 1103 1781 quaestionem,
1135 1718 1172 1761 ne
1205 1718 1302 1781 cogar,

296 1788 376 1869 quod
405 1788 552 1867 prolixum
582 1795 643 1868 est,
670 1796 777 1848 cuncta
804 1788 969 1868 discutere,
997 1796 1030 1848 ut
1056 1788 1166 1867 aliquid
1195 1788 1303 1850 horum

295 1880 405 1937 veritas
434 1877 588 1936 manifesta
618 1876 780 1936 confirmet
825 1874 916 1935 Video
944 1879 1053 1955 quippe
1081 1876 1205 1937 alterum
1236 1886 1355 1949 sen-*15

296 1982 376 2046 sum,
404 1983 442 2024 ne
465 1964 528 2024 dies
555 1966 697 2044 pristinos
720 1972 751 2023 et
773 1982 866 2024 annos
889 1966 1005 2043 priores
1029 1964 1188 2025 carnalium
1213 1968 1301 2026 sacri-

283 2055 431 2114 ·dciorum
451 2052 536 2112 nobis
554 2070 609 2131 pro
627 2069 732 2131 magno
755 2069 880 2112 munere
903 2070 957 2131 per
980 2052 1154 2131 prophetam
1176 2056 1301 2131 promis·
1363 2124 1366 2130 ¹

295 2161 346 2203 sos
373 2143 464 2201 luisse
492 2140 656 2201 credamus.
701 2139 819 2200 hostiae
848 2157 975 2218 namque
1002 2140 1067 2199 illae
1097 2143 1206 2201 veteris
1228 2142 1302 2220 legis

294 2234 326 2291 in
355 2229 521 2309 quibusque
549 2226 708 2307 pecoribus
736 2228 928 2288 inmaculatae
952 2246 985 2288 ac
1009 2231 1072 2289 sine
1095 2228 1155 2289 ullo
1177 2247 1302 2308 prorsus

296 2320 366 2380 vitio
389 2316 568 2377 iubebantur
591 2317 708 2397 ollerri,
735 2325 765 2376 ct
793 2315 996 2395 significabant
1018 2316 1152 2376 homines
1175 2327 1301 2398 sanctos,
1320 2329 1355 2377 20

295 2405 392 2487 qualis
414 2404 495 2465 solus
517 2406 654 2464 inventus
678 2412 724 2465 est
746 2402 898 2483 Christus,
922 2407 984 2465 sine
1008 2404 1067 2464 ullo
1091 2407 1210 2465 omnino
1233 2424 1301 2485 pec·

296 2504 370 2557 cato.
421 2491 549 2553 Proinde
582 2495 648 2571 quia
680 2501 748 2571 post
779 2492 939 2571 iudicium,
971 2510 1038 2552 crim
1071 2494 1183 2554 luerint
1214 2496 1301 2555 etiam

294 2587 364 2663 igne
393 2580 538 2661 mundati,
564 2583 616 2659 qui
644 2583 708 2641 eius
737 2581 815 2641 modi
843 2580 1032 2641 mundatione
1057 2590 1126 2641 sunt
1149 2581 1242 2661 digni,
1270 2585 1301 2643 in

295 2671 435 2732 omuibus
454 2671 564 2729 sanctis
579 2668 692 2729 nullum
710 2672 878 2729 invenietur
892 2671 1011 2728 omnino
1030 2678 1194 2751 peccatum,
1212 2680 1300 2750 atque

295 2763 337 2822 ita
369 2777 401 2820 se
433 2760 514 2837 ipsos
545 2758 670 2817 oderent
700 2759 730 2818 in
758 2759 884 2837 iustitia,
916 2766 950 2817 ut
977 2757 1049 2817 tales
1078 2758 1191 2818 hostiae
1222 2763 1302 2821 omni
1321 2771 1355 2819 25

295 2847 384 2910 modo
411 2844 604 2907 inmaculatae
631 2862 666 2905 ac
696 2847 759 2905 sine
787 2845 847 2905 ullo
875 2848 946 2905 vitio
973 2848 1033 2907 sint
1055 2847 1185 2927 iuturae,
1214 2857 1303 2908 erunt

295 2936 430 3016 proiecto
461 2936 539 2994 sicut
565 2935 699 3013 pristinis
731 2932 836 2993 diebus
865 2942 894 2994 et
924 2934 1002 2995 sicut
1029 2937 1114 2994 annis
1142 2936 1302 3018 prioribus,

296 3024 414 3103 quando
443 3024 474 3083 in
501 3020 606 3082 umbra
634 3020 723 3081 buius
750 3023 795 3081 rei
824 3022 942 3082 suturae
965 3022 1173 3083 mundissimae
1198 3025 1301 3085 ollere·

295 3111 405 3173 bantur
432 3111 554 3170 hostiae.
598 3108 677 3169 llaec
705 3111 763 3169 erit
792 3127 918 3189 namque
942 3111 1086 3171 munditia
1110 3120 1180 3172 tunc
1204 3114 1234 3171 in
1257 3114 1301 3171 in·

295 3200 413 3261 mortali
440 3215 529 3259 carne
558 3215 593 3257 ac
619 3208 719 3258 mente
747 3206 932 3279 sanctorum,
959 3216 1034 3277 quae
1062 3198 1243 3277 figurabatur
1270 3202 1301 3260 in
1320 3211 1355 3260 30

295 3287 411 3349 illarum
435 3285 610 3365 corporibus
632 3286 805 3347 hostiarum.

385 3374 495 3437 Deinde
513 3382 636 3453 propter
656 3392 716 3454 eoS,
739 3377 869 3452 quinon
888 3373 1086 3455 mundatione,
1109 3374 1160 3434 sed
1185 3376 1301 3435 damna·

295 3468 376 3526 tione
395 3472 465 3524 sunt
483 3463 575 3542 digni:
599 3463 639 3524 Et
656 3465 810 3536 accedam,
836 3464 940 3542 inquit,
963 3466 1123 3524 obrosio
1147 3465 1302 3539 iudicium,

367 3617 395 3682 9)
413 3616 493 3673 Prov.
512 3621 538 3684 3,
557 3620 598 3671 18.
677 3606 680 3612 ’

367 3775 400 3824 lb
413 3770 564 3825 manifeste
577 3770 706 3841 R¹Go93
722 3771 885 3825 manifestet
899 3771 952 3839 1t¹;
968 3770 1150 3825 manifestate
1164 3773 1300 3842 Aaaepo
