3284 4459
556 512 597 554 ou
610 511 754 554 emonam
767 512 821 552 oar
834 512 860 553 a.
875 512 950 553 xm.
965 512 987 553 o.
1002 514 1034 554 eo.
1239 498 1302 563 601

295 657 467 709 nostrorum
504 656 671 726 temporum
712 646 841 707 infelicia
882 649 1083 727 experimenta
1125 647 1305 710 docuerunt:

295 754 369 797 num
392 738 549 815 quisquam
566 736 695 796 veridica
719 738 833 796 ratione
856 735 1016 796 contendet
1038 742 1134 797 totum
1157 735 1305 815 digestum

296 825 389 885 fuisse
412 842 466 903 per
488 826 564 884 imos
585 831 715 896 meatus,
738 822 812 883 nihil
834 823 902 883 inde
926 825 956 883 ia
981 826 1045 884 eius
1068 842 1188 885 earnem
1210 832 1304 885 muta·

296 922 360 974 tum
383 920 471 991 atque
490 929 675 992 conversum,
697 929 766 971 cum
788 914 852 990 ipsa
875 914 993 993 macies,
1016 930 1090 991 quac
1113 913 1170 973 tuit
1192 921 1222 973 et
1245 932 1305 973 non

297 1009 352 1082 est,
375 1003 446 1061 satis
464 1000 575 1061 indicet
594 1017 669 1078 quae
687 998 746 1059 illis
764 1002 841 1060 escis
864 1000 1040 1061 detrimenta
1064 1000 1198 1080 suppleta
1221 998 1304 1063 sint?
1323 1014 1339 1063 5

295 1088 358 1149 lam
389 1090 489 1168 itaque
521 1088 617 1167 aliqua
646 1087 733 1167 paulo
760 1095 828 1148 ente
855 1090 1011 1168 praemisi,
1043 1105 1117 1167 quae
1147 1089 1183 1149 ad
1213 1092 1304 1151 istum

296 1194 415 1256 quoque
453 1175 563 1237 nodum
601 1176 773 1236 solvendum
810 1175 906 1236 valere
944 1174 1104 1238 debebunt.
1155 1177 1304 1256 Quidquid

297 1268 376 1326 enim
396 1267 529 1326 carnium
549 1264 685 1326 exhausit
707 1265 808 1339 fames,
831 1266 934 1343 utique
958 1266 988 1325 in
1011 1282 1098 1325 auras
1122 1273 1168 1326 est
1190 1266 1304 1325 exhala-

295 1362 374 1434 tum,
401 1354 480 1415 unde
509 1354 636 1415 diximus
665 1354 896 1431 omnipotentem
920 1352 1014 1414 Deum
1040 1372 1128 1433 posse
1157 1371 1305 1434 revocare,

297 1442 375 1521 quod
399 1442 482 1521 fugit.
527 1441 679 1501 Reddetur
702 1459 773 1519 ergo
796 1459 865 1501 caro
888 1440 936 1502 illa
958 1439 1080 1522 homini,
1102 1444 1133 1501 in
1157 1459 1215 1520 quo
1239 1460 1304 1502 esse
1325 1456 1358 1505 10

297 1549 366 1590 caro
389 1531 515 1591 humana
533 1532 672 1610 primitus
691 1531 797 1608 coepit.
842 1527 886 1588 Ab
909 1528 959 1589 illo
984 1532 1092 1608 quippe
1115 1529 1208 1590 altero
1232 1537 1304 1591 tam·

297 1637 385 1698 quam
412 1628 516 1679 mutuo
545 1627 662 1697 sumpta
685 1617 852 1697 deputanda
876 1625 936 1698 est;
964 1636 1039 1696 quae
1063 1620 1141 1679 sicut
1163 1635 1213 1679 ecs
1237 1618 1306 1679 alie-

296 1725 369 1768 num
391 1709 420 1768 ei
442 1705 624 1767 redhibenda
647 1714 706 1786 est,
736 1705 815 1767 unde
839 1712 956 1785 sumpta
979 1714 1034 1767 est.
1080 1706 1140 1767 Sua
1161 1724 1232 1767 vero
1255 1705 1306 1787 illi,

296 1814 385 1874 quem
409 1796 502 1856 fames
525 1796 717 1875 exinanierat,
739 1792 776 1855 ab
800 1812 844 1875 eo,
868 1796 919 1872 qui
940 1802 1040 1873 potest
1063 1797 1151 1855 etiam
1174 1794 1304 1855 exhalata

296 1902 445 1963 revocare,
468 1881 619 1944 reddetur.
664 1881 803 1953 Quamvis
827 1884 885 1942 etsi
906 1882 1043 1943 omnibus
1060 1885 1189 1962 perisset
1210 1882 1306 1943 modis
1326 1896 1359 1946 15

297 1990 353 2033 nec
375 1972 435 2033 ulla
458 1973 524 2031 eius
546 1971 686 2031 materies
713 1972 745 2031 in
767 1969 835 2030 ullis
858 1978 980 2031 naturae
1004 1970 1125 2032 latebris
1148 1973 1305 2031 remansis·

297 2069 352 2140 set,
375 2060 454 2120 unde
474 2057 569 2138 vellet,
592 2076 657 2120 eam
680 2065 834 2138 repararet
852 2056 1055 2138 Omnipotens.
1102 2058 1160 2119 Sed
1183 2067 1307 2139 propter

297 2150 474 2209 sententiam
505 2145 662 2227 Veritatis,
695 2164 752 2226 qua
784 2146 896 2208 dictum
934 2154 992 2208 est:
1033 2147 1165 2223 Capillus
1198 2151 1307 2223 capitis

297 2238 392 2297 vestri
413 2253 474 2297 noa
493 2237 616 2315 peribit,
638 2234 800 2295 absurdam
824 2242 879 2316 est,
901 2242 935 2295 ut
956 2244 1104 2315 putemus,
1127 2255 1195 2296 cum
1219 2236 1306 2315 capil—

296 2323 344 2384 lus
362 2323 490 2384 hominis
508 2324 607 2402 perire
627 2341 687 2382 non
704 2324 807 2403 possit,
828 2330 925 2383 tantas
944 2341 1048 2383 carnes
1072 2324 1147 2384 same
1171 2323 1307 2403 depastas
1326 2338 1361 2387 20

297 2420 386 2490 atque
409 2419 600 2489 consumptas
622 2413 721 2490 perire
744 2413 886 2490 potuisse.

386 2498 501 2571 Quibus
527 2499 666 2560 omnibus
695 2517 750 2578 pro
778 2508 881 2559 nostro
904 2499 1023 2560 modulo
1047 2499 1242 2561 consideratis
1264 2509 1306 2562 at·

298 2607 356 2667 que
386 2590 518 2649 tractatis
545 2587 618 2647 haec
642 2605 756 2647 summa
778 2587 948 2668 conficitur,
975 2596 1010 2649 ut
1031 2590 1062 2647 in
1085 2590 1306 2650 resurrectione

298 2678 397 2738 carnis
414 2678 447 2737 iu
465 2685 619 2738 aeternum
639 2693 689 2736 eas
707 2693 862 2736 mensures
885 2674 991 2736 habeat
1014 2694 1173 2755 corporum
1197 2679 1307 2755 magni-

297 2765 383 2846 tudo,
412 2783 485 2845 quas
514 2763 641 2825 habebat
669 2763 866 2843 perficiendae
894 2766 954 2824 sire
982 2764 1131 2843 perfectae
1162 2767 1306 2844 cuiusque
1325 2778 1359 2827 25

296 2853 391 2914 indita
410 2855 529 2933 corpori
548 2855 623 2914 ratio
641 2854 813 2933 iuventutis,
836 2854 867 2911 in
886 2851 1087 2913 membrorum
1107 2871 1226 2932 quoque
1245 2872 1306 2913 om·

297 2944 382 3003 nium
411 2941 539 3002 modulis
569 2958 701 3020 congruo
732 2940 839 3000 decore
868 2948 993 3001 servato.
1039 2940 1124 3011 Quod
1154 2941 1246 3002 decus
1273 2950 1307 3003 ut

298 3039 448 3111 servetur,
471 3031 497 3089 si
519 3028 630 3107 aliquid
653 3028 804 3107 demptum
828 3029 918 3089 suerit
939 3029 1089 3089 indecenti
1111 3030 1199 3091 alicui
1221 3047 1306 3107 gran·

297 3117 382 3177 ditati
410 3120 440 3177 in
467 3125 551 3196 parte
580 3115 676 3194 aliqua
704 3117 896 3196 constitutae,
923 3116 1002 3195 quod
1029 3134 1084 3196 per
1107 3125 1202 3180 totum
1226 3134 1306 3196 spar-

298 3214 394 3287 gatur,
416 3212 451 3266 ut
473 3222 570 3283 neque
593 3204 624 3265 id
652 3212 754 3283 pereat
777 3212 806 3264 et
830 3207 1022 3283 congruentia
1045 3208 1171 3284 partium
1197 3204 1307 3283 ubique
1326 3219 1360 3267 30

299 3301 449 3355 teneatur:
473 3310 533 3352 non
556 3301 603 3353 est
625 3291 800 3371 absurdum,
823 3301 858 3353 ut
880 3292 989 3371 aliquid
1012 3293 1080 3353 inde
1104 3296 1191 3354 etiam
1216 3301 1307 3354 statu-

299 3400 349 3442 rae
373 3383 507 3461 corporis
525 3379 593 3440 addi
614 3397 702 3459 posse
725 3380 890 3462 credamus,
913 3399 981 3441 cum
1004 3380 1142 3442 omnibus
1165 3380 1308 3462 partibus,

298 3479 333 3531 ut
355 3471 493 3532 decorem
516 3468 697 3548 custodiant,
719 3467 750 3527 id
773 3467 971 3549 distribuitur,
995 3469 1074 3548 quod
1097 3471 1122 3529 si
1146 3472 1308 3530 enormiter

298 3560 328 3618 in
352 3576 411 3618 una
434 3564 527 3637 esset,
549 3559 652 3635 utique
676 3574 736 3616 non
759 3555 888 3617 deceret.
933 3557 992 3617 Aut
1015 3559 1041 3617 si
1064 3557 1253 3618 contenditur
1275 3560 1307 3618 in

369 3787 402 3835 10
420 3785 446 3835 et
465 3786 498 3836 15
515 3779 642 3836 redditur
658 3778 686 3833 R
703 3778 712 3846 ΙΙ
732 3782 764 3830 13
782 3774 937 3831 redibenda
956 3774 1091 3845 RAep¹p
