3284 4459
349 490 415 555 614
745 502 767 542 a.
786 502 952 543 auonsrnu

317 678 319 683 -
350 639 487 699 admonet
523 657 591 698 eum
627 656 701 717 quae
738 655 857 697 sursum
890 646 959 697 surrt
977 655 1103 716 ,sapere
1156 637 1249 697 Porro
1283 641 1364 698 mira

350 726 510 808 mobilitas,
537 744 613 805 quae
641 727 755 804 linguae
780 743 813 785 ac
837 724 972 785 manibus
994 724 1143 786 adtributa
1166 734 1225 806 est,
1255 726 1292 787 ed
1317 726 1363 787 lo·

350 814 500 893 quendum
519 823 549 875 et
567 813 756 875 scribendum
771 822 838 892 apta
856 821 944 892 atque
963 817 1142 874 conveniens
1161 822 1191 875 et
1209 814 1245 874 ad
1265 833 1361 895 opera

350 905 457 964 artium
480 902 674 982 plurimarum
698 903 923 979 officiorumque
946 901 1132 982 complenda,
1162 920 1261 963 nonne
1284 906 1361 964 satis

315 990 492 1072 hostendit,
519 989 597 1070 quali
625 993 737 1050 animae
765 999 799 1050 ut
826 992 951 1049 serviret
978 990 1035 1050 tale
1058 992 1098 1050 sit
1121 1009 1230 1070 corpus
1253 990 1360 1051 adiun-

350 1076 452 1139 ctum?
480 1096 656 1158 quamquam
684 1086 715 1138 et
737 1078 877 1139 detractis
900 1077 1127 1138 necessitatibus
1151 1078 1294 1158 operandi
1318 1082 1360 1139 ita

350 1169 481 1228 omnium
500 1170 628 1247 partium
648 1168 839 1244 congruentia
858 1184 1015 1226 numerosa
1039 1169 1078 1226 sit
1100 1174 1131 1227 et
1153 1165 1278 1246 pulchra
1300 1167 1361 1227 sibi

350 1254 494 1335 parilitate
522 1255 713 1335 respondeat,
740 1263 773 1315 ut
801 1256 915 1313 nescias
944 1263 1045 1315 utrum
1074 1257 1106 1315 in
1135 1273 1171 1315 eo
1201 1254 1359 1315 condendo

352 1346 443 1406 maior
462 1347 501 1405 sit
518 1344 653 1405 utilitatis
671 1343 769 1403 hahita
788 1345 864 1401 ratio
884 1360 972 1420 quiam
995 1343 1120 1403 decoris.
1166 1341 1254 1404 Certe
1278 1347 1362 1405 enim

300 1445 332 1495 to
351 1432 424 1494 nihil
452 1432 585 1494 videmus
615 1440 747 1491 creatum
774 1434 806 1491 in
829 1449 954 1509 corpore
984 1431 1120 1491 utilitatis
1148 1449 1249 1513 carisa,
1278 1433 1361 1510 quod

351 1540 410 1582 non
437 1520 543 1581 haheat
573 1522 661 1582 etiam
690 1519 805 1579 decoris
835 1519 942 1579 locum.
986 1518 1058 1578 Plus
1086 1528 1184 1579 antem
1213 1519 1299 1580 nohis
1329 1520 1360 1579 id

351 1617 515 1689 appareret,
539 1611 566 1669 si
588 1626 728 1669 numeros
752 1625 971 1687 mensurarum,
995 1606 1103 1685 quibus
1126 1610 1205 1667 inter
1229 1625 1262 1668 se
1286 1626 1361 1668 cun-

351 1708 398 1759 cta
421 1716 533 1759 conexa
551 1705 620 1757 sunt
638 1704 669 1756 et
687 1704 828 1775 coaptata,
852 1713 1021 1775 nossemus3
1044 1714 1119 1774 quos
1143 1697 1267 1756 forsitan
1290 1696 1361 1757 data

351 1803 441 1865 opera
459 1788 490 1846 in
508 1785 564 1865 lais,
586 1802 661 1865 quae
680 1785 752 1843 loris
775 1786 915 1863 eminent,
937 1782 1065 1844 humana
1087 1791 1188 1863 posset
1211 1786 1360 1863 vestigare

300 1886 332 1935 15
351 1874 493 1954 sollertia3
521 1892 596 1952 quae
623 1889 692 1931 vero
723 1880 801 1932 tecta
828 1879 899 1931 sunt
926 1880 956 1931 et
978 1891 995 1931 a
1018 1874 1128 1932 nostris
1151 1880 1265 1932 remota
1288 1891 1360 1952 con·

352 1960 512 2042 spectihus,
535 1963 623 2021 sicuti
641 1967 687 2020 est
710 1970 790 2020 tanta
812 1959 1000 2039 perplexitas.
1014 1978 1155 2020 venarum
1178 1969 1266 2039 atque
1290 1979 1361 2021 ner·

351 2067 455 2110 vorum
478 2058 508 2109 et
530 2053 686 2130 viscerum,
710 2056 825 2109 secreta
847 2048 992 2122 vitalium,
1015 2050 1148 2109 invenire
1172 2048 1271 2108 nullus
1293 2059 1361 2127 pot-

280 2163 282 2167 ’
352 2146 405 2199 est.
456 2138 531 2209 Quia
564 2140 620 2197 etsi
656 2136 837 2197 medicorum
867 2136 1017 2214 diligentia
1049 2136 1189 2196 nonnulla
1220 2136 1362 2217 crudelis,

353 2245 427 2306 quos
459 2228 638 2286 anatomicos
670 2224 834 2306 appellant,
866 2224 984 2284 laniavit
1014 2242 1138 2302 corpora
1170 2233 1361 2286 mortuorum

299 2327 334 2377 ao
353 2318 413 2375 sive
437 2317 525 2375 etiam
548 2316 626 2373 inter
654 2330 758 2372 manus
781 2314 909 2373 secantis
932 2315 1206 2391 perscrutantisque
1230 2315 1361 2374 morien·

354 2392 426 2464 tium
455 2412 542 2481 atque
571 2404 601 2461 iu
634 2400 772 2461 carnibus
804 2400 940 2460 humanis
972 2404 1043 2461 satis
1071 2401 1229 2462 inhumane
1259 2400 1360 2462 abdita

353 2500 459 2553 cuncta
482 2493 587 2552 rimata
605 2500 659 2571 est,
683 2496 716 2549 ut
739 2489 810 2567 quid
833 2498 864 2549 et
886 2507 945 2568 quo
968 2489 1055 2549 modo
1078 2488 1187 2567 quihus
1210 2489 1284 2549 locis
1307 2508 1360 2550 cu-

353 2580 477 2641 randum
508 2586 587 2640 esset
616 2577 793 2638 addisceret:
822 2594 961 2637 numeros
990 2587 1087 2638 tamen
1116 2577 1152 2637 de
1181 2577 1290 2656 quihus
1318 2578 1361 2637 lo-

354 2686 438 2749 quor,
462 2666 569 2747 quihus
588 2667 742 2745 coaptatio,
766 2683 841 2743 quae
864 2659 991 2744 ἁρμονία
1009 2664 1120 2725 Graece
1143 2664 1261 2746 dicitnr,
1286 2674 1361 2726 tam·

301 2769 334 2818 25
355 2773 441 2834 quam
462 2755 613 2815 cniusdam
627 2755 739 2833 organi,
757 2756 942 2813 extrinsecus
960 2761 1048 2831 atque
1067 2755 1248 2814 intrinsecus
1267 2757 1361 2815 totius

354 2845 488 2922 corporis
512 2850 640 2918 constat,
663 2841 732 2919 quid
757 2840 865 2922 dicam,
888 2859 975 2901 nemo
998 2841 1088 2901 valuit
1110 2843 1259 2922 invenire,
1284 2859 1361 2920 quos

354 2948 440 2992 nemo
464 2947 554 2991 ausus
577 2936 623 2989 est
645 2925 810 3008 quaerere?
833 2931 931 3007 quisi
955 2931 1017 2989 noti
1040 2947 1106 2989 esse
1129 2931 1306 3010 potuissent,
1329 2933 1360 2990 in

353 3017 546 3079 interioribus
570 3035 687 3095 quoque
707 3017 878 3096 visceribus,
901 3035 976 3096 quae
999 3015 1113 3077 nullum
1136 3025 1286 3078 ostentant
1309 3017 1359 3078 de·

354 3125 422 3180 cus,
452 3109 493 3167 ita
520 3104 680 3165 delectaret
707 3103 896 3183 pulchritudo
921 3107 1056 3185 rationis,
1088 3115 1123 3165 ut
1144 3107 1225 3166 omni
1247 3106 1360 3166 formae

301 3208 336 3257 30
354 3197 522 3274 apparenti,
551 3212 625 3272 qnae
649 3192 742 3253 oculis
764 3192 876 3272 placet,
903 3194 997 3272 ipsius
1019 3195 1143 3274 mentis,
1167 3211 1241 3272 quae
1263 3194 1362 3255 oculis

355 3285 466 3364 utitur,
502 3283 703 3362 praeferretur
739 3279 870 3341 arbitrio.
923 3280 999 3342 Srrnt
1034 3299 1104 3340 vero
1140 3281 1284 3360 quaedam
1320 3285 1361 3343 ita

354 3372 449 3450 posita
472 3373 503 3431 in
527 3388 664 3449 corpore,
694 3376 728 3429 ut
751 3369 952 3430 tantummodo
976 3370 1115 3429 decorem
1137 3368 1276 3450 habeant,
1301 3388 1361 3431 non

355 3467 385 3519 et
407 3476 508 3538 usum;
535 3460 613 3519 sicut
640 3456 729 3517 habet
751 3464 856 3534 pectus
879 3456 961 3517 virile
985 3456 1142 3536 mamillas,
1168 3459 1246 3518 sicut
1269 3459 1362 3519 iacies

356 3545 483 3625 barbam,
507 3564 596 3625 quiam
618 3562 678 3605 non
701 3562 766 3604 esse
790 3546 988 3626 munimento,
1010 3545 1062 3605 sed
1086 3546 1162 3605 virili
1185 3556 1362 3607 ornamento

427 3768 457 3813 15
477 3767 506 3816 el
524 3766 564 3830 R;
584 3767 668 3833 alque
686 3770 772 3822 rollo
790 3772 799 3837 ll
819 3778 851 3823 17
870 3772 978 3827 uiscera
998 3777 1045 3831 Rb
