3284 4459
564 537 605 577 nu
618 536 762 578 cmrmm
775 537 830 578 nm
843 537 870 578 u.
881 537 957 578 xum
971 537 995 580 o.
1009 541 1028 580 t
1228 524 1293 588 207

286 671 438 750 Sapientia
469 675 647 744 aedificarit
674 674 736 733 sibi
768 675 886 734 domum
918 680 950 734 ct
977 674 1111 748 suffulsit
1139 678 1295 735 columnus

285 769 406 836 septem.
445 759 561 820 Sterilis
585 763 666 820 euim
687 769 752 822 erat
772 763 805 822 iu
829 759 966 822 omuibus
988 761 1126 840 gentibus
1148 761 1203 822 Dei
1225 765 1293 823 civi·

285 857 341 931 tes,
363 856 522 926 autequam
546 850 603 908 iste
626 849 717 929 ictus,
739 867 828 928 quem
852 852 1011 930 ceruimus,
1034 859 1179 912 oreretur.
1224 849 1294 911 Cer·

175 990 176 995 ,
285 941 386 999 murus
413 940 517 1018 ctiam,
549 955 624 1015 quae
647 937 739 998 mrrlte
761 940 793 998 iu
815 937 884 998 tiliis
908 946 984 1018 erat,
1016 957 1096 999 nuuc
1117 940 1293 1000 infirmatam

286 1025 472 1087 Hierusalem
495 1035 659 1106 terrenam3
691 1028 830 1104 quoniam
853 1029 1033 1104 quicumque
1056 1026 1109 1086 lilii
1130 1026 1240 1088 liberae
1263 1030 1293 1088 iu
1312 1040 1331 1088 o

286 1135 321 1176 ea
345 1123 439 1193 erant,
462 1116 556 1174 virtus
579 1117 646 1174 eius
668 1124 765 1194 ereut3
792 1133 873 1176 nunc
892 1132 961 1174 vero
979 1113 1022 1175 ibi
1040 1117 1178 1194 quoniam
1195 1115 1295 1176 littera

286 1212 333 1264 cst
356 1214 387 1264 et
409 1205 532 1282 spiritus
555 1220 616 1263 uon
639 1211 698 1282 est,
721 1205 827 1263 ammse
849 1205 960 1264 virtute
983 1203 1129 1264 infirmata
1150 1212 1205 1264 est.
1257 1225 1260 1230 ·

375 1293 521 1353 Dominus
551 1294 718 1364 mortificat
748 1300 779 1352 et
809 1295 960 1364 vivifican
991 1292 1177 1353 mortificavit
1206 1292 1294 1373 illem,

287 1399 362 1460 quse
386 1379 478 1441 multe
501 1388 566 1439 eret
586 1382 618 1438 iu
641 1379 718 1459 liliis,
740 1389 771 1440 et
784 1380 939 1440 vivificavit
952 1379 1028 1440 hanc
1051 1379 1196 1461 sterilem,
1219 1399 1294 1460 quse

286 1471 404 1548 peperit
426 1476 550 1546 septem.
591 1467 731 1538 Quamvis
754 1467 938 1528 commodius
960 1469 1055 1548 possit
1076 1467 1207 1548 intellegi
1230 1487 1293 1530 eos·
1314 1485 1351 1532 to

286 1558 355 1618 dem
378 1557 534 1637 vivificare,
557 1573 632 1634 quos
650 1556 879 1616 mortificaverit.
911 1555 944 1616 ld
963 1557 1042 1616 enim
1060 1556 1141 1617 velut
1158 1560 1296 1637 repetivit

287 1645 435 1707 addendo:
467 1645 600 1705 Deducit
627 1648 670 1706 ad
695 1644 811 1720 inseres
838 1652 869 1706 et
894 1646 1023 1706 reducit.
1074 1642 1189 1715 Quibus
1216 1648 1296 1706 enim

288 1735 359 1795 dicit
383 1732 547 1812 apostolus:
570 1734 606 1793 Si
622 1737 736 1794 mortui
752 1736 823 1794 estis
841 1750 909 1794 curn
927 1733 1055 1807 diruto,
1078 1751 1158 1808 quoe
1173 1753 1295 1796 sursunt

286 1830 358 1883 sum
383 1825 537 1897 quaerite,
568 1823 623 1881 uli
651 1823 789 1882 Christus
815 1829 862 1883 est
888 1825 919 1882 in
947 1823 1076 1882 dextmo
1099 1823 1159 1883 Dei
1179 1826 1295 1899 sedens,

289 1909 448 1971 selrihriter
471 1911 575 1986 titique
597 1909 843 1970 mortificantura
862 1908 999 1989 Domiuo;
1023 1909 1131 1987 quibus
1150 1911 1295 1990 adiungit:
1316 1926 1350 1974 15

293 2002 378 2072 (luce
406 2015 528 2058 sursum
554 2006 626 2058 sunt
645 2001 757 2074 sopite,
783 2016 845 2059 non
872 2017 951 2073 quae
976 2017 1070 2074 super
1098 2006 1231 2071 terrurm
1263 2009 1296 2062 ut

287 2090 345 2167 ipsi
368 2089 429 2147 siut
451 2085 505 2167 illi,
534 2089 587 2164 qui
608 2089 776 2147 esurientes
797 2090 989 2148 transierunt
1010 2094 1134 2148 terrum.
1180 2089 1299 2150 Mortui

288 2180 370 2238 enim
398 2178 480 2248 estis,
512 2176 623 2254 iuquit;
655 2193 724 2235 ecce
752 2193 811 2252 quo
840 2175 926 2235 modo
955 2173 1113 2236 salubriter
1139 2177 1297 2238 mortificet

287 2264 382 2344 lleus3
406 2262 511 2322 deinde
527 2265 678 2342 sequeitur:
701 2263 742 2323 Et
762 2266 826 2323 cito
849 2272 949 2324 vestra
969 2265 1148 2324 abscondita
1166 2273 1211 2326 est
1227 2283 1297 2326 cunt

291 2355 413 2414 Chresto
431 2355 463 2411 in
477 2352 559 2422 lieo;
572 2370 642 2412 ecce
661 2370 720 2430 quo
734 2352 821 2411 modo
837 2350 956 2411 eosdem
974 2353 1054 2430 ipsos
1069 2352 1194 2412 viviticat
1208 2352 1295 2414 Deus.
1315 2369 1350 2418 2⁰

289 2440 351 2501 Sed
373 2439 518 2518 numquid
541 2439 661 2500 cosdem
683 2438 806 2499 deduxit
828 2439 863 2499 ad
886 2441 999 2499 inieros
1018 2447 1049 2500 et
1066 2437 1206 2500 reduxit?
1232 2440 1296 2502 Hoc

288 2539 451 2606 utrumque
474 2530 539 2588 siue
558 2529 759 2588 controversie
778 2526 909 2587 tidelium
928 2530 959 2587 iu
977 2526 1027 2587 illo
1046 2530 1145 2605 potius
1163 2528 1296 2590 videmus

288 2617 458 2697 impletum,
486 2619 581 2695 cupite
605 2615 718 2676 scilicet
740 2624 858 2695 nostro,
881 2633 948 2676 cum
972 2634 1030 2695 quo
1054 2619 1142 2677 vitam
1164 2625 1296 2678 uostmm

289 2710 321 2766 iu
352 2704 413 2764 Deo
443 2705 594 2783 apostolus
623 2704 697 2764 dixit
726 2703 936 2764 absconditam.
989 2704 1061 2764 Nam
1092 2707 1143 2783 qui
1168 2710 1296 2783 proprio

285 2798 352 2868 filio
374 2812 434 2854 non
454 2796 606 2869 pepercit,
632 2795 689 2853 sed
710 2810 769 2868 pro
797 2795 883 2854 nobis
910 2795 1045 2854 omnibus
1069 2796 1199 2854 tradidit
1220 2813 1296 2869 curn,
1316 2809 1350 2858 eo

289 2886 349 2942 isto
373 2881 461 2940 modo
484 2883 587 2960 utique
611 2881 797 2940 mortificavit
819 2899 901 2961 eum3
927 2889 957 2940 et
980 2884 1048 2959 quia
1071 2884 1258 2944 resuscitavit
1280 2901 1296 2942 a

289 2972 425 3049 mortuis,
448 2968 578 3030 eundum
601 2988 708 3030 rursus
729 2970 892 3029 vivificavit.
937 2967 976 3029 m
999 2971 1067 3047 quie
1088 2972 1120 3029 iu
1143 2970 1298 3051 prophetia

289 3077 346 3118 vox
373 3061 439 3117 eius
467 3061 650 3136 agnoscitur:
682 3059 749 3118 Non
777 3060 968 3132 derelinques
991 3061 1123 3118 unimam
1146 3076 1242 3121 meum
1264 3063 1298 3120 in

289 3146 422 3222 inferno,
444 3145 572 3206 eundem
594 3145 717 3207 deduxit
738 3145 773 3205 ed
797 3147 909 3206 iuleros
933 3154 963 3206 et
985 3145 1111 3207 reduxit.
1148 3146 1208 3208 llac
1232 3149 1297 3208 eius

289 3243 463 3314 pattpertate
491 3233 575 3294 ditati
602 3252 712 3294 sumus.
764 3235 909 3294 Dominus
937 3236 1016 3294 euim
1040 3252 1193 3310 pauperes
1216 3235 1298 3311 facit
1315 3250 1351 3298 30

289 3456 312 3511 P
354 3386 544 3510 leglippui,
568 3392 592 3442 1.
629 3389 673 3453 20)
697 3384 755 3440 Col.
774 3391 805 3452 3,
829 3391 843 3438 1
863 3403 922 3454 sqq.
960 3389 1005 3455 25)
1023 3385 1103 3440 Rom.
1123 3391 1214 3456 eei.
1251 3390 1296 3456 29)

313 3477 333 3512 s.
389 3500 396 3524 ‚
451 3500 457 3512 .

341 3663 377 3718 ,3
399 3659 523 3712 oreretur
541 3656 656 3727 RAFp
672 3659 748 3724 (195,
760 3657 824 3720 24);
847 3653 965 3708 oriretur
986 3653 1117 3721 Gubepu
1135 3653 1145 3721 Ι)
1163 3657 1196 3704 1³
1214 3651 1295 3704 mort.

289 3729 357 3784 estis
389 3730 467 3783 Rom.
484 3731 510 3794 6,
524 3731 558 3794 8,·
576 3728 610 3794 cf.
626 3727 671 3780 lib.
681 3730 718 3780 18
731 3741 752 3779 c.
762 3728 817 3789 28;
836 3725 852 3778 l.
862 3727 901 3778 20
914 3741 934 3778 e.
950 3729 986 3778 10
998 3725 1010 3793 ΙΙ
1022 3729 1056 3777 24
1075 3722 1123 3790 qui
1138 3721 1296 3785 musaeu

289 3800 336 3854 cui
384 3821 391 3865 ;
410 3816 474 3854 cum
491 3814 552 3869 ppo
570 3797 702 3864 Hoffmsl
720 3799 754 3848 30
773 3794 844 3847 fecit
862 3796 890 3848 et
909 3794 991 3863 ditet]
1013 3796 1042 3847 et
1060 3793 1164 3847 diuites
1182 3791 1253 3844 facit
1269 3793 1297 3845 A
