3284 4459
564 555 604 594 oa
619 553 762 594 crmnanu
775 553 828 593 oar
842 555 867 593 n.
882 554 956 594 xvn.
971 553 994 595 o.
1009 555 1030 596 e.
1222 539 1290 603 225

278 687 363 749 nalcs
386 687 495 748 ludaei.
540 687 612 748 Nam
636 696 666 747 et
689 689 864 766 ipsiusque
887 688 960 748 adeo
984 688 1089 767 lilium,
1112 706 1200 766 quem
1223 687 1289 748 loco

278 779 338 838 isto
367 779 432 855 regi
455 775 544 836 [lavid
572 778 751 854 promissum
775 775 889 854 legunt,
918 775 1092 855 intellegunt
1114 795 1173 837 non
1197 776 1289 836 luisse

279 865 479 943 Salomonem,
502 874 535 924 ut
557 878 596 924 'eo
621 867 673 942 qrri
691 866 856 943 promissus
876 873 920 923 est
940 871 1019 924 tanta
1042 867 1099 924 iam
1123 865 1289 925 manifesta»

282 957 363 1014 tione
392 952 540 1014 declarato
568 951 663 1013 adhue
686 951 812 1012 mirabili
836 955 976 1012 caecitate
1001 951 1089 1012 alium
1113 971 1233 1031 sperare
1257 971 1289 1012 so

280 1043 391 1102 dicant.
441 1040 529 1100 Facta
565 1049 611 1100 est
645 1040 763 1119 quidem
797 1039 936 1100 nonnulla
968 1043 1064 1118 imago
1096 1043 1141 1101 rei
1172 1041 1325 1101 lutoraeo

280 1133 371 1190 etiam
390 1131 420 1188 in
441 1128 606 1207 Salomone,
627 1130 659 1188 in
683 1128 816 1207 eoquod
836 1128 978 1207 templum
1001 1128 1163 1189 aedificavit
1186 1137 1215 1188 et
1238 1147 1290 1208 pa-

281 1237 348 1278 cem
367 1217 471 1278 hahuit
489 1217 652 1278 secundum
670 1235 778 1277 nomen
797 1234 884 1276 suum
908 1210 1061 1298 (Salomon
1080 1219 1189 1296 quippe
1213 1220 1290 1296 paci-

282 1309 357 1367 ficus
381 1313 428 1366 est
453 1299 572 1386 Latine)
599 1313 629 1365 et
655 1307 687 1366 in
712 1303 833 1365 exordio
857 1307 942 1383 regni
964 1308 1011 1365 sui
1034 1304 1207 1366 mirabiliter
1230 1305 1290 1366 lau·

280 1394 388 1456 dabilis
415 1395 486 1473 luit3
512 1393 565 1454 sed
592 1392 694 1454 eadem
722 1411 775 1453 sua
802 1409 929 1472 persona
956 1411 1010 1472 per
1041 1392 1174 1454 umbram
1197 1393 1292 1455 futuri

282 1481 510 1563 praenuntiabat
528 1484 616 1542 etiam
639 1484 702 1560 ipse
726 1480 877 1541 Christum
901 1480 1066 1561 Dominum,
1089 1499 1148 1542 non
1172 1481 1290 1542 exhihe-
1309 1493 1344 1543 to

283 1571 342 1631 hat.
388 1570 472 1631 Unde
505 1569 647 1648 quaedam
679 1569 716 1629 de
748 1569 798 1629 illo
828 1571 868 1629 ita
896 1572 1005 1648 scripta
1033 1578 1115 1651 sunt,
1143 1573 1226 1649 quasi
1255 1570 1291 1630 de

283 1662 349 1738 ipso
367 1661 424 1719 ista
443 1658 593 1737 praedicta
611 1660 679 1731 sint,
702 1657 771 1718 dum
796 1659 944 1736 scriptura
967 1669 1066 1719 sancta
1090 1661 1178 1718 etiam
1203 1658 1292 1718 nehus

283 1749 376 1826 gestis
406 1746 587 1826 prophetans
616 1746 742 1824 quodam
773 1745 860 1805 modo
894 1748 925 1806 in
955 1764 990 1806 eo
1020 1747 1144 1825 liguram
1172 1746 1292 1807 deliniat

284 1836 465 1897 futurorum.
520 1834 593 1895 Nam
625 1842 744 1913 praeter
776 1833 868 1894 lihros
899 1834 1015 1896 divinae
1046 1834 1204 1910 historiae,
1241 1835 1292 1895 uhi

285 1942 426 2002 regnasse
454 1931 604 2002 narratur,
631 1921 761 2002 psalmus
788 1925 877 1982 etiam
901 1925 1157 2002 septuagensimus
1179 1926 1292 2003 primus
1313 1934 1344 1982 15

286 2012 373 2073 titulo
401 2013 528 2072 nominis
557 2014 621 2071 eius
644 2013 804 2089 inscriptus
829 2018 886 2090 est,
917 2013 948 2070 in
971 2029 1030 2090 quo
1054 2020 1112 2072 tam
1136 2012 1226 2072 multa
1249 2012 1291 2072 di·

285 2109 410 2180 cuntur,
442 2118 517 2178 quae
545 2102 665 2159 omnino
693 2101 720 2158 ei
744 2101 901 2159 convenire
925 2117 984 2159 non
1008 2108 1145 2180 possunt,
1169 2099 1292 2160 Domino

285 2197 385 2250 autem
410 2186 528 2248 Christo
555 2190 704 2267 aptissima
727 2189 938 2266 perspicuitate
962 2190 1155 2267 conveniunt,
1178 2196 1211 2248 ut
1234 2191 1292 2248 evi-

285 2277 394 2337 denter
417 2284 567 2355 appareat,
596 2275 673 2354 quod
703 2277 734 2334 in
757 2275 806 2334 illo
831 2276 923 2355 figura
947 2274 1169 2356 qualiscumque
1192 2276 1292 2336 adum-

286 2365 372 2425 hrata
395 2367 447 2442 sit,
473 2366 504 2423 in
527 2367 584 2424 isto
608 2374 705 2424 autem
729 2365 791 2442 ipsa
815 2367 922 2424 veritas
945 2373 1138 2443 praesentata.
1184 2363 1292 2424 Notum
1312 2376 1345 2423 20

285 2462 335 2513 est
354 2456 441 2532 enim,
465 2451 572 2530 qriihus
590 2454 725 2512 terminis
750 2470 873 2529 regnum
897 2452 1070 2512 conclusum
1094 2452 1190 2512 lucrat
1214 2451 1292 2512 Salo·

286 2543 400 2620 monis3
426 2549 457 2601 et
486 2549 583 2599 tamen
611 2543 642 2600 in
672 2558 707 2599 eo
734 2539 847 2618 psalmo
874 2539 995 2620 legitur,
1027 2549 1060 2600 ut
1090 2541 1146 2600 alla
1168 2549 1315 2601 taceam2*

287 2631 504 2690 Dominabitur
531 2646 551 2688 o
578 2631 660 2688 mori
676 2645 771 2702 usque
789 2631 833 2688 od
853 2646 939 2688 more
962 2636 992 2689 et
1013 2646 1033 2689 o
1052 2632 1178 2704 stamine
1200 2647 1295 2704 usque

285 2721 333 2778 ad
359 2719 502 2777 immines
529 2718 611 2776 ordis
639 2723 755 2788 terrac,
783 2716 863 2795 quod
889 2719 920 2776 in
944 2716 1062 2777 Christo
1085 2718 1218 2778 videmus
1240 2721 1293 2778 im·

286 2805 373 2884 pleri.
425 2805 448 2865 Α
477 2803 598 2864 llumine
631 2806 739 2882 quippe
771 2804 940 2864 dominandi
975 2809 1101 2884 sumpsit
1132 2806 1294 2881 exordium,
1313 2816 1347 2863 ao
1459 2891 1460 2896 η

287 2894 342 2954 uhi
361 2892 523 2972 baptizatus
541 2910 557 2952 a
574 2890 703 2952 iohanne
722 2892 827 2952 eodem
850 2901 1032 2953 monstrante
1057 2896 1154 2973 coepit
1176 2896 1295 2972 agnosci

285 3000 306 3042 a
329 2980 490 3060 discipulis,
514 2982 651 3058 quicum
675 2997 734 3038 non
758 2980 854 3040 solum
877 2983 1058 3063 magistrum,
1081 3000 1184 3043 verum
1207 2985 1295 3043 etiam
1310 2991 1323 3030 ’ἲ

287 3069 448 3132 Dominum
470 3067 696 3146 appellaverunt.

289 3197 294 3205 ·
379 3157 440 3218 Nec
459 3155 496 3215 oh
515 3154 593 3216 aliud
617 3157 730 3216 vivente
754 3155 850 3216 adhuc
872 3163 955 3234 patre
980 3174 1033 3217 suo
1058 3157 1145 3218 David
1171 3176 1294 3237 regnare

286 3249 389 3325 coepit
416 3244 567 3324 Salomon,
598 3244 677 3322 quod
706 3243 778 3304 nulli
801 3262 904 3323 regum
928 3244 1044 3304 illorum
1068 3249 1208 3326 contigit,
1238 3250 1295 3307 nisi
1314 3259 1347 3306 30

288 3343 324 3394 ut
346 3333 416 3393 hinc
438 3342 556 3411 quoque
585 3335 656 3392 satis
679 3331 793 3392 eluceat
815 3350 874 3392 non
898 3350 963 3392 esse
988 3335 1093 3412 ipsum,
1117 3352 1204 3412 quem
1228 3353 1294 3414 pro-

290 3422 392 3501 phetia
417 3423 474 3482 ista
501 3423 681 3501 praesignat,
708 3438 783 3498 quae
811 3419 847 3480 ad
871 3422 935 3480 eius
957 3429 1070 3500 patrem
1094 3421 1225 3500 loquitur
1252 3422 1293 3482 dl·

286 3528 376 3570 cens:
404 3509 445 3568 Et
470 3512 542 3582 erit,
570 3527 639 3570 cum
665 3511 774 3585 repleti
796 3507 917 3582 suerint
943 3512 1006 3570 dies
1029 3512 1086 3583 tui,
1113 3517 1144 3570 et
1165 3511 1296 3572 dormies

362 3613 407 3680 24)
424 3609 468 3662 Ps.
489 3615 530 3677 rt,
546 3615 569 3662 e.

364 3739 398 3788 10
416 3733 489 3787 dom.
508 3733 634 3786 nostrum
652 3730 748 3800 ob'oll
764 3736 796 3783 13
815 3729 934 3784 deliniat
948 3727 1053 3792 RAF3
1072 3725 1186 3778 diliniat
1203 3743 1233 3795 y,
1252 3725 1299 3779 ds-

285 3806 382 3860 lineat
394 3821 411 3858 o
424 3807 433 3875 ΙΙ
447 3809 480 3856 21
499 3803 585 3856 fuerit
597 3821 614 3856 o
627 3805 636 3871 ll
650 3808 684 3856 26
703 3817 739 3856 eo
755 3801 962 3855 demonstrante
979 3797 1059 3867 ἂψ
1077 3797 1123 3850 sad
1141 3798 1175 3862 of.
1189 3799 1299 3861 254,23

345 3913 402 3944 suo.
416 3913 449 3942 on
463 3912 502 3942 σιν
522 3912 570 3940 nur.
593 3901 618 3939 11
1054 3888 1086 3936 15
