3284 4459
518 489 558 528 nn
572 488 714 530 murnaco
728 489 919 531 ontraxvm
934 490 1049 534 ouen
1231 477 1297 545 323

288 621 362 684 nihil
394 623 471 684 alind
504 625 672 684 intueamur
704 626 733 684 in
768 626 925 704 scripturis
952 625 1026 706 iilis,
1057 628 1115 688 nisi
1141 627 1214 706 quid
1242 645 1298 707 per

228 751 230 756 -
288 711 424 771 homines
449 711 559 772 dixerit
586 711 638 773 Dei
673 711 816 793 Spiritus,
849 712 991 791 quidquid
1018 723 1065 775 est
1096 717 1126 777 in
1154 714 1298 777 Hebraeis

288 798 442 860 codicibus
465 807 495 861 et
517 817 576 860 non
599 810 645 861 cst
676 800 753 880 apud
775 803 955 880 interpretes
976 806 1176 884 septuaginta,
1203 803 1298 866 noluit

289 905 324 948 ea
346 906 401 966 per
424 890 512 969 istos,
539 887 591 948 scd
614 888 756 968 perillus
778 889 937 968 prophetas
959 889 1013 951 Dei
1037 890 1164 970 Spiritus
1187 892 1297 953 dicere.

289 975 438 1054 Quidquid
469 995 538 1038 vero
566 985 613 1037 est
639 977 717 1056 apud
741 976 945 1058 Septuaginta,
971 981 1003 1040 in
1024 977 1167 1040 Hebraeis
1197 988 1331 1042 autema

289 1063 441 1125 codicibus
472 1082 531 1125 non
562 1075 623 1145 est,
654 1083 708 1145 per
737 1068 810 1127 istos
841 1084 875 1125 ea
904 1065 1007 1126 maluit
1034 1085 1121 1145 quam
1148 1086 1203 1147 per
1230 1068 1298 1129 illos

289 1153 368 1212 idern
392 1152 522 1233 Spiritus
548 1153 662 1234 dicere,
689 1156 732 1215 sic
759 1154 920 1215 ostendens
947 1164 1090 1234 [atrosque
1113 1156 1204 1216 inisse
1227 1174 1296 1236 pro-

289 1240 402 1320 phetas.
447 1239 508 1303 Isto
531 1244 610 1303 enirn
633 1242 720 1304 modo
743 1241 797 1302 alia
820 1257 874 1321 per
892 1240 1018 1323 Esaiam,
1040 1242 1095 1303 alia
1117 1262 1172 1323 per
1193 1243 1297 1305 Hiere-

289 1331 387 1410 miam,
405 1329 460 1390 alia
479 1347 532 1408 per
551 1330 640 1391 alium
660 1330 807 1409 aliumque
831 1329 1004 1410 prophetam
1027 1330 1073 1392 vel
1090 1331 1175 1392 aliter
1194 1332 1298 1394 eadem

288 1437 344 1497 per
366 1416 446 1480 hunc
468 1436 501 1478 ac
524 1437 579 1498 per
606 1418 689 1480 illum
716 1419 803 1500 dixit,
831 1428 865 1479 ut
887 1418 986 1479 uoluit.
1032 1418 1182 1499 Quidquid
1206 1438 1297 1500 porro
1317 1431 1344 1484 tt

289 1507 367 1585 apud
392 1515 534 1585 utrosque
557 1509 715 1587 invenitur,
737 1525 791 1586 per
814 1516 957 1586 utrosque
981 1506 1081 1568 dicere
1103 1508 1196 1570 uoluit
1217 1527 1297 1570 unns

289 1604 378 1673 atque
402 1593 480 1655 idern
504 1594 647 1674 Spiritus;
677 1596 728 1656 sed
751 1597 791 1657 ita
814 1604 849 1656 ut
869 1594 912 1656 iiii
934 1596 1149 1674 praecederent
1169 1596 1296 1677 prophe·

290 1682 389 1762 tando,
411 1685 460 1743 isti
480 1693 677 1762 sequerentur
694 1683 868 1762 prophetice
885 1683 952 1744 illos
969 1685 1205 1766 interpretand03
1228 1687 1298 1764 quia

290 1774 368 1832 sicut
395 1773 426 1831 in
454 1771 512 1832 ittts
540 1789 608 1832 vera
636 1780 667 1832 et
694 1773 903 1833 concordantia
924 1771 1093 1835 dicentibus
1114 1792 1193 1835 nnrrs
1215 1776 1296 1853 pacis

290 1859 419 1938 Spiritus
442 1859 512 1941 fuit,
544 1863 586 1920 sic
610 1868 641 1920 et
663 1861 693 1920 in
716 1862 781 1921 istis
805 1878 865 1920 non
888 1878 988 1921 secum
1012 1861 1235 1923 conserentibus
1266 1870 1297 1924 et
1317 1874 1349 1923 tu

290 1956 388 2008 umen
424 1956 572 2027 tamquam
606 1966 658 2008 ore
694 1965 752 2008 unc
788 1957 895 2009 carncta
923 1949 1189 2028 interpretantibus
1218 1950 1296 2011 idem

289 2035 420 2115 Spiritus
442 2054 521 2098 arnus
543 2037 686 2115 apparuit.

661 2241 780 2308 Onrur
804 2242 920 2308 XLIV.

294 2375 375 2446 Ouid
392 2372 623 2446 inteileuendum
640 2374 680 2431 sit
699 2373 736 2434 de
754 2373 964 2432 Nineuitarum
982 2375 1113 2454 excidio,
1135 2357 1223 2434 cuius
1246 2376 1296 2436 de·

291 2463 441 2521 nuntiatio
470 2463 501 2520 in
529 2459 668 2520 Hebraeo
695 2461 904 2535 quudruqintu
932 2462 1050 2522 dierum
1077 2465 1176 2537 spatio
1198 2465 1294 2523 tendi·
1315 2474 1349 2524 20

289 2557 355 2630 tur,
383 2552 414 2609 in
438 2548 639 2623 Septuuqintu
668 2556 768 2609 autern
795 2549 895 2608 tridui
919 2550 1067 2610 breuitate
1093 2551 1295 2610 concluditur.

381 2669 439 2731 Sed
468 2673 509 2731 ait
536 2670 654 2748 aliquis:
686 2669 774 2752 „Quo
804 2670 891 2730 modo
915 2675 1004 2731 seiam
1028 2673 1097 2750 quid
1121 2671 1207 2733 lonas
1228 2691 1296 2753 pro·

289 2758 379 2841 pheta
401 2759 509 2821 dixerit
531 2757 685 2838 Ninevitis,
707 2767 821 2820 utrum:
848 2758 1001 2835 Triduum,
1024 2768 1055 2822 et
1076 2762 1190 2822 Nineue
1212 2780 1295 2824 euer-

290 2855 380 2922 tetur,
403 2865 453 2908 an:
481 2849 694 2922 Quadrupinta
717 2849 801 2908 dies?
837 2847 910 2918 Quis
933 2850 1011 2908 enim
1035 2866 1095 2909 non
1117 2849 1214 2911 videat
1237 2869 1296 2910 non

289 2939 424 3016 potuisse
443 2944 602 3015 utrumque
617 2944 688 2996 tunc
707 2935 766 2996 dici
784 2953 801 2994 a
818 2935 970 3016 propheta,
993 2939 1044 3015 qui
1067 2939 1176 2998 missus
1199 2938 1297 2999 iuerat
1314 2951 1348 3000 aa

282 3035 404 3086 ‘terrere
434 3025 659 3085 comminatione
683 3025 855 3084 inminentis
878 3026 958 3084 exitii
982 3021 1152 3086 civitatem?
1187 3024 1242 3087 Cui
1270 3029 1296 3087 si

290 3115 380 3174 tertio
403 3111 451 3172 die
474 3111 571 3172 suerat
593 3111 712 3172 iuturus
734 3113 882 3191 interitus,
905 3129 964 3171 non
987 3115 1090 3191 utique
1114 3113 1295 3192 quadragen-

290 3203 365 3262 sirno
388 3199 451 3281 die;
475 3202 499 3261 si
523 3208 622 3261 autem
645 3199 897 3279 quadragensimo,
920 3217 979 3260 non
1001 3203 1105 3278 utique
1128 3203 1225 3262 tertio.
1263 3201 1295 3262 Si

289 3306 361 3368 ergo
384 3305 401 3348 a
424 3306 470 3349 nte
494 3290 656 3368 quaeritur,
679 3287 752 3366 qnid
773 3285 880 3347 horum
898 3286 982 3348 lonas
1006 3287 1121 3367 dixerit,
1144 3287 1200 3348 hoc
1222 3298 1295 3368 puto

289 3379 389 3456 potius
420 3375 501 3454 quod
534 3375 641 3456 legitur
673 3377 703 3436 in
734 3372 882 3436 Hebraeo:
918 3376 1131 3450 Quadrauinto
1159 3378 1236 3452 dies,
1266 3383 1296 3438 et
1313 3390 1347 3440 tu

359 3541 394 3594 2⁰
400 3540 473 3609 sqq.)
487 3535 599 3602 quecca
614 3535 644 3588 in
658 3534 772 3603 Heptab.
786 3552 814 3603 p.
830 3539 873 3600 89,
885 3540 969 3602 4sqq.
982 3533 1065 3604 Zych.
1103 3538 1147 3605 24)
1165 3536 1222 3592 Ion
1235 3541 1261 3607 a,
1270 3545 1295 3594 4.

287 3666 501 3678 ----

361 3756 377 3804 9
396 3751 481 3817 atque
499 3748 587 3803 aliurn
604 3763 621 3801 u
639 3748 649 3818 i
667 3751 700 3798 23
708 3761 766 3813 sqq.
786 3745 879 3799 nineu.
899 3745 1026 3816 tinum
1044 3747 1133 3802 niniu
1151 3766 1169 3806 a

1032 3834 1084 3887 ut*
