<?xml version="1.0" encoding="UTF-8"?>
<!DOCTYPE html PUBLIC "-//W3C//DTD XHTML 1.0 Transitional//EN"
    "http://www.w3.org/TR/xhtml1/DTD/xhtml1-transitional.dtd">
<html xmlns="http://www.w3.org/1999/xhtml" xml:lang="en" lang="en">
 <head>
  <title>
</title>
<meta http-equiv="Content-Type" content="text/html;charset=utf-8" />
  <meta name='ocr-system' content='tesseract 3.04.00' />
  <meta name='ocr-capabilities' content='ocr_page ocr_carea ocr_par ocr_line ocrx_word'/>
</head>
<body>
  <div class='ocr_page' id='page_1' title='image "./sanctiaureliiau11augugoog_0418.png"; bbox 0 0 3284 4459; ppageno 0'>
   <div class='ocr_carea' id='block_1_1' title="bbox 364 466 1057 551">
    <p class='ocr_par' dir='ltr' id='par_1_1' title="bbox 364 466 1057 551">
     <span class='ocr_line' id='line_1_1' title="bbox 364 466 1057 551; baseline -0.019 -21"><span class='ocrx_word' id='word_1_1' title='bbox 364 466 428 531; x_wconf 85' lang='lat'><strong>398</strong></span> <span class='ocrx_word' id='word_1_2' title='bbox 779 476 982 519; x_wconf 76' lang='lat' dir='ltr'><strong>s.auousrm1</strong></span> <span class='ocrx_word' id='word_1_3' title='bbox 1055 548 1057 551; x_wconf 22' lang='grc' dir='ltr'>Ι</span> 
     </span>
    </p>
   </div>
   <div class='ocr_carea' id='block_1_2' title="bbox 365 564 1457 693">
    <p class='ocr_par' dir='ltr' id='par_1_2' title="bbox 365 564 1457 693">
     <span class='ocr_line' id='line_1_2' title="bbox 365 564 1457 693; baseline -0.001 -18"><span class='ocrx_word' id='word_1_4' title='bbox 365 631 451 693; x_wconf 90' lang='lat' dir='ltr'><strong>quam</strong></span> <span class='ocrx_word' id='word_1_5' title='bbox 475 613 592 674; x_wconf 86' lang='lat' dir='ltr'><strong>oderint</strong></span> <span class='ocrx_word' id='word_1_6' title='bbox 610 608 791 673; x_wconf 79' lang='lat' dir='ltr'><strong>Christiani?</strong></span> <span class='ocrx_word' id='word_1_7' title='bbox 837 611 896 672; x_wconf 86' lang='lat' dir='ltr'><strong>Sed</strong></span> <span class='ocrx_word' id='word_1_8' title='bbox 919 611 997 672; x_wconf 85' lang='lat' dir='ltr'><strong>Deus</strong></span> <span class='ocrx_word' id='word_1_9' title='bbox 1020 611 1078 687; x_wconf 89' lang='lat' dir='ltr'><strong>ille,</strong></span> <span class='ocrx_word' id='word_1_10' title='bbox 1101 629 1192 691; x_wconf 90' lang='lat' dir='ltr'><strong>quem</strong></span> <span class='ocrx_word' id='word_1_11' title='bbox 1214 611 1375 674; x_wconf 89' lang='lat' dir='ltr'><strong>coluerunt</strong></span> <span class='ocrx_word' id='word_1_12' title='bbox 1456 564 1457 593; x_wconf 17' lang='grc' dir='ltr'>ἶ</span> 
     </span>
    </p>
   </div>
   <div class='ocr_carea' id='block_1_3' title="bbox 364 698 1375 869">
    <p class='ocr_par' dir='ltr' id='par_1_3' title="bbox 364 698 1375 869">
     <span class='ocr_line' id='line_1_3' title="bbox 365 698 1375 781; baseline 0 -19"><span class='ocrx_word' id='word_1_13' title='bbox 365 704 512 781; x_wconf 89' lang='lat' dir='ltr'><strong>sapientes</strong></span> <span class='ocrx_word' id='word_1_14' title='bbox 530 700 742 780; x_wconf 79' lang='lat' dir='ltr'>Hebraeorum,</span> <span class='ocrx_word' id='word_1_15' title='bbox 765 702 855 760; x_wconf 91' lang='lat' dir='ltr'><strong>etiam</strong></span> <span class='ocrx_word' id='word_1_16' title='bbox 873 698 1049 760; x_wconf 91' lang='lat' dir='ltr'><strong>caelestibus</strong></span> <span class='ocrx_word' id='word_1_17' title='bbox 1073 702 1184 760; x_wconf 87' lang='lat' dir='ltr'><strong>sanctis</strong></span> <span class='ocrx_word' id='word_1_18' title='bbox 1206 699 1318 778; x_wconf 83' lang='lat' dir='ltr'><strong>angelis</strong></span> <span class='ocrx_word' id='word_1_19' title='bbox 1342 710 1375 762; x_wconf 93' lang='lat' dir='ltr'><strong>et</strong></span> 
     </span>
     <span class='ocr_line' id='line_1_4' title="bbox 364 787 1373 869; baseline 0.001 -19"><span class='ocrx_word' id='word_1_20' title='bbox 364 789 523 850; x_wconf 85' lang='lat' dir='ltr'><strong>virtutibus</strong></span> <span class='ocrx_word' id='word_1_21' title='bbox 552 789 621 869; x_wconf 81' lang='lat' dir='ltr'><strong>liei,</strong></span> <span class='ocrx_word' id='word_1_22' title='bbox 653 806 728 867; x_wconf 91' lang='lat' dir='ltr'><strong>quos</strong></span> <span class='ocrx_word' id='word_1_23' title='bbox 758 787 946 849; x_wconf 88' lang='lat' dir='ltr'><strong>beatissimos</strong></span> <span class='ocrx_word' id='word_1_24' title='bbox 972 797 1122 866; x_wconf 82' lang='lat' dir='ltr'><strong>tamquam</strong></span> <span class='ocrx_word' id='word_1_25' title='bbox 1149 790 1229 849; x_wconf 84' lang='lat' dir='ltr'><strong>eires</strong></span> <span class='ocrx_word' id='word_1_26' title='bbox 1255 791 1287 850; x_wconf 89' lang='lat' dir='ltr'><strong>in</strong></span> <span class='ocrx_word' id='word_1_27' title='bbox 1316 788 1373 852; x_wconf 89' lang='lat' dir='ltr'><strong>bac</strong></span> 
     </span>
    </p>
   </div>
   <div class='ocr_carea' id='block_1_4' title="bbox 328 875 1457 1045">
    <p class='ocr_par' dir='ltr' id='par_1_4' title="bbox 328 875 1457 1045">
     <span class='ocr_line' id='line_1_5' title="bbox 365 875 1457 958; baseline -0.001 -19"><span class='ocrx_word' id='word_1_28' title='bbox 365 887 465 939; x_wconf 90' lang='lat' dir='ltr'><strong>nostra</strong></span> <span class='ocrx_word' id='word_1_29' title='bbox 483 879 720 958; x_wconf 88' lang='lat' dir='ltr'><strong>peregrinatione</strong></span> <span class='ocrx_word' id='word_1_30' title='bbox 740 875 857 937; x_wconf 83' lang='lat' dir='ltr'><strong>mortali</strong></span> <span class='ocrx_word' id='word_1_31' title='bbox 874 893 1050 936; x_wconf 83' lang='lat' dir='ltr'><strong>veneramur</strong></span> <span class='ocrx_word' id='word_1_32' title='bbox 1069 884 1100 936; x_wconf 91' lang='lat' dir='ltr'><strong>et</strong></span> <span class='ocrx_word' id='word_1_33' title='bbox 1117 894 1258 957; x_wconf 86' lang='lat' dir='ltr'><strong>amamus,</strong></span> <span class='ocrx_word' id='word_1_34' title='bbox 1281 880 1373 938; x_wconf 87' lang='lat' dir='ltr'><strong>sacri-</strong></span> <span class='ocrx_word' id='word_1_35' title='bbox 1456 880 1457 893; x_wconf 63' lang='lat'>¹</span> 
     </span>
     <span class='ocr_line' id='line_1_6' title="bbox 328 963 1457 1045; baseline -0.004 -15"><span class='ocrx_word' id='word_1_36' title='bbox 328 967 445 1030; x_wconf 76' lang='lat' dir='ltr'><strong>diicari</strong></span> <span class='ocrx_word' id='word_1_37' title='bbox 473 974 550 1027; x_wconf 88' lang='lat' dir='ltr'><strong>vetat</strong></span> <span class='ocrx_word' id='word_1_38' title='bbox 581 967 719 1027; x_wconf 85' lang='lat' dir='ltr'><strong>intonans</strong></span> <span class='ocrx_word' id='word_1_39' title='bbox 745 967 777 1025; x_wconf 92' lang='lat' dir='ltr'><strong>iu</strong></span> <span class='ocrx_word' id='word_1_40' title='bbox 811 963 875 1042; x_wconf 89' lang='lat' dir='ltr'><strong>lege</strong></span> <span class='ocrx_word' id='word_1_41' title='bbox 912 982 979 1044; x_wconf 89' lang='lat' dir='ltr'><strong>sua,</strong></span> <span class='ocrx_word' id='word_1_42' title='bbox 1011 981 1098 1042; x_wconf 89' lang='lat' dir='ltr'><strong>quam</strong></span> <span class='ocrx_word' id='word_1_43' title='bbox 1128 964 1210 1026; x_wconf 86' lang='lat' dir='ltr'><strong>dedit</strong></span> <span class='ocrx_word' id='word_1_44' title='bbox 1237 964 1373 1026; x_wconf 87' lang='lat' dir='ltr'><strong>Hebraeo</strong></span> <span class='ocrx_word' id='word_1_45' title='bbox 1456 972 1457 1045; x_wconf 65' lang='lat' dir='ltr'><strong>i</strong></span> 
     </span>
    </p>
   </div>
   <div class='ocr_carea' id='block_1_5' title="bbox 364 1050 1374 1135">
    <p class='ocr_par' dir='ltr' id='par_1_5' title="bbox 364 1050 1374 1135">
     <span class='ocr_line' id='line_1_7' title="bbox 364 1050 1374 1135; baseline 0.002 -21"><span class='ocrx_word' id='word_1_46' title='bbox 364 1054 473 1135; x_wconf 89' lang='lat' dir='ltr'><strong>populo</strong></span> <span class='ocrx_word' id='word_1_47' title='bbox 501 1073 569 1135; x_wconf 91' lang='lat' dir='ltr'><strong>suo,</strong></span> <span class='ocrx_word' id='word_1_48' title='bbox 597 1062 628 1115; x_wconf 92' lang='lat' dir='ltr'><strong>et</strong></span> <span class='ocrx_word' id='word_1_49' title='bbox 654 1053 736 1113; x_wconf 86' lang='lat' dir='ltr'><strong>valde</strong></span> <span class='ocrx_word' id='word_1_50' title='bbox 763 1055 919 1113; x_wconf 81' lang='lat' dir='ltr'><strong>minaciter</strong></span> <span class='ocrx_word' id='word_1_51' title='bbox 946 1050 1062 1113; x_wconf 87' lang='lat' dir='ltr'><strong>dicens:</strong></span> <span class='ocrx_word' id='word_1_52' title='bbox 1095 1053 1285 1126; x_wconf 75' lang='lat' dir='ltr'><strong>sacrificans</strong></span> <span class='ocrx_word' id='word_1_53' title='bbox 1314 1056 1374 1116; x_wconf 72' lang='lat' dir='ltr'><strong>diis</strong></span> 
     </span>
    </p>
   </div>
   <div class='ocr_carea' id='block_1_6' title="bbox 313 1141 1457 1576">
    <p class='ocr_par' dir='ltr' id='par_1_6' title="bbox 313 1141 1457 1576">
     <span class='ocr_line' id='line_1_8' title="bbox 365 1141 1457 1222; baseline 0 -18"><span class='ocrx_word' id='word_1_54' title='bbox 365 1144 585 1204; x_wconf 81' lang='lat' dir='ltr'><strong>eradicabitur.</strong></span> <span class='ocrx_word' id='word_1_55' title='bbox 630 1141 668 1203; x_wconf 84' lang='lat' dir='ltr'><strong>Et</strong></span> <span class='ocrx_word' id='word_1_56' title='bbox 687 1158 724 1202; x_wconf 91' lang='lat' dir='ltr'><strong>ne</strong></span> <span class='ocrx_word' id='word_1_57' title='bbox 743 1144 900 1220; x_wconf 88' lang='lat' dir='ltr'><strong>quisquam</strong></span> <span class='ocrx_word' id='word_1_58' title='bbox 922 1148 1041 1220; x_wconf 91' lang='lat' dir='ltr'><strong>putaret</strong></span> <span class='ocrx_word' id='word_1_59' title='bbox 1062 1141 1255 1203; x_wconf 89' lang='lat' dir='ltr'><strong>daemonibus</strong></span> <span class='ocrx_word' id='word_1_60' title='bbox 1278 1145 1372 1222; x_wconf 86' lang='lat' dir='ltr'><strong>pessi·</strong></span> <span class='ocrx_word' id='word_1_61' title='bbox 1456 1190 1457 1209; x_wconf 63' lang='grc'>,</span> 
     </span>
     <span class='ocr_line' id='line_1_9' title="bbox 365 1216 1457 1310; baseline 0 -18"><span class='ocrx_word' id='word_1_62' title='bbox 365 1234 421 1292; x_wconf 86' lang='lat' dir='ltr'><strong>nris</strong></span> <span class='ocrx_word' id='word_1_63' title='bbox 453 1233 639 1310; x_wconf 79' lang='lat' dir='ltr'><strong>terrenisque</strong></span> <span class='ocrx_word' id='word_1_64' title='bbox 670 1229 839 1310; x_wconf 90' lang='lat' dir='ltr'><strong>spiritibus,</strong></span> <span class='ocrx_word' id='word_1_65' title='bbox 870 1247 947 1308; x_wconf 91' lang='lat' dir='ltr'><strong>quos</strong></span> <span class='ocrx_word' id='word_1_66' title='bbox 973 1231 1031 1290; x_wconf 85' lang='lat' dir='ltr'><strong>iste</strong></span> <span class='ocrx_word' id='word_1_67' title='bbox 1059 1229 1132 1290; x_wconf 87' lang='lat' dir='ltr'><strong>dicit</strong></span> <span class='ocrx_word' id='word_1_68' title='bbox 1158 1231 1297 1291; x_wconf 89' lang='lat' dir='ltr'><strong>minimos</strong></span> <span class='ocrx_word' id='word_1_69' title='bbox 1327 1230 1374 1292; x_wconf 89' lang='lat' dir='ltr'><strong>vel</strong></span> <span class='ocrx_word' id='word_1_70' title='bbox 1456 1216 1457 1239; x_wconf 55' lang='lat'>¹</span> 
     </span>
     <span class='ocr_line' id='line_1_10' title="bbox 364 1310 1457 1400; baseline -0.005 -20"><span class='ocrx_word' id='word_1_71' title='bbox 364 1322 503 1400; x_wconf 91' lang='lat' dir='ltr'><strong>minores,</strong></span> <span class='ocrx_word' id='word_1_72' title='bbox 527 1337 564 1380; x_wconf 87' lang='lat' dir='ltr'><strong>ue</strong></span> <span class='ocrx_word' id='word_1_73' title='bbox 588 1319 772 1379; x_wconf 82' lang='lat' dir='ltr'><strong>sacrificetur</strong></span> <span class='ocrx_word' id='word_1_74' title='bbox 795 1335 861 1378; x_wconf 89' lang='lat' dir='ltr'><strong>esse</strong></span> <span class='ocrx_word' id='word_1_75' title='bbox 884 1325 1076 1397; x_wconf 89' lang='lat' dir='ltr'><strong>praeceptum</strong></span> <span class='ocrx_word' id='word_1_76' title='bbox 1100 1310 1184 1399; x_wconf 88' lang='lat' dir='ltr'><strong>(quia</strong></span> <span class='ocrx_word' id='word_1_77' title='bbox 1207 1327 1238 1379; x_wconf 89' lang='lat' dir='ltr'><strong>et</strong></span> <span class='ocrx_word' id='word_1_78' title='bbox 1260 1319 1319 1398; x_wconf 89' lang='lat' dir='ltr'><strong>ipsi</strong></span> <span class='ocrx_word' id='word_1_79' title='bbox 1341 1321 1373 1379; x_wconf 91' lang='lat' dir='ltr'><strong>iu</strong></span> <span class='ocrx_word' id='word_1_80' title='bbox 1456 1360 1457 1375; x_wconf 46' lang='lat' dir='ltr'><strong>r</strong></span> 
     </span>
     <span class='ocr_line' id='line_1_11' title="bbox 313 1404 1457 1487; baseline -0.006 -17"><span class='ocrx_word' id='word_1_81' title='bbox 313 1422 347 1474; x_wconf 78' lang='lat' dir='ltr'><strong>to</strong></span> <span class='ocrx_word' id='word_1_82' title='bbox 366 1410 524 1487; x_wconf 88' lang='lat' dir='ltr'><strong>scripturis</strong></span> <span class='ocrx_word' id='word_1_83' title='bbox 554 1409 664 1468; x_wconf 88' lang='lat' dir='ltr'><strong>sanetis</strong></span> <span class='ocrx_word' id='word_1_84' title='bbox 691 1405 762 1466; x_wconf 88' lang='lat' dir='ltr'><strong>dicti</strong></span> <span class='ocrx_word' id='word_1_85' title='bbox 794 1414 866 1466; x_wconf 88' lang='lat' dir='ltr'><strong>suut</strong></span> <span class='ocrx_word' id='word_1_86' title='bbox 892 1405 948 1485; x_wconf 91' lang='lat' dir='ltr'><strong>dii,</strong></span> <span class='ocrx_word' id='word_1_87' title='bbox 979 1423 1039 1466; x_wconf 90' lang='lat' dir='ltr'><strong>uon</strong></span> <span class='ocrx_word' id='word_1_88' title='bbox 1068 1405 1287 1480; x_wconf 87' lang='lat' dir='ltr'><strong>Hebraeorum,</strong></span> <span class='ocrx_word' id='word_1_89' title='bbox 1320 1407 1374 1468; x_wconf 89' lang='lat' dir='ltr'><strong>sed</strong></span> <span class='ocrx_word' id='word_1_90' title='bbox 1456 1404 1457 1463; x_wconf 77' lang='grc' dir='ltr'>ἶ</span> 
     </span>
     <span class='ocr_line' id='line_1_12' title="bbox 364 1492 1457 1576; baseline -0.002 -19"><span class='ocrx_word' id='word_1_91' title='bbox 364 1499 508 1576; x_wconf 72' lang='lat' dir='ltr'><strong>gentium,</strong></span> <span class='ocrx_word' id='word_1_92' title='bbox 532 1494 611 1574; x_wconf 94' lang='lat' dir='ltr'><strong>quod</strong></span> <span class='ocrx_word' id='word_1_93' title='bbox 630 1494 781 1555; x_wconf 90' lang='lat' dir='ltr'><strong>evidenter</strong></span> <span class='ocrx_word' id='word_1_94' title='bbox 799 1496 830 1554; x_wconf 89' lang='lat' dir='ltr'><strong>in</strong></span> <span class='ocrx_word' id='word_1_95' title='bbox 848 1492 961 1573; x_wconf 88' lang='lat' dir='ltr'><strong>psalmo</strong></span> <span class='ocrx_word' id='word_1_96' title='bbox 984 1496 1169 1573; x_wconf 81' lang='lat' dir='ltr'><strong>septuaginta</strong></span> <span class='ocrx_word' id='word_1_97' title='bbox 1191 1496 1375 1572; x_wconf 85' lang='lat' dir='ltr'><strong>interpretes</strong></span> <span class='ocrx_word' id='word_1_98' title='bbox 1456 1502 1457 1575; x_wconf 68' lang='lat' dir='ltr'><strong>j</strong></span> 
     </span>
    </p>
   </div>
   <div class='ocr_carea' id='block_1_7' title="bbox 363 1577 1373 1832">
    <p class='ocr_par' dir='ltr' id='par_1_7' title="bbox 363 1577 1373 1832">
     <span class='ocr_line' id='line_1_13' title="bbox 363 1577 1372 1662; baseline 0.001 -24"><span class='ocrx_word' id='word_1_99' title='bbox 363 1585 535 1658; x_wconf 75' lang='lat' dir='ltr'><strong>posueruut,</strong></span> <span class='ocrx_word' id='word_1_100' title='bbox 551 1580 697 1642; x_wconf 89' lang='lat' dir='ltr'><strong>dicentes:</strong></span> <span class='ocrx_word' id='word_1_101' title='bbox 719 1582 870 1654; x_wconf 79' lang='lat' dir='ltr'><strong>Quoniam</strong></span> <span class='ocrx_word' id='word_1_102' title='bbox 885 1577 1030 1662; x_wconf 74' lang='lat' dir='ltr'><strong>(omues)</strong></span> <span class='ocrx_word' id='word_1_103' title='bbox 1045 1584 1092 1644; x_wconf 82' lang='lat' dir='ltr'><strong>dit</strong></span> <span class='ocrx_word' id='word_1_104' title='bbox 1102 1585 1240 1657; x_wconf 72' lang='lat' dir='ltr'><strong>gentium</strong></span> <span class='ocrx_word' id='word_1_105' title='bbox 1251 1580 1372 1639; x_wconf 77' lang='lat' dir='ltr'><strong>dormo</strong></span> 
     </span>
     <span class='ocr_line' id='line_1_14' title="bbox 364 1661 1373 1744; baseline 0 -19"><span class='ocrx_word' id='word_1_106' title='bbox 364 1661 446 1744; x_wconf 83' lang='lat' dir='ltr'><strong>aia),</strong></span> <span class='ocrx_word' id='word_1_107' title='bbox 478 1695 515 1705; x_wconf 96' lang='lat'>-</span> <span class='ocrx_word' id='word_1_108' title='bbox 546 1680 583 1723; x_wconf 89' lang='lat' dir='ltr'><strong>ne</strong></span> <span class='ocrx_word' id='word_1_109' title='bbox 617 1666 683 1740; x_wconf 93' lang='lat' dir='ltr'><strong>quis</strong></span> <span class='ocrx_word' id='word_1_110' title='bbox 711 1680 782 1741; x_wconf 90' lang='lat' dir='ltr'><strong>ergo</strong></span> <span class='ocrx_word' id='word_1_111' title='bbox 813 1671 933 1741; x_wconf 86' lang='lat' dir='ltr'><strong>putaret</strong></span> <span class='ocrx_word' id='word_1_112' title='bbox 963 1665 1029 1722; x_wconf 86' lang='lat' dir='ltr'><strong>istis</strong></span> <span class='ocrx_word' id='word_1_113' title='bbox 1061 1663 1182 1740; x_wconf 90' lang='lat' dir='ltr'><strong>quidem</strong></span> <span class='ocrx_word' id='word_1_114' title='bbox 1208 1665 1373 1725; x_wconf 85' lang='lat' dir='ltr'><strong>daemoniis</strong></span> 
     </span>
     <span class='ocr_line' id='line_1_15' title="bbox 363 1749 1373 1832; baseline 0.003 -22"><span class='ocrx_word' id='word_1_115' title='bbox 363 1750 562 1832; x_wconf 86' lang='lat' dir='ltr'><strong>prohibitum,</strong></span> <span class='ocrx_word' id='word_1_116' title='bbox 589 1749 765 1812; x_wconf 87' lang='lat' dir='ltr'><strong>caelestibus</strong></span> <span class='ocrx_word' id='word_1_117' title='bbox 794 1759 894 1811; x_wconf 87' lang='lat' dir='ltr'><strong>autem</strong></span> <span class='ocrx_word' id='word_1_118' title='bbox 920 1750 965 1810; x_wconf 87' lang='lat' dir='ltr'><strong>vel</strong></span> <span class='ocrx_word' id='word_1_119' title='bbox 995 1749 1132 1810; x_wconf 88' lang='lat' dir='ltr'><strong>omnibus</strong></span> <span class='ocrx_word' id='word_1_120' title='bbox 1155 1751 1203 1811; x_wconf 89' lang='lat' dir='ltr'><strong>vel</strong></span> <span class='ocrx_word' id='word_1_121' title='bbox 1224 1752 1373 1831; x_wconf 84' lang='lat' dir='ltr'><strong>aliquibus</strong></span> 
     </span>
    </p>
   </div>
   <div class='ocr_carea' id='block_1_8' title="bbox 312 1838 1457 2183">
    <p class='ocr_par' dir='ltr' id='par_1_8' title="bbox 312 1838 1457 2183">
     <span class='ocr_line' id='line_1_16' title="bbox 312 1838 1457 1919; baseline -0.001 -15"><span class='ocrx_word' id='word_1_122' title='bbox 312 1851 346 1904; x_wconf 71' lang='lat'><strong>1⁶</strong></span> <span class='ocrx_word' id='word_1_123' title='bbox 365 1839 524 1900; x_wconf 81' lang='lat' dir='ltr'><strong>sacrificari</strong></span> <span class='ocrx_word' id='word_1_124' title='bbox 542 1856 608 1899; x_wconf 88' lang='lat' dir='ltr'><strong>esse</strong></span> <span class='ocrx_word' id='word_1_125' title='bbox 626 1841 813 1919; x_wconf 87' lang='lat' dir='ltr'><strong>permissum,</strong></span> <span class='ocrx_word' id='word_1_126' title='bbox 836 1857 903 1899; x_wconf 82' lang='lat' dir='ltr'><strong>mox</strong></span> <span class='ocrx_word' id='word_1_127' title='bbox 927 1838 1050 1899; x_wconf 86' lang='lat' dir='ltr'><strong>addidit:</strong></span> <span class='ocrx_word' id='word_1_128' title='bbox 1072 1840 1141 1899; x_wconf 79' lang='lat' dir='ltr'><strong>Nr’sr&#39;</strong></span> <span class='ocrx_word' id='word_1_129' title='bbox 1157 1840 1285 1901; x_wconf 80' lang='lat' dir='ltr'><strong>Domino</strong></span> <span class='ocrx_word' id='word_1_130' title='bbox 1307 1845 1374 1916; x_wconf 81' lang='lat' dir='ltr'><strong>coli,</strong></span> <span class='ocrx_word' id='word_1_131' title='bbox 1456 1892 1457 1913; x_wconf 56' lang='lat'><strong>,</strong></span> 
     </span>
     <span class='ocr_line' id='line_1_17' title="bbox 364 1926 1457 2013; baseline 0.003 -25"><span class='ocrx_word' id='word_1_132' title='bbox 364 1927 393 1989; x_wconf 93' lang='lat' dir='ltr'><strong>id</strong></span> <span class='ocrx_word' id='word_1_133' title='bbox 426 1936 472 1988; x_wconf 88' lang='lat' dir='ltr'><strong>est</strong></span> <span class='ocrx_word' id='word_1_134' title='bbox 504 1929 561 1988; x_wconf 90' lang='lat' dir='ltr'><strong>nisi</strong></span> <span class='ocrx_word' id='word_1_135' title='bbox 592 1926 716 1986; x_wconf 85' lang='lat' dir='ltr'><strong>Domino</strong></span> <span class='ocrx_word' id='word_1_136' title='bbox 749 1934 880 2007; x_wconf 72' lang='lat' dir='ltr'><strong>tantum,</strong></span> <span class='ocrx_word' id='word_1_137' title='bbox 912 1945 949 1986; x_wconf 91' lang='lat' dir='ltr'><strong>ne</strong></span> <span class='ocrx_word' id='word_1_138' title='bbox 978 1927 1054 1987; x_wconf 88' lang='lat' dir='ltr'><strong>io&#39;rte</strong></span> <span class='ocrx_word' id='word_1_139' title='bbox 1077 1929 1108 1987; x_wconf 91' lang='lat' dir='ltr'><strong>in</strong></span> <span class='ocrx_word' id='word_1_140' title='bbox 1132 1945 1181 2009; x_wconf 93' lang='lat' dir='ltr'><strong>eo,</strong></span> <span class='ocrx_word' id='word_1_141' title='bbox 1214 1928 1294 2007; x_wconf 91' lang='lat' dir='ltr'><strong>quod</strong></span> <span class='ocrx_word' id='word_1_142' title='bbox 1316 1931 1373 1991; x_wconf 88' lang='lat' dir='ltr'><strong>ait:</strong></span> <span class='ocrx_word' id='word_1_143' title='bbox 1456 1984 1457 2013; x_wconf 67' lang='lat'><strong>,</strong></span> 
     </span>
     <span class='ocr_line' id='line_1_18' title="bbox 364 2014 1374 2099; baseline 0.003 -23"><span class='ocrx_word' id='word_1_144' title='bbox 364 2017 491 2077; x_wconf 81' lang='lat' dir='ltr'><strong>Domino</strong></span> <span class='ocrx_word' id='word_1_145' title='bbox 512 2019 583 2091; x_wconf 81' lang='lat' dir='ltr'><strong>soti,</strong></span> <span class='ocrx_word' id='word_1_146' title='bbox 615 2014 772 2075; x_wconf 87' lang='lat' dir='ltr'><strong>Dominum</strong></span> <span class='ocrx_word' id='word_1_147' title='bbox 802 2014 895 2075; x_wconf 88' lang='lat' dir='ltr'><strong>solem</strong></span> <span class='ocrx_word' id='word_1_148' title='bbox 922 2015 1024 2076; x_wconf 87' lang='lat' dir='ltr'><strong>credat</strong></span> <span class='ocrx_word' id='word_1_149' title='bbox 1046 2031 1112 2075; x_wconf 87' lang='lat' dir='ltr'><strong>esse</strong></span> <span class='ocrx_word' id='word_1_150' title='bbox 1135 2019 1296 2099; x_wconf 85' lang='lat' dir='ltr'><strong>quispiam,</strong></span> <span class='ocrx_word' id='word_1_151' title='bbox 1323 2020 1374 2080; x_wconf 89' lang='lat' dir='ltr'><strong>oui</strong></span> 
     </span>
     <span class='ocr_line' id='line_1_19' title="bbox 363 2098 1457 2183; baseline 0.003 -18"><span class='ocrx_word' id='word_1_152' title='bbox 363 2103 588 2165; x_wconf 83' lang='lat' dir='ltr'><strong>sacrificandum</strong></span> <span class='ocrx_word' id='word_1_153' title='bbox 615 2110 712 2183; x_wconf 77' lang='lat' dir='ltr'><strong>putet3</strong></span> <span class='ocrx_word' id='word_1_154' title='bbox 740 2101 819 2180; x_wconf 93' lang='lat' dir='ltr'><strong>quod</strong></span> <span class='ocrx_word' id='word_1_155' title='bbox 848 2121 907 2164; x_wconf 89' lang='lat' dir='ltr'><strong>nou</strong></span> <span class='ocrx_word' id='word_1_156' title='bbox 933 2105 974 2163; x_wconf 91' lang='lat' dir='ltr'><strong>ita</strong></span> <span class='ocrx_word' id='word_1_157' title='bbox 997 2120 1062 2164; x_wconf 86' lang='lat' dir='ltr'><strong>esse</strong></span> <span class='ocrx_word' id='word_1_158' title='bbox 1086 2102 1318 2183; x_wconf 88' lang='lat' dir='ltr'><strong>intellegendum</strong></span> <span class='ocrx_word' id='word_1_159' title='bbox 1342 2109 1373 2167; x_wconf 88' lang='lat' dir='ltr'><strong>in</strong></span> <span class='ocrx_word' id='word_1_160' title='bbox 1456 2098 1457 2105; x_wconf 9' lang='grc' dir='ltr'>ἵ</span> 
     </span>
    </p>
   </div>
   <div class='ocr_carea' id='block_1_9' title="bbox 312 2191 1374 2800">
    <p class='ocr_par' dir='ltr' id='par_1_9' title="bbox 312 2191 1374 2800">
     <span class='ocr_line' id='line_1_20' title="bbox 364 2191 1003 2271; baseline -0.003 -17"><span class='ocrx_word' id='word_1_161' title='bbox 364 2194 520 2271; x_wconf 86' lang='lat' dir='ltr'><strong>scripturis</strong></span> <span class='ocrx_word' id='word_1_162' title='bbox 544 2191 664 2252; x_wconf 85' lang='lat' dir='ltr'><strong>Graecis</strong></span> <span class='ocrx_word' id='word_1_163' title='bbox 687 2191 823 2251; x_wconf 81' lang='lat' dir='ltr'><strong>facillime</strong></span> <span class='ocrx_word' id='word_1_164' title='bbox 847 2193 1003 2270; x_wconf 88' lang='lat' dir='ltr'><strong>reperitur.</strong></span> 
     </span>
     <span class='ocr_line' id='line_1_21' title="bbox 312 2278 1373 2360; baseline -0.001 -16"><span class='ocrx_word' id='word_1_165' title='bbox 312 2294 346 2347; x_wconf 80' lang='lat' dir='ltr'><strong>ao</strong></span> <span class='ocrx_word' id='word_1_166' title='bbox 453 2280 532 2342; x_wconf 85' lang='lat' dir='ltr'><strong>Deus</strong></span> <span class='ocrx_word' id='word_1_167' title='bbox 562 2283 652 2358; x_wconf 87' lang='lat' dir='ltr'><strong>igitur</strong></span> <span class='ocrx_word' id='word_1_168' title='bbox 682 2278 901 2360; x_wconf 85' lang='lat' dir='ltr'><strong>Hebraeorum,</strong></span> <span class='ocrx_word' id='word_1_169' title='bbox 935 2281 985 2340; x_wconf 92' lang='lat' dir='ltr'><strong>cui</strong></span> <span class='ocrx_word' id='word_1_170' title='bbox 1013 2286 1074 2341; x_wconf 70' lang='lat' dir='ltr'><strong>mm</strong></span> <span class='ocrx_word' id='word_1_171' title='bbox 1103 2298 1242 2359; x_wconf 88' lang='lat' dir='ltr'><strong>magnum</strong></span> <span class='ocrx_word' id='word_1_172' title='bbox 1270 2289 1373 2343; x_wconf 79' lang='lat' dir='ltr'><strong>tantm</strong></span> 
     </span>
     <span class='ocr_line' id='line_1_22' title="bbox 364 2367 1374 2451; baseline 0 -20"><span class='ocrx_word' id='word_1_173' title='bbox 364 2372 453 2431; x_wconf 89' lang='lat' dir='ltr'><strong>etiam</strong></span> <span class='ocrx_word' id='word_1_174' title='bbox 475 2372 532 2431; x_wconf 91' lang='lat' dir='ltr'><strong>iste</strong></span> <span class='ocrx_word' id='word_1_175' title='bbox 555 2367 748 2448; x_wconf 91' lang='lat' dir='ltr'><strong>philosophus</strong></span> <span class='ocrx_word' id='word_1_176' title='bbox 771 2367 907 2445; x_wconf 87' lang='lat' dir='ltr'><strong>perhibet</strong></span> <span class='ocrx_word' id='word_1_177' title='bbox 929 2369 1148 2451; x_wconf 88' lang='lat' dir='ltr'><strong>testimonium,</strong></span> <span class='ocrx_word' id='word_1_178' title='bbox 1170 2368 1268 2448; x_wconf 89' lang='lat' dir='ltr'><strong>legem</strong></span> <span class='ocrx_word' id='word_1_179' title='bbox 1290 2370 1374 2431; x_wconf 87' lang='lat' dir='ltr'><strong>dedit</strong></span> 
     </span>
     <span class='ocr_line' id='line_1_23' title="bbox 363 2454 1373 2538; baseline -0.001 -19"><span class='ocrx_word' id='word_1_180' title='bbox 363 2457 499 2520; x_wconf 89' lang='lat' dir='ltr'><strong>llebraeo</strong></span> <span class='ocrx_word' id='word_1_181' title='bbox 520 2456 630 2537; x_wconf 91' lang='lat' dir='ltr'><strong>populo</strong></span> <span class='ocrx_word' id='word_1_182' title='bbox 654 2474 723 2536; x_wconf 90' lang='lat' dir='ltr'><strong>suo,</strong></span> <span class='ocrx_word' id='word_1_183' title='bbox 751 2454 887 2516; x_wconf 91' lang='lat' dir='ltr'><strong>Hebraeo</strong></span> <span class='ocrx_word' id='word_1_184' title='bbox 910 2473 1047 2517; x_wconf 86' lang='lat' dir='ltr'><strong>sermone</strong></span> <span class='ocrx_word' id='word_1_185' title='bbox 1070 2459 1281 2538; x_wconf 88' lang='lat' dir='ltr'><strong>conscriptam,</strong></span> <span class='ocrx_word' id='word_1_186' title='bbox 1311 2476 1373 2518; x_wconf 90' lang='lat' dir='ltr'><strong>nou</strong></span> 
     </span>
     <span class='ocr_line' id='line_1_24' title="bbox 364 2542 1373 2624; baseline 0.002 -18"><span class='ocrx_word' id='word_1_187' title='bbox 364 2545 521 2617; x_wconf 83' lang='lat' dir='ltr'><strong>obscuram</strong></span> <span class='ocrx_word' id='word_1_188' title='bbox 544 2553 574 2605; x_wconf 89' lang='lat' dir='ltr'><strong>et</strong></span> <span class='ocrx_word' id='word_1_189' title='bbox 595 2546 790 2624; x_wconf 81' lang='lat' dir='ltr'><strong>incognitam,</strong></span> <span class='ocrx_word' id='word_1_190' title='bbox 813 2543 865 2607; x_wconf 91' lang='lat' dir='ltr'><strong>sed</strong></span> <span class='ocrx_word' id='word_1_191' title='bbox 888 2542 1026 2605; x_wconf 89' lang='lat' dir='ltr'><strong>omnibus</strong></span> <span class='ocrx_word' id='word_1_192' title='bbox 1048 2546 1106 2604; x_wconf 90' lang='lat' dir='ltr'><strong>iam</strong></span> <span class='ocrx_word' id='word_1_193' title='bbox 1129 2544 1267 2624; x_wconf 86' lang='lat' dir='ltr'><strong>gentibus</strong></span> <span class='ocrx_word' id='word_1_194' title='bbox 1290 2545 1373 2608; x_wconf 82' lang='lat' dir='ltr'><strong>ditia·</strong></span> 
     </span>
     <span class='ocr_line' id='line_1_25' title="bbox 364 2632 1372 2714; baseline 0.002 -20"><span class='ocrx_word' id='word_1_195' title='bbox 364 2643 481 2714; x_wconf 89' lang='lat' dir='ltr'><strong>matam,</strong></span> <span class='ocrx_word' id='word_1_196' title='bbox 503 2635 535 2693; x_wconf 90' lang='lat' dir='ltr'><strong>iu</strong></span> <span class='ocrx_word' id='word_1_197' title='bbox 558 2651 615 2711; x_wconf 89' lang='lat' dir='ltr'><strong>qua</strong></span> <span class='ocrx_word' id='word_1_198' title='bbox 637 2632 702 2712; x_wconf 90' lang='lat' dir='ltr'><strong>lege</strong></span> <span class='ocrx_word' id='word_1_199' title='bbox 724 2634 869 2712; x_wconf 89' lang='lat' dir='ltr'><strong>scriptum</strong></span> <span class='ocrx_word' id='word_1_200' title='bbox 892 2640 951 2693; x_wconf 87' lang='lat' dir='ltr'><strong>est:</strong></span> <span class='ocrx_word' id='word_1_201' title='bbox 975 2633 1165 2707; x_wconf 75' lang='lat' dir='ltr'><strong>Sacrificons</strong></span> <span class='ocrx_word' id='word_1_202' title='bbox 1187 2637 1247 2695; x_wconf 79' lang='lat' dir='ltr'><strong>dta&#39;s</strong></span> <span class='ocrx_word' id='word_1_203' title='bbox 1267 2638 1372 2696; x_wconf 64' lang='lat' dir='ltr'><strong>nodi·</strong></span> 
     </span>
     <span class='ocr_line' id='line_1_26' title="bbox 312 2719 1373 2800; baseline -0.001 -15"><span class='ocrx_word' id='word_1_204' title='bbox 312 2733 346 2785; x_wconf 78' lang='lat' dir='ltr'><strong>ao</strong></span> <span class='ocrx_word' id='word_1_205' title='bbox 365 2723 488 2783; x_wconf 81' lang='lat' dir='ltr'><strong>cabitur</strong></span> <span class='ocrx_word' id='word_1_206' title='bbox 510 2722 571 2781; x_wconf 79' lang='lat' dir='ltr'><strong>nist</strong></span> <span class='ocrx_word' id='word_1_207' title='bbox 587 2721 714 2782; x_wconf 80' lang='lat' dir='ltr'><strong>Domino</strong></span> <span class='ocrx_word' id='word_1_208' title='bbox 737 2727 862 2782; x_wconf 84' lang='lat' dir='ltr'><strong>tantum.</strong></span> <span class='ocrx_word' id='word_1_209' title='bbox 907 2719 986 2791; x_wconf 83' lang='lat' dir='ltr'><strong>Quid</strong></span> <span class='ocrx_word' id='word_1_210' title='bbox 1008 2739 1085 2800; x_wconf 88' lang='lat' dir='ltr'><strong>opus</strong></span> <span class='ocrx_word' id='word_1_211' title='bbox 1106 2723 1206 2782; x_wconf 87' lang='lat' dir='ltr'><strong>estin</strong></span> <span class='ocrx_word' id='word_1_212' title='bbox 1227 2721 1283 2783; x_wconf 90' lang='lat' dir='ltr'><strong>bac</strong></span> <span class='ocrx_word' id='word_1_213' title='bbox 1306 2725 1373 2784; x_wconf 87' lang='lat' dir='ltr'><strong>eius</strong></span> 
     </span>
    </p>
   </div>
   <div class='ocr_carea' id='block_1_10' title="bbox 363 2807 1457 2892">
    <p class='ocr_par' dir='ltr' id='par_1_10' title="bbox 363 2807 1457 2892">
     <span class='ocr_line' id='line_1_27' title="bbox 363 2807 1457 2892; baseline 0.004 -21"><span class='ocrx_word' id='word_1_214' title='bbox 363 2809 428 2888; x_wconf 89' lang='lat' dir='ltr'><strong>lege</strong></span> <span class='ocrx_word' id='word_1_215' title='bbox 452 2811 576 2886; x_wconf 90' lang='lat' dir='ltr'><strong>eiusque</strong></span> <span class='ocrx_word' id='word_1_216' title='bbox 598 2808 752 2888; x_wconf 90' lang='lat' dir='ltr'><strong>prophetis</strong></span> <span class='ocrx_word' id='word_1_217' title='bbox 775 2808 811 2870; x_wconf 88' lang='lat' dir='ltr'><strong>de</strong></span> <span class='ocrx_word' id='word_1_218' title='bbox 834 2809 889 2870; x_wconf 89' lang='lat' dir='ltr'><strong>bae</strong></span> <span class='ocrx_word' id='word_1_219' title='bbox 907 2826 941 2870; x_wconf 87' lang='lat' dir='ltr'><strong>re</strong></span> <span class='ocrx_word' id='word_1_220' title='bbox 959 2807 1052 2870; x_wconf 87' lang='lat' dir='ltr'><strong>multa</strong></span> <span class='ocrx_word' id='word_1_221' title='bbox 1068 2812 1257 2892; x_wconf 80' lang='lat' dir='ltr'><strong>perquirere3</strong></span> <span class='ocrx_word' id='word_1_222' title='bbox 1280 2812 1373 2872; x_wconf 90' lang='lat' dir='ltr'><strong>immo</strong></span> <span class='ocrx_word' id='word_1_223' title='bbox 1456 2828 1457 2875; x_wconf 70' lang='lat' dir='ltr'><strong>t</strong></span> 
     </span>
    </p>
   </div>
   <div class='ocr_carea' id='block_1_11' title="bbox 365 2896 1374 3065">
    <p class='ocr_par' dir='ltr' id='par_1_11' title="bbox 365 2896 1374 3065">
     <span class='ocr_line' id='line_1_28' title="bbox 365 2896 1374 2980; baseline 0.003 -22"><span class='ocrx_word' id='word_1_224' title='bbox 365 2915 424 2959; x_wconf 90' lang='lat' dir='ltr'><strong>non</strong></span> <span class='ocrx_word' id='word_1_225' title='bbox 456 2897 646 2978; x_wconf 90' lang='lat' dir='ltr'><strong>perquirere,</strong></span> <span class='ocrx_word' id='word_1_226' title='bbox 676 2913 735 2956; x_wconf 91' lang='lat' dir='ltr'><strong>non</strong></span> <span class='ocrx_word' id='word_1_227' title='bbox 764 2899 845 2958; x_wconf 89' lang='lat' dir='ltr'><strong>enim</strong></span> <span class='ocrx_word' id='word_1_228' title='bbox 873 2896 1009 2958; x_wconf 89' lang='lat' dir='ltr'><strong>abstrusa</strong></span> <span class='ocrx_word' id='word_1_229' title='bbox 1037 2896 1083 2958; x_wconf 82' lang='lat' dir='ltr'><strong>rel</strong></span> <span class='ocrx_word' id='word_1_230' title='bbox 1109 2915 1176 2958; x_wconf 88' lang='lat' dir='ltr'><strong>rara</strong></span> <span class='ocrx_word' id='word_1_231' title='bbox 1206 2906 1288 2980; x_wconf 87' lang='lat' dir='ltr'><strong>sunt,</strong></span> <span class='ocrx_word' id='word_1_232' title='bbox 1318 2899 1374 2961; x_wconf 88' lang='lat' dir='ltr'><strong>sed</strong></span> 
     </span>
     <span class='ocr_line' id='line_1_29' title="bbox 365 2983 1374 3065; baseline 0.002 -19"><span class='ocrx_word' id='word_1_233' title='bbox 365 2994 466 3065; x_wconf 89' lang='lat' dir='ltr'><strong>aperta</strong></span> <span class='ocrx_word' id='word_1_234' title='bbox 497 2993 528 3045; x_wconf 89' lang='lat' dir='ltr'><strong>et</strong></span> <span class='ocrx_word' id='word_1_235' title='bbox 559 2983 663 3044; x_wconf 89' lang='lat' dir='ltr'><strong>crebra</strong></span> <span class='ocrx_word' id='word_1_236' title='bbox 696 2984 835 3064; x_wconf 87' lang='lat' dir='ltr'><strong>colligere</strong></span> <span class='ocrx_word' id='word_1_237' title='bbox 867 2993 898 3048; x_wconf 92' lang='lat' dir='ltr'><strong>et</strong></span> <span class='ocrx_word' id='word_1_238' title='bbox 927 2987 958 3046; x_wconf 91' lang='lat' dir='ltr'><strong>in</strong></span> <span class='ocrx_word' id='word_1_239' title='bbox 988 2984 1045 3046; x_wconf 89' lang='lat' dir='ltr'><strong>hac</strong></span> <span class='ocrx_word' id='word_1_240' title='bbox 1076 2984 1274 3065; x_wconf 86' lang='lat' dir='ltr'><strong>disputatione</strong></span> <span class='ocrx_word' id='word_1_241' title='bbox 1306 3005 1374 3050; x_wconf 85' lang='lat' dir='ltr'><strong>mea</strong></span> 
     </span>
    </p>
   </div>
   <div class='ocr_carea' id='block_1_12' title="bbox 365 3070 1457 3155">
    <p class='ocr_par' dir='ltr' id='par_1_12' title="bbox 365 3070 1457 3155">
     <span class='ocr_line' id='line_1_30' title="bbox 365 3070 1457 3155; baseline 0.004 -21"><span class='ocrx_word' id='word_1_242' title='bbox 365 3092 491 3155; x_wconf 90' lang='lat' dir='ltr'><strong>ponere,</strong></span> <span class='ocrx_word' id='word_1_243' title='bbox 524 3071 632 3151; x_wconf 90' lang='lat' dir='ltr'><strong>quibus</strong></span> <span class='ocrx_word' id='word_1_244' title='bbox 664 3071 730 3134; x_wconf 89' lang='lat' dir='ltr'><strong>luce</strong></span> <span class='ocrx_word' id='word_1_245' title='bbox 763 3073 871 3134; x_wconf 89' lang='lat' dir='ltr'><strong>elarius</strong></span> <span class='ocrx_word' id='word_1_246' title='bbox 904 3082 1025 3152; x_wconf 86' lang='lat' dir='ltr'><strong>apparet</strong></span> <span class='ocrx_word' id='word_1_247' title='bbox 1057 3074 1129 3135; x_wconf 89' lang='lat' dir='ltr'><strong>nulli</strong></span> <span class='ocrx_word' id='word_1_248' title='bbox 1161 3077 1282 3135; x_wconf 89' lang='lat' dir='ltr'><strong>omuino</strong></span> <span class='ocrx_word' id='word_1_249' title='bbox 1313 3078 1374 3137; x_wconf 86' lang='lat' dir='ltr'><strong>uisi</strong></span> <span class='ocrx_word' id='word_1_250' title='bbox 1456 3070 1457 3145; x_wconf 51' lang='lat' dir='ltr'><em>Q</em></span> 
     </span>
    </p>
   </div>
   <div class='ocr_carea' id='block_1_13' title="bbox 313 3159 1374 3418">
    <p class='ocr_par' dir='ltr' id='par_1_13' title="bbox 313 3159 1374 3418">
     <span class='ocr_line' id='line_1_31' title="bbox 313 3159 1374 3226; baseline 0.002 -2"><span class='ocrx_word' id='word_1_251' title='bbox 313 3176 347 3225; x_wconf 86' lang='lat'><strong>30</strong></span> <span class='ocrx_word' id='word_1_252' title='bbox 367 3170 479 3224; x_wconf 89' lang='lat' dir='ltr'><strong>tantum</strong></span> <span class='ocrx_word' id='word_1_253' title='bbox 503 3159 559 3222; x_wconf 92' lang='lat' dir='ltr'><strong>sibi</strong></span> <span class='ocrx_word' id='word_1_254' title='bbox 578 3159 671 3220; x_wconf 85' lang='lat' dir='ltr'><strong>Deum</strong></span> <span class='ocrx_word' id='word_1_255' title='bbox 690 3179 793 3222; x_wconf 88' lang='lat' dir='ltr'><strong>verum</strong></span> <span class='ocrx_word' id='word_1_256' title='bbox 815 3170 847 3221; x_wconf 87' lang='lat' dir='ltr'><strong>et</strong></span> <span class='ocrx_word' id='word_1_257' title='bbox 869 3179 1016 3222; x_wconf 80' lang='lat' dir='ltr'><strong>summunt</strong></span> <span class='ocrx_word' id='word_1_258' title='bbox 1039 3161 1166 3222; x_wconf 87' lang='lat' dir='ltr'><strong>voluisse</strong></span> <span class='ocrx_word' id='word_1_259' title='bbox 1189 3160 1374 3226; x_wconf 74' lang='lat' dir='ltr'><strong>sacrificari?</strong></span> 
     </span>
     <span class='ocr_line' id='line_1_32' title="bbox 364 3247 1374 3333; baseline 0.003 -23"><span class='ocrx_word' id='word_1_260' title='bbox 364 3249 442 3310; x_wconf 84' lang='lat' dir='ltr'><strong>Eece</strong></span> <span class='ocrx_word' id='word_1_261' title='bbox 465 3249 522 3310; x_wconf 89' lang='lat' dir='ltr'><strong>boo</strong></span> <span class='ocrx_word' id='word_1_262' title='bbox 545 3265 638 3309; x_wconf 88' lang='lat' dir='ltr'><strong>unum</strong></span> <span class='ocrx_word' id='word_1_263' title='bbox 660 3247 804 3329; x_wconf 90' lang='lat' dir='ltr'><strong>breviter,</strong></span> <span class='ocrx_word' id='word_1_264' title='bbox 827 3251 917 3310; x_wconf 90' lang='lat' dir='ltr'><strong>immo</strong></span> <span class='ocrx_word' id='word_1_265' title='bbox 940 3249 1105 3330; x_wconf 87' lang='lat' dir='ltr'><strong>granditer,</strong></span> <span class='ocrx_word' id='word_1_266' title='bbox 1127 3252 1296 3333; x_wconf 88' lang='lat' dir='ltr'><strong>minaciter,</strong></span> <span class='ocrx_word' id='word_1_267' title='bbox 1318 3251 1374 3313; x_wconf 88' lang='lat' dir='ltr'><strong>sed</strong></span> 
     </span>
     <span class='ocr_line' id='line_1_33' title="bbox 365 3336 1373 3418; baseline 0.004 -21"><span class='ocrx_word' id='word_1_268' title='bbox 365 3340 510 3399; x_wconf 87' lang='lat' dir='ltr'><strong>veraciter</strong></span> <span class='ocrx_word' id='word_1_269' title='bbox 528 3336 640 3398; x_wconf 88' lang='lat' dir='ltr'><strong>dietum</strong></span> <span class='ocrx_word' id='word_1_270' title='bbox 659 3336 695 3398; x_wconf 87' lang='lat' dir='ltr'><strong>ab</strong></span> <span class='ocrx_word' id='word_1_271' title='bbox 712 3336 763 3397; x_wconf 92' lang='lat' dir='ltr'><strong>illo</strong></span> <span class='ocrx_word' id='word_1_272' title='bbox 781 3336 852 3418; x_wconf 74' lang='lat' dir='ltr'><strong>lieo,</strong></span> <span class='ocrx_word' id='word_1_273' title='bbox 875 3355 964 3417; x_wconf 88' lang='lat' dir='ltr'><strong>quem</strong></span> <span class='ocrx_word' id='word_1_274' title='bbox 983 3344 1042 3397; x_wconf 89' lang='lat' dir='ltr'><strong>tam</strong></span> <span class='ocrx_word' id='word_1_275' title='bbox 1065 3336 1244 3414; x_wconf 82' lang='lat' dir='ltr'><strong>excellenter</strong></span> <span class='ocrx_word' id='word_1_276' title='bbox 1267 3357 1373 3401; x_wconf 91' lang='lat' dir='ltr'><strong>eorum</strong></span> 
     </span>
    </p>
   </div>
   <div class='ocr_carea' id='block_1_14' title="bbox 433 3452 1376 3664">
    <p class='ocr_par' dir='ltr' id='par_1_14' title="bbox 433 3452 1376 3664">
     <span class='ocr_line' id='line_1_34' title="bbox 433 3452 1254 3524; baseline -0.004 -16"><span class='ocrx_word' id='word_1_277' title='bbox 433 3456 458 3524; x_wconf 89' lang='lat'><strong>1)</strong></span> <span class='ocrx_word' id='word_1_278' title='bbox 478 3453 519 3508; x_wconf 82' lang='lat' dir='ltr'><strong>of.</strong></span> <span class='ocrx_word' id='word_1_279' title='bbox 539 3459 599 3520; x_wconf 75' lang='lat' dir='ltr'><strong>aet,</strong></span> <span class='ocrx_word' id='word_1_280' title='bbox 615 3459 649 3508; x_wconf 84' lang='lat'><strong>14</strong></span> <span class='ocrx_word' id='word_1_281' title='bbox 659 3472 699 3523; x_wconf 87' lang='lat' dir='ltr'><strong>sq.</strong></span> <span class='ocrx_word' id='word_1_282' title='bbox 746 3457 773 3523; x_wconf 78' lang='grc'><strong>’1)</strong></span> <span class='ocrx_word' id='word_1_283' title='bbox 791 3453 877 3507; x_wconf 80' lang='lat' dir='ltr'><strong>Exod.</strong></span> <span class='ocrx_word' id='word_1_284' title='bbox 898 3457 941 3519; x_wconf 73' lang='lat'><strong>22,</strong></span> <span class='ocrx_word' id='word_1_285' title='bbox 956 3457 998 3506; x_wconf 78' lang='lat'><strong>20.</strong></span> <span class='ocrx_word' id='word_1_286' title='bbox 1046 3455 1090 3522; x_wconf 80' lang='lat' dir='ltr'><strong>ta)</strong></span> <span class='ocrx_word' id='word_1_287' title='bbox 1107 3452 1152 3506; x_wconf 87' lang='lat' dir='ltr'><strong>Pe.</strong></span> <span class='ocrx_word' id='word_1_288' title='bbox 1171 3456 1216 3520; x_wconf 69' lang='lat' dir='ltr'><strong>ib,</strong></span> <span class='ocrx_word' id='word_1_289' title='bbox 1230 3457 1254 3506; x_wconf 83' lang='lat' dir='ltr'><strong>b.</strong></span> 
     </span>
     <span class='ocr_line' id='line_1_35' title="bbox 433 3592 1376 3664; baseline -0.001 -16"><span class='ocrx_word' id='word_1_290' title='bbox 433 3599 466 3648; x_wconf 78' lang='lat'><strong>12</strong></span> <span class='ocrx_word' id='word_1_291' title='bbox 485 3611 580 3649; x_wconf 87' lang='lat' dir='ltr'><strong>omnes</strong></span> <span class='ocrx_word' id='word_1_292' title='bbox 601 3595 685 3661; x_wconf 59' lang='lat' dir='ltr'><strong>(inm</strong></span> <span class='ocrx_word' id='word_1_293' title='bbox 709 3611 759 3650; x_wconf 84' lang='lat' dir='ltr'><strong>om.</strong></span> <span class='ocrx_word' id='word_1_294' title='bbox 778 3595 857 3649; x_wconf 79' lang='lat' dir='ltr'><strong>RAe</strong></span> <span class='ocrx_word' id='word_1_295' title='bbox 880 3610 917 3663; x_wconf 82' lang='lat' dir='ltr'><strong>p;</strong></span> <span class='ocrx_word' id='word_1_296' title='bbox 939 3595 973 3660; x_wconf 80' lang='lat' dir='ltr'><strong>of.</strong></span> <span class='ocrx_word' id='word_1_297' title='bbox 993 3593 1040 3649; x_wconf 77' lang='lat' dir='ltr'><strong>lob.</strong></span> <span class='ocrx_word' id='word_1_298' title='bbox 1058 3598 1076 3647; x_wconf 89' lang='lat'><strong><em>1</em></strong></span> <span class='ocrx_word' id='word_1_299' title='bbox 1095 3609 1117 3649; x_wconf 87' lang='lat' dir='ltr'><strong>e.</strong></span> <span class='ocrx_word' id='word_1_300' title='bbox 1132 3595 1186 3659; x_wconf 75' lang='lat'><strong>29;</strong></span> <span class='ocrx_word' id='word_1_301' title='bbox 1204 3592 1222 3648; x_wconf 77' lang='lat' dir='ltr'><strong>t</strong></span> <span class='ocrx_word' id='word_1_302' title='bbox 1237 3597 1256 3647; x_wconf 88' lang='lat'><strong><em>9</em></strong></span> <span class='ocrx_word' id='word_1_303' title='bbox 1272 3610 1294 3648; x_wconf 83' lang='lat' dir='ltr'><strong>c.</strong></span> <span class='ocrx_word' id='word_1_304' title='bbox 1308 3595 1376 3664; x_wconf 73' lang='lat'><strong>231</strong></span> 
     </span>
    </p>
   </div>
   <div class='ocr_carea' id='block_1_15' title="bbox 361 3612 1367 3804">
    <p class='ocr_par' dir='ltr' id='par_1_15' title="bbox 361 3612 1367 3804">
     <span class='ocr_line' id='line_1_36' title="bbox 363 3612 1367 3735; baseline 0.001 -18"><span class='ocrx_word' id='word_1_305' title='bbox 363 3669 395 3718; x_wconf 83' lang='grc'><strong>17</strong></span> <span class='ocrx_word' id='word_1_306' title='bbox 419 3664 532 3719; x_wconf 88' lang='lat' dir='ltr'><strong>domino</strong></span> <span class='ocrx_word' id='word_1_307' title='bbox 551 3663 764 3735; x_wconf 58' lang='lat' dir='ltr'><strong>RAGabeqpm</strong></span> <span class='ocrx_word' id='word_1_308' title='bbox 787 3665 843 3719; x_wconf 82' lang='lat' dir='ltr'><strong>nisi</strong></span> <span class='ocrx_word' id='word_1_309' title='bbox 861 3612 981 3718; x_wconf 54' lang='lat' dir='ltr'><strong>flumine</strong></span> <span class='ocrx_word' id='word_1_310' title='bbox 999 3665 1066 3734; x_wconf 75' lang='lat' dir='ltr'><strong>aofl</strong></span> <span class='ocrx_word' id='word_1_311' title='bbox 1086 3668 1119 3717; x_wconf 87' lang='lat'><strong>18</strong></span> <span class='ocrx_word' id='word_1_312' title='bbox 1138 3665 1221 3732; x_wconf 80' lang='lat' dir='ltr'><strong>putet</strong></span> <span class='ocrx_word' id='word_1_313' title='bbox 1239 3663 1314 3733; x_wconf 55' lang='lat' dir='ltr'><strong>Rip</strong></span> <span class='ocrx_word' id='word_1_314' title='bbox 1331 3664 1367 3718; x_wconf 80' lang='lat' dir='ltr'><strong>ed</strong></span> 
     </span>
     <span class='ocr_line' id='line_1_37' title="bbox 361 3735 694 3804; baseline -0.003 -15"><span class='ocrx_word' id='word_1_315' title='bbox 361 3735 481 3802; x_wconf 80' lang='lat' dir='ltr'><strong>Looan.3</strong></span> <span class='ocrx_word' id='word_1_316' title='bbox 499 3737 584 3804; x_wconf 78' lang='lat' dir='ltr'><strong>putat</strong></span> <span class='ocrx_word' id='word_1_317' title='bbox 601 3735 658 3790; x_wconf 82' lang='lat' dir='ltr'><strong>rell.</strong></span> <span class='ocrx_word' id='word_1_318' title='bbox 678 3751 694 3788; x_wconf 88' lang='lat' dir='ltr'><strong>o</strong></span> 
     </span>
    </p>
   </div>
   <div class='ocr_carea' id='block_1_16' title="bbox 0 0 1648 4459">
    <p class='ocr_par' dir='ltr' id='par_1_16' title="bbox 0 0 1648 4459">
     <span class='ocr_line' id='line_1_38' title="bbox 0 0 1648 4459; baseline 0 0"><span class='ocrx_word' id='word_1_319' title='bbox 0 0 1648 4459; x_wconf 95' lang='lat' dir='ltr'><strong> </strong></span> 
     </span>
    </p>
   </div>
  </div>
 </body>
</html>
