<?xml version="1.0" encoding="UTF-8"?>
<!DOCTYPE html PUBLIC "-//W3C//DTD XHTML 1.0 Transitional//EN"
    "http://www.w3.org/TR/xhtml1/DTD/xhtml1-transitional.dtd">
<html xmlns="http://www.w3.org/1999/xhtml" xml:lang="en" lang="en">
 <head>
  <title>
</title>
<meta http-equiv="Content-Type" content="text/html;charset=utf-8" />
  <meta name='ocr-system' content='tesseract 3.04.00' />
  <meta name='ocr-capabilities' content='ocr_page ocr_carea ocr_par ocr_line ocrx_word'/>
</head>
<body>
  <div class='ocr_page' id='page_1' title='image "./sanctiaureliiau11augugoog_0636.png"; bbox 0 0 3284 4459; ppageno 0'>
   <div class='ocr_carea' id='block_1_1' title="bbox 180 3814 182 3925">
    <p class='ocr_par' dir='ltr' id='par_1_1' title="bbox 180 3814 182 3925">
     <span class='ocr_line' id='line_1_1' title="bbox 180 3814 181 3867; baseline 0 0"><span class='ocrx_word' id='word_1_1' title='bbox 180 3814 181 3867; x_wconf 90' lang='lat' dir='ltr'>l</span> 
     </span>
     <span class='ocr_line' id='line_1_2' title="bbox 180 3868 182 3925; baseline 0 0"><span class='ocrx_word' id='word_1_2' title='bbox 180 3868 182 3925; x_wconf 84' lang='lat' dir='ltr'>l</span> 
     </span>
    </p>
   </div>
   <div class='ocr_carea' id='block_1_2' title="bbox 334 461 939 523">
    <p class='ocr_par' dir='ltr' id='par_1_2' title="bbox 334 461 939 523">
     <span class='ocr_line' id='line_1_3' title="bbox 334 461 939 523; baseline -0.003 -8"><span class='ocrx_word' id='word_1_3' title='bbox 334 461 399 523; x_wconf 87' lang='grc'>618</span> <span class='ocrx_word' id='word_1_4' title='bbox 740 475 761 515; x_wconf 85' lang='lat' dir='ltr'>s.</span> <span class='ocrx_word' id='word_1_5' title='bbox 775 474 939 515; x_wconf 75' lang='lat' dir='ltr'>annosum</span> 
     </span>
    </p>
   </div>
   <div class='ocr_carea' id='block_1_3' title="bbox 283 607 1345 2273">
    <p class='ocr_par' dir='ltr' id='par_1_3' title="bbox 283 607 1345 2273">
     <span class='ocr_line' id='line_1_4' title="bbox 335 607 1343 689; baseline -0.002 -21"><span class='ocrx_word' id='word_1_6' title='bbox 335 608 475 689; x_wconf 87' lang='lat' dir='ltr'>credidit,</span> <span class='ocrx_word' id='word_1_7' title='bbox 508 627 595 687; x_wconf 90' lang='lat' dir='ltr'>quem</span> <span class='ocrx_word' id='word_1_8' title='bbox 626 608 808 669; x_wconf 88' lang='lat' dir='ltr'>crediturum</span> <span class='ocrx_word' id='word_1_9' title='bbox 837 610 900 687; x_wconf 88' lang='lat' dir='ltr'>ipse</span> <span class='ocrx_word' id='word_1_10' title='bbox 930 607 1071 688; x_wconf 88' lang='lat' dir='ltr'>laudarit,</span> <span class='ocrx_word' id='word_1_11' title='bbox 1101 609 1163 685; x_wconf 92' lang='lat' dir='ltr'>ipse</span> <span class='ocrx_word' id='word_1_12' title='bbox 1194 608 1343 687; x_wconf 83' lang='lat' dir='ltr'><strong>promisit,</strong></span> 
     </span>
     <span class='ocr_line' id='line_1_5' title="bbox 334 695 1343 776; baseline -0.002 -18"><span class='ocrx_word' id='word_1_13' title='bbox 334 700 398 776; x_wconf 91' lang='lat' dir='ltr'>ipse</span> <span class='ocrx_word' id='word_1_14' title='bbox 417 696 580 776; x_wconf 87' lang='lat' dir='ltr'>complevit.</span> <span class='ocrx_word' id='word_1_15' title='bbox 607 695 713 756; x_wconf 85' lang='lat' dir='ltr'>Utrum</span> <span class='ocrx_word' id='word_1_16' title='bbox 735 699 814 756; x_wconf 94' lang='lat' dir='ltr'>enim</span> <span class='ocrx_word' id='word_1_17' title='bbox 835 715 894 756; x_wconf 92' lang='lat' dir='ltr'>non</span> <span class='ocrx_word' id='word_1_18' title='bbox 913 704 1011 776; x_wconf 84' lang='lat' dir='ltr'>potest</span> <span class='ocrx_word' id='word_1_19' title='bbox 1031 695 1128 755; x_wconf 87' lang='lat' dir='ltr'>lacere</span> <span class='ocrx_word' id='word_1_20' title='bbox 1149 703 1183 755; x_wconf 89' lang='lat' dir='ltr'>nt</span> <span class='ocrx_word' id='word_1_21' title='bbox 1204 706 1343 773; x_wconf 80' lang='lat' dir='ltr'>resurgat</span> 
     </span>
     <span class='ocr_line' id='line_1_6' title="bbox 335 783 1341 864; baseline -0.002 -19"><span class='ocrx_word' id='word_1_22' title='bbox 335 803 403 845; x_wconf 88' lang='lat' dir='ltr'>caro</span> <span class='ocrx_word' id='word_1_23' title='bbox 431 794 461 847; x_wconf 84' lang='lat' dir='ltr'>et</span> <span class='ocrx_word' id='word_1_24' title='bbox 492 787 566 844; x_wconf 88' lang='lat' dir='ltr'>vivat</span> <span class='ocrx_word' id='word_1_25' title='bbox 589 786 619 845; x_wconf 91' lang='lat' dir='ltr'>in</span> <span class='ocrx_word' id='word_1_26' title='bbox 642 793 809 864; x_wconf 90' lang='lat' dir='ltr'>aeternum,</span> <span class='ocrx_word' id='word_1_27' title='bbox 833 803 869 844; x_wconf 95' lang='lat' dir='ltr'>an</span> <span class='ocrx_word' id='word_1_28' title='bbox 892 793 1050 863; x_wconf 88' lang='lat' dir='ltr'>propterea</span> <span class='ocrx_word' id='word_1_29' title='bbox 1073 783 1254 844; x_wconf 89' lang='lat' dir='ltr'>credendum</span> <span class='ocrx_word' id='word_1_30' title='bbox 1279 802 1341 843; x_wconf 94' lang='lat' dir='ltr'>non</span> 
     </span>
     <span class='ocr_line' id='line_1_7' title="bbox 335 871 1342 951; baseline -0.002 -18"><span class='ocrx_word' id='word_1_31' title='bbox 335 881 381 933; x_wconf 87' lang='lat' dir='ltr'>est</span> <span class='ocrx_word' id='word_1_32' title='bbox 409 873 438 933; x_wconf 94' lang='lat' dir='ltr'>id</span> <span class='ocrx_word' id='word_1_33' title='bbox 467 892 534 934; x_wconf 89' lang='lat' dir='ltr'>eum</span> <span class='ocrx_word' id='word_1_34' title='bbox 562 891 626 933; x_wconf 89' lang='lat' dir='ltr'>esse</span> <span class='ocrx_word' id='word_1_35' title='bbox 655 874 817 951; x_wconf 86' lang='lat' dir='ltr'>iacturum,</span> <span class='ocrx_word' id='word_1_36' title='bbox 850 875 917 951; x_wconf 88' lang='lat' dir='ltr'>quia</span> <span class='ocrx_word' id='word_1_37' title='bbox 945 871 1053 932; x_wconf 92' lang='lat' dir='ltr'>malum</span> <span class='ocrx_word' id='word_1_38' title='bbox 1084 880 1131 931; x_wconf 89' lang='lat' dir='ltr'>est</span> <span class='ocrx_word' id='word_1_39' title='bbox 1153 881 1240 950; x_wconf 86' lang='lat' dir='ltr'>atquc</span> <span class='ocrx_word' id='word_1_40' title='bbox 1264 871 1342 932; x_wconf 91' lang='lat' dir='ltr'>indi·</span> 
     </span>
     <span class='ocr_line' id='line_1_8' title="bbox 299 958 1344 1042; baseline -0.003 -20"><span class='ocrx_word' id='word_1_41' title='bbox 299 974 425 1039; x_wconf 76' lang='lat' dir='ltr'>bgnum</span> <span class='ocrx_word' id='word_1_42' title='bbox 445 958 533 1041; x_wconf 72' lang='lat' dir='ltr'>(est)</span> <span class='ocrx_word' id='word_1_43' title='bbox 555 958 637 1022; x_wconf 84' lang='lat' dir='ltr'>Deo?</span> <span class='ocrx_word' id='word_1_44' title='bbox 683 960 742 1022; x_wconf 88' lang='lat' dir='ltr'>Sed</span> <span class='ocrx_word' id='word_1_45' title='bbox 766 962 801 1022; x_wconf 92' lang='lat' dir='ltr'>de</span> <span class='ocrx_word' id='word_1_46' title='bbox 825 963 1039 1042; x_wconf 89' lang='lat' dir='ltr'>omnipotentia</span> <span class='ocrx_word' id='word_1_47' title='bbox 1061 963 1138 1039; x_wconf 89' lang='lat' dir='ltr'>eius,</span> <span class='ocrx_word' id='word_1_48' title='bbox 1166 978 1223 1039; x_wconf 87' lang='lat' dir='ltr'>qua</span> <span class='ocrx_word' id='word_1_49' title='bbox 1241 967 1288 1019; x_wconf 88' lang='lat' dir='ltr'>tot</span> <span class='ocrx_word' id='word_1_50' title='bbox 1312 968 1344 1019; x_wconf 87' lang='lat' dir='ltr'>et</span> 
     </span>
     <span class='ocr_line' id='line_1_9' title="bbox 336 1046 1342 1122; baseline -0.002 -13"><span class='ocrx_word' id='word_1_51' title='bbox 336 1058 415 1109; x_wconf 85' lang='lat' dir='ltr'>tanta</span> <span class='ocrx_word' id='word_1_52' title='bbox 438 1050 507 1109; x_wconf 88' lang='lat' dir='ltr'>lacit</span> <span class='ocrx_word' id='word_1_53' title='bbox 525 1047 716 1122; x_wconf 81' lang='lat' dir='ltr'>incredibilia,</span> <span class='ocrx_word' id='word_1_54' title='bbox 739 1050 797 1107; x_wconf 95' lang='lat' dir='ltr'>iam</span> <span class='ocrx_word' id='word_1_55' title='bbox 821 1046 911 1106; x_wconf 89' lang='lat' dir='ltr'>multa</span> <span class='ocrx_word' id='word_1_56' title='bbox 934 1046 1070 1106; x_wconf 83' lang='lat' dir='ltr'>diximus.</span> <span class='ocrx_word' id='word_1_57' title='bbox 1116 1046 1148 1105; x_wconf 92' lang='lat' dir='ltr'>Si</span> <span class='ocrx_word' id='word_1_58' title='bbox 1172 1046 1274 1108; x_wconf 87' lang='lat' dir='ltr'>volout</span> <span class='ocrx_word' id='word_1_59' title='bbox 1296 1050 1342 1107; x_wconf 91' lang='lat' dir='ltr'>in-</span> 
     </span>
     <span class='ocr_line' id='line_1_10' title="bbox 336 1134 1342 1216; baseline 0.002 -22"><span class='ocrx_word' id='word_1_60' title='bbox 336 1140 436 1197; x_wconf 87' lang='lat' dir='ltr'>venire</span> <span class='ocrx_word' id='word_1_61' title='bbox 460 1136 538 1216; x_wconf 90' lang='lat' dir='ltr'>qnod</span> <span class='ocrx_word' id='word_1_62' title='bbox 561 1137 747 1215; x_wconf 89' lang='lat' dir='ltr'>omnipotens</span> <span class='ocrx_word' id='word_1_63' title='bbox 771 1153 830 1195; x_wconf 95' lang='lat' dir='ltr'>non</span> <span class='ocrx_word' id='word_1_64' title='bbox 853 1144 964 1213; x_wconf 86' lang='lat' dir='ltr'>potest,</span> <span class='ocrx_word' id='word_1_65' title='bbox 987 1134 1096 1195; x_wconf 91' lang='lat' dir='ltr'>babent</span> <span class='ocrx_word' id='word_1_66' title='bbox 1117 1152 1256 1216; x_wconf 89' lang='lat' dir='ltr'>prorsus,</span> <span class='ocrx_word' id='word_1_67' title='bbox 1285 1154 1342 1214; x_wconf 81' lang='lat' dir='ltr'>ego</span> 
     </span>
     <span class='ocr_line' id='line_1_11' title="bbox 335 1221 1345 1303; baseline 0 -19"><span class='ocrx_word' id='word_1_68' title='bbox 335 1226 443 1287; x_wconf 89' lang='lat' dir='ltr'>dicam:</span> <span class='ocrx_word' id='word_1_69' title='bbox 471 1226 590 1285; x_wconf 89' lang='lat' dir='ltr'>mentiri</span> <span class='ocrx_word' id='word_1_70' title='bbox 617 1242 676 1283; x_wconf 93' lang='lat' dir='ltr'>non</span> <span class='ocrx_word' id='word_1_71' title='bbox 702 1231 808 1303; x_wconf 89' lang='lat' dir='ltr'>potest.</span> <span class='ocrx_word' id='word_1_72' title='bbox 855 1221 1016 1283; x_wconf 78' lang='lat' dir='ltr'>Credamus</span> <span class='ocrx_word' id='word_1_73' title='bbox 1045 1239 1116 1300; x_wconf 83' lang='lat' dir='ltr'>ergo</span> <span class='ocrx_word' id='word_1_74' title='bbox 1140 1222 1218 1301; x_wconf 90' lang='lat' dir='ltr'>quod</span> <span class='ocrx_word' id='word_1_75' title='bbox 1241 1233 1345 1301; x_wconf 87' lang='lat' dir='ltr'>potest</span> 
     </span>
     <span class='ocr_line' id='line_1_12' title="bbox 336 1310 1343 1391; baseline -0.002 -17"><span class='ocrx_word' id='word_1_76' title='bbox 336 1331 396 1374; x_wconf 90' lang='lat' dir='ltr'>non</span> <span class='ocrx_word' id='word_1_77' title='bbox 428 1312 576 1373; x_wconf 87' lang='lat' dir='ltr'>credendo</span> <span class='ocrx_word' id='word_1_78' title='bbox 608 1312 686 1391; x_wconf 87' lang='lat' dir='ltr'>qnod</span> <span class='ocrx_word' id='word_1_79' title='bbox 717 1330 776 1371; x_wconf 95' lang='lat' dir='ltr'>non</span> <span class='ocrx_word' id='word_1_80' title='bbox 806 1319 913 1390; x_wconf 86' lang='lat' dir='ltr'>potest.</span> <span class='ocrx_word' id='word_1_81' title='bbox 958 1310 1023 1370; x_wconf 88' lang='lat' dir='ltr'>Non</span> <span class='ocrx_word' id='word_1_82' title='bbox 1053 1312 1152 1389; x_wconf 85' lang='lat' dir='ltr'>itaque</span> <span class='ocrx_word' id='word_1_83' title='bbox 1182 1310 1343 1372; x_wconf 88' lang='lat' dir='ltr'>credentes</span> 
     </span>
     <span class='ocr_line' id='line_1_13' title="bbox 284 1398 1342 1480; baseline -0.001 -18"><span class='ocrx_word' id='word_1_84' title='bbox 284 1414 316 1463; x_wconf 92' lang='lat'>10</span> <span class='ocrx_word' id='word_1_85' title='bbox 336 1399 414 1480; x_wconf 88' lang='lat' dir='ltr'>quod</span> <span class='ocrx_word' id='word_1_86' title='bbox 433 1403 552 1463; x_wconf 88' lang='lat' dir='ltr'>mentiri</span> <span class='ocrx_word' id='word_1_87' title='bbox 572 1402 666 1479; x_wconf 88' lang='lat' dir='ltr'>possit</span> <span class='ocrx_word' id='word_1_88' title='bbox 684 1398 806 1460; x_wconf 88' lang='lat' dir='ltr'>credant</span> <span class='ocrx_word' id='word_1_89' title='bbox 830 1418 895 1459; x_wconf 89' lang='lat' dir='ltr'>esse</span> <span class='ocrx_word' id='word_1_90' title='bbox 918 1399 1065 1459; x_wconf 87' lang='lat' dir='ltr'>iacturum</span> <span class='ocrx_word' id='word_1_91' title='bbox 1089 1398 1167 1477; x_wconf 88' lang='lat' dir='ltr'>quod</span> <span class='ocrx_word' id='word_1_92' title='bbox 1191 1417 1223 1459; x_wconf 90' lang='lat' dir='ltr'>se</span> <span class='ocrx_word' id='word_1_93' title='bbox 1246 1400 1342 1461; x_wconf 86' lang='lat' dir='ltr'>iactu-</span> 
     </span>
     <span class='ocr_line' id='line_1_14' title="bbox 334 1486 1343 1570; baseline 0 -21"><span class='ocrx_word' id='word_1_94' title='bbox 334 1508 401 1550; x_wconf 89' lang='lat' dir='ltr'>rum</span> <span class='ocrx_word' id='word_1_95' title='bbox 421 1508 485 1550; x_wconf 90' lang='lat' dir='ltr'>esse</span> <span class='ocrx_word' id='word_1_96' title='bbox 504 1490 648 1570; x_wconf 91' lang='lat' dir='ltr'>promisit,</span> <span class='ocrx_word' id='word_1_97' title='bbox 670 1495 700 1549; x_wconf 93' lang='lat' dir='ltr'>et</span> <span class='ocrx_word' id='word_1_98' title='bbox 722 1491 765 1548; x_wconf 90' lang='lat' dir='ltr'>sic</span> <span class='ocrx_word' id='word_1_99' title='bbox 788 1486 919 1568; x_wconf 89' lang='lat' dir='ltr'>credant,</span> <span class='ocrx_word' id='word_1_100' title='bbox 941 1489 1031 1547; x_wconf 89' lang='lat' dir='ltr'>sicuti</span> <span class='ocrx_word' id='word_1_101' title='bbox 1053 1486 1179 1547; x_wconf 89' lang='lat' dir='ltr'>credidit</span> <span class='ocrx_word' id='word_1_102' title='bbox 1201 1489 1343 1569; x_wconf 89' lang='lat' dir='ltr'>mundus,</span> 
     </span>
     <span class='ocr_line' id='line_1_15' title="bbox 334 1575 1342 1656; baseline 0 -19"><span class='ocrx_word' id='word_1_103' title='bbox 334 1596 422 1656; x_wconf 83' lang='lat' dir='ltr'>quem</span> <span class='ocrx_word' id='word_1_104' title='bbox 453 1576 637 1638; x_wconf 91' lang='lat' dir='ltr'>crediturum</span> <span class='ocrx_word' id='word_1_105' title='bbox 664 1594 728 1636; x_wconf 89' lang='lat' dir='ltr'>esse</span> <span class='ocrx_word' id='word_1_106' title='bbox 756 1576 916 1655; x_wconf 79' lang='lat' dir='ltr'>praedixit,</span> <span class='ocrx_word' id='word_1_107' title='bbox 948 1593 1036 1653; x_wconf 86' lang='lat' dir='ltr'>quem</span> <span class='ocrx_word' id='word_1_108' title='bbox 1066 1575 1250 1636; x_wconf 85' lang='lat' dir='ltr'>crediturum</span> <span class='ocrx_word' id='word_1_109' title='bbox 1273 1596 1342 1637; x_wconf 86' lang='lat' dir='ltr'>esse</span> 
     </span>
     <span class='ocr_line' id='line_1_16' title="bbox 335 1664 1342 1745; baseline 0.001 -20"><span class='ocrx_word' id='word_1_110' title='bbox 335 1666 468 1745; x_wconf 85' lang='lat' dir='ltr'>laudavit,</span> <span class='ocrx_word' id='word_1_111' title='bbox 491 1682 579 1744; x_wconf 91' lang='lat' dir='ltr'>quem</span> <span class='ocrx_word' id='word_1_112' title='bbox 603 1664 785 1724; x_wconf 88' lang='lat' dir='ltr'>crediturum</span> <span class='ocrx_word' id='word_1_113' title='bbox 807 1682 873 1723; x_wconf 90' lang='lat' dir='ltr'>esse</span> <span class='ocrx_word' id='word_1_114' title='bbox 895 1665 1043 1743; x_wconf 78' lang='lat' dir='ltr'>promisit,</span> <span class='ocrx_word' id='word_1_115' title='bbox 1071 1681 1160 1743; x_wconf 87' lang='lat' dir='ltr'>quem</span> <span class='ocrx_word' id='word_1_116' title='bbox 1178 1664 1342 1726; x_wconf 85' lang='lat' dir='ltr'>credidisse</span> 
     </span>
     <span class='ocr_line' id='line_1_17' title="bbox 334 1751 1343 1815; baseline 0.001 -2"><span class='ocrx_word' id='word_1_117' title='bbox 334 1757 391 1815; x_wconf 91' lang='lat' dir='ltr'>iam</span> <span class='ocrx_word' id='word_1_118' title='bbox 414 1752 551 1814; x_wconf 80' lang='lat' dir='ltr'>ostendit.</span> <span class='ocrx_word' id='word_1_119' title='bbox 593 1752 656 1812; x_wconf 89' lang='lat' dir='ltr'>Hoc</span> <span class='ocrx_word' id='word_1_120' title='bbox 679 1762 776 1813; x_wconf 85' lang='lat' dir='ltr'>autom</span> <span class='ocrx_word' id='word_1_121' title='bbox 796 1751 904 1812; x_wconf 89' lang='lat' dir='ltr'>malum</span> <span class='ocrx_word' id='word_1_122' title='bbox 923 1769 988 1811; x_wconf 89' lang='lat' dir='ltr'>esse</span> <span class='ocrx_word' id='word_1_123' title='bbox 1013 1752 1090 1812; x_wconf 90' lang='lat' dir='ltr'>unde</span> <span class='ocrx_word' id='word_1_124' title='bbox 1114 1751 1343 1814; x_wconf 78' lang='lat' dir='ltr'>demonstrant?</span> 
     </span>
     <span class='ocr_line' id='line_1_18' title="bbox 283 1839 1342 1920; baseline 0 -18"><span class='ocrx_word' id='word_1_125' title='bbox 283 1855 314 1903; x_wconf 82' lang='lat'>15</span> <span class='ocrx_word' id='word_1_126' title='bbox 333 1842 398 1902; x_wconf 91' lang='lat' dir='ltr'>Non</span> <span class='ocrx_word' id='word_1_127' title='bbox 426 1844 483 1901; x_wconf 87' lang='lat' dir='ltr'>erit</span> <span class='ocrx_word' id='word_1_128' title='bbox 510 1840 569 1901; x_wconf 90' lang='lat' dir='ltr'>illic</span> <span class='ocrx_word' id='word_1_129' title='bbox 599 1840 656 1900; x_wconf 90' lang='lat' dir='ltr'>ulla</span> <span class='ocrx_word' id='word_1_130' title='bbox 685 1842 850 1920; x_wconf 86' lang='lat' dir='ltr'>corruptio,</span> <span class='ocrx_word' id='word_1_131' title='bbox 878 1839 957 1918; x_wconf 84' lang='lat' dir='ltr'>qood</span> <span class='ocrx_word' id='word_1_132' title='bbox 987 1848 1033 1899; x_wconf 90' lang='lat' dir='ltr'>est</span> <span class='ocrx_word' id='word_1_133' title='bbox 1059 1842 1193 1919; x_wconf 89' lang='lat' dir='ltr'>corporis</span> <span class='ocrx_word' id='word_1_134' title='bbox 1221 1842 1342 1902; x_wconf 90' lang='lat' dir='ltr'>malum.</span> 
     </span>
     <span class='ocr_line' id='line_1_19' title="bbox 334 1927 1342 2007; baseline 0 -18"><span class='ocrx_word' id='word_1_135' title='bbox 334 1930 375 1990; x_wconf 83' lang='lat' dir='ltr'>lle</span> <span class='ocrx_word' id='word_1_136' title='bbox 398 1929 502 1989; x_wconf 88' lang='lat' dir='ltr'>ordine</span> <span class='ocrx_word' id='word_1_137' title='bbox 525 1929 739 1989; x_wconf 88' lang='lat' dir='ltr'>elementorum</span> <span class='ocrx_word' id='word_1_138' title='bbox 763 1930 820 1987; x_wconf 87' lang='lat' dir='ltr'>iam</span> <span class='ocrx_word' id='word_1_139' title='bbox 843 1927 1069 2007; x_wconf 74' lang='lat' dir='ltr'>disputavimus,</span> <span class='ocrx_word' id='word_1_140' title='bbox 1099 1928 1136 1988; x_wconf 89' lang='lat' dir='ltr'>de</span> <span class='ocrx_word' id='word_1_141' title='bbox 1159 1929 1223 1989; x_wconf 91' lang='lat' dir='ltr'>aliis</span> <span class='ocrx_word' id='word_1_142' title='bbox 1245 1928 1342 1990; x_wconf 92' lang='lat' dir='ltr'>bomi-</span> 
     </span>
     <span class='ocr_line' id='line_1_20' title="bbox 334 2016 1342 2096; baseline -0.001 -18"><span class='ocrx_word' id='word_1_143' title='bbox 334 2036 406 2078; x_wconf 90' lang='lat' dir='ltr'>num</span> <span class='ocrx_word' id='word_1_144' title='bbox 428 2019 607 2078; x_wconf 89' lang='lat' dir='ltr'>coniecturis</span> <span class='ocrx_word' id='word_1_145' title='bbox 635 2019 706 2077; x_wconf 87' lang='lat' dir='ltr'>satis</span> <span class='ocrx_word' id='word_1_146' title='bbox 734 2016 874 2096; x_wconf 85' lang='lat' dir='ltr'>diximns;</span> <span class='ocrx_word' id='word_1_147' title='bbox 902 2025 1009 2094; x_wconf 91' lang='lat' dir='ltr'>quanta</span> <span class='ocrx_word' id='word_1_148' title='bbox 1036 2018 1076 2075; x_wconf 87' lang='lat' dir='ltr'>sit</span> <span class='ocrx_word' id='word_1_149' title='bbox 1098 2016 1197 2078; x_wconf 86' lang='lat' dir='ltr'>lutura</span> <span class='ocrx_word' id='word_1_150' title='bbox 1220 2021 1251 2077; x_wconf 95' lang='lat' dir='ltr'>in</span> <span class='ocrx_word' id='word_1_151' title='bbox 1276 2037 1342 2078; x_wconf 88' lang='lat' dir='ltr'>cor-</span> 
     </span>
     <span class='ocr_line' id='line_1_21' title="bbox 333 2103 1342 2186; baseline 0 -20"><span class='ocrx_word' id='word_1_152' title='bbox 333 2124 405 2186; x_wconf 84' lang='lat' dir='ltr'>pore</span> <span class='ocrx_word' id='word_1_153' title='bbox 437 2104 654 2184; x_wconf 84' lang='lat' dir='ltr'>incorruptibili</span> <span class='ocrx_word' id='word_1_154' title='bbox 686 2103 808 2165; x_wconf 82' lang='lat' dir='ltr'>facilitas</span> <span class='ocrx_word' id='word_1_155' title='bbox 840 2112 951 2184; x_wconf 89' lang='lat' dir='ltr'>motus,</span> <span class='ocrx_word' id='word_1_156' title='bbox 983 2104 1020 2163; x_wconf 87' lang='lat' dir='ltr'>dc</span> <span class='ocrx_word' id='word_1_157' title='bbox 1053 2108 1218 2183; x_wconf 87' lang='lat' dir='ltr'>praesentis</span> <span class='ocrx_word' id='word_1_158' title='bbox 1244 2105 1342 2166; x_wconf 90' lang='lat' dir='ltr'>bonae</span> 
     </span>
     <span class='ocr_line' id='line_1_22' title="bbox 334 2191 1343 2273; baseline 0.002 -21"><span class='ocrx_word' id='word_1_159' title='bbox 334 2193 507 2255; x_wconf 87' lang='lat' dir='ltr'>valetudinis</span> <span class='ocrx_word' id='word_1_160' title='bbox 544 2201 791 2273; x_wconf 88' lang='lat' dir='ltr'>temperamento,</span> <span class='ocrx_word' id='word_1_161' title='bbox 826 2210 900 2270; x_wconf 87' lang='lat' dir='ltr'>quac</span> <span class='ocrx_word' id='word_1_162' title='bbox 932 2194 1036 2270; x_wconf 89' lang='lat' dir='ltr'>utique</span> <span class='ocrx_word' id='word_1_163' title='bbox 1068 2191 1148 2252; x_wconf 91' lang='lat' dir='ltr'>nullo</span> <span class='ocrx_word' id='word_1_164' title='bbox 1182 2194 1271 2253; x_wconf 91' lang='lat' dir='ltr'>modo</span> <span class='ocrx_word' id='word_1_165' title='bbox 1298 2194 1343 2254; x_wconf 94' lang='lat' dir='ltr'>illi</span> 
     </span>
    </p>
   </div>
   <div class='ocr_carea' id='block_1_4' title="bbox 281 2279 1343 2538">
    <p class='ocr_par' dir='ltr' id='par_1_4' title="bbox 281 2279 1343 2538">
     <span class='ocr_line' id='line_1_23' title="bbox 281 2279 1343 2363; baseline -0.002 -19"><span class='ocrx_word' id='word_1_166' title='bbox 281 2296 314 2344; x_wconf 76' lang='lat'>20</span> <span class='ocrx_word' id='word_1_167' title='bbox 334 2281 528 2362; x_wconf 90' lang='lat' dir='ltr'>comparanda</span> <span class='ocrx_word' id='word_1_168' title='bbox 558 2289 603 2341; x_wconf 89' lang='lat' dir='ltr'>est</span> <span class='ocrx_word' id='word_1_169' title='bbox 625 2280 836 2361; x_wconf 81' lang='lat' dir='ltr'>inmortalitati,</span> <span class='ocrx_word' id='word_1_170' title='bbox 858 2281 888 2339; x_wconf 91' lang='lat' dir='ltr'>in</span> <span class='ocrx_word' id='word_1_171' title='bbox 911 2279 987 2339; x_wconf 90' lang='lat' dir='ltr'>libro</span> <span class='ocrx_word' id='word_1_172' title='bbox 1010 2282 1098 2340; x_wconf 86' lang='lat' dir='ltr'>tertio</span> <span class='ocrx_word' id='word_1_173' title='bbox 1122 2279 1236 2343; x_wconf 90' lang='lat' dir='ltr'>decimo</span> <span class='ocrx_word' id='word_1_174' title='bbox 1259 2285 1343 2363; x_wconf 90' lang='lat' dir='ltr'>satis,</span> 
     </span>
     <span class='ocr_line' id='line_1_24' title="bbox 334 2367 1342 2452; baseline -0.001 -21"><span class='ocrx_word' id='word_1_175' title='bbox 334 2380 367 2431; x_wconf 88' lang='lat' dir='ltr'>nt</span> <span class='ocrx_word' id='word_1_176' title='bbox 399 2373 519 2450; x_wconf 91' lang='lat' dir='ltr'>opinor,</span> <span class='ocrx_word' id='word_1_177' title='bbox 550 2370 742 2430; x_wconf 88' lang='lat' dir='ltr'>ostendimus.</span> <span class='ocrx_word' id='word_1_178' title='bbox 790 2367 902 2447; x_wconf 72' lang='lat' dir='ltr'>legant</span> <span class='ocrx_word' id='word_1_179' title='bbox 933 2370 1087 2446; x_wconf 89' lang='lat' dir='ltr'>superiora</span> <span class='ocrx_word' id='word_1_180' title='bbox 1114 2372 1214 2448; x_wconf 89' lang='lat' dir='ltr'>operis</span> <span class='ocrx_word' id='word_1_181' title='bbox 1240 2370 1342 2452; x_wconf 75' lang='lat' dir='ltr'>buirm,</span> 
     </span>
     <span class='ocr_line' id='line_1_25' title="bbox 334 2455 1318 2538; baseline -0.001 -18"><span class='ocrx_word' id='word_1_182' title='bbox 334 2461 385 2538; x_wconf 88' lang='lat' dir='ltr'>qui</span> <span class='ocrx_word' id='word_1_183' title='bbox 415 2458 459 2519; x_wconf 89' lang='lat' dir='ltr'>vel</span> <span class='ocrx_word' id='word_1_184' title='bbox 482 2477 541 2519; x_wconf 91' lang='lat' dir='ltr'>non</span> <span class='ocrx_word' id='word_1_185' title='bbox 564 2458 700 2537; x_wconf 78' lang='lat' dir='ltr'>legerunt</span> <span class='ocrx_word' id='word_1_186' title='bbox 722 2455 766 2517; x_wconf 90' lang='lat' dir='ltr'>vel</span> <span class='ocrx_word' id='word_1_187' title='bbox 790 2456 892 2515; x_wconf 91' lang='lat' dir='ltr'>volunt</span> <span class='ocrx_word' id='word_1_188' title='bbox 913 2455 1045 2516; x_wconf 88' lang='lat' dir='ltr'>recolere</span> <span class='ocrx_word' id='word_1_189' title='bbox 1070 2457 1148 2535; x_wconf 89' lang='lat' dir='ltr'>quod</span> <span class='ocrx_word' id='word_1_190' title='bbox 1172 2458 1318 2537; x_wconf 84' lang='lat' dir='ltr'>legerunt.</span> 
     </span>
    </p>
   </div>
   <div class='ocr_carea' id='block_1_5' title="bbox 339 2663 1343 2871">
    <p class='ocr_par' dir='ltr' id='par_1_5' title="bbox 339 2663 1343 2871">
     <span class='ocr_line' id='line_1_26' title="bbox 712 2663 959 2731; baseline -0.016 0"><span class='ocrx_word' id='word_1_191' title='bbox 712 2664 828 2731; x_wconf 79' lang='lat' dir='ltr'>Oarur</span> <span class='ocrx_word' id='word_1_192' title='bbox 843 2663 959 2727; x_wconf 87' lang='lat' dir='ltr'><strong>XXVI.</strong></span> 
     </span>
     <span class='ocr_line' id='line_1_27' title="bbox 339 2795 1343 2871; baseline 0.002 -18"><span class='ocrx_word' id='word_1_193' title='bbox 339 2796 403 2866; x_wconf 79' lang='lat' dir='ltr'>Quo</span> <span class='ocrx_word' id='word_1_194' title='bbox 433 2796 519 2855; x_wconf 82' lang='lat' dir='ltr'>modo</span> <span class='ocrx_word' id='word_1_195' title='bbox 543 2795 710 2869; x_wconf 78' lang='lat' dir='ltr'>Porphyrii</span> <span class='ocrx_word' id='word_1_196' title='bbox 737 2795 885 2868; x_wconf 79' lang='lat' dir='ltr'>definitio,</span> <span class='ocrx_word' id='word_1_197' title='bbox 913 2810 974 2867; x_wconf 80' lang='lat' dir='ltr'>qua</span> <span class='ocrx_word' id='word_1_198' title='bbox 1002 2795 1099 2854; x_wconf 82' lang='lat' dir='ltr'>beatis</span> <span class='ocrx_word' id='word_1_199' title='bbox 1121 2796 1230 2855; x_wconf 81' lang='lat' dir='ltr'>animis</span> <span class='ocrx_word' id='word_1_200' title='bbox 1249 2802 1343 2871; x_wconf 81' lang='lat' dir='ltr'>putat</span> 
     </span>
    </p>
   </div>
   <div class='ocr_carea' id='block_1_6' title="bbox 219 2848 1341 2958">
    <p class='ocr_par' dir='ltr' id='par_1_6' title="bbox 219 2848 1341 2958">
     <span class='ocr_line' id='line_1_28' title="bbox 219 2848 1341 2958; baseline -0.001 -13"><span class='ocrx_word' id='word_1_201' title='bbox 219 2848 220 2851; x_wconf 7' lang='grc' dir='ltr'><strong>Ἴ</strong></span> <span class='ocrx_word' id='word_1_202' title='bbox 282 2896 316 2944; x_wconf 78' lang='lat'>25</span> <span class='ocrx_word' id='word_1_203' title='bbox 335 2899 446 2958; x_wconf 84' lang='lat' dir='ltr'>corpus</span> <span class='ocrx_word' id='word_1_204' title='bbox 476 2899 562 2941; x_wconf 83' lang='lat' dir='ltr'>omne</span> <span class='ocrx_word' id='word_1_205' title='bbox 588 2879 787 2956; x_wconf 72' lang='lat' dir='ltr'>sopiendum,</span> <span class='ocrx_word' id='word_1_206' title='bbox 820 2884 915 2957; x_wconf 81' lang='lat' dir='ltr'>ipsius</span> <span class='ocrx_word' id='word_1_207' title='bbox 945 2882 1081 2943; x_wconf 79' lang='lat' dir='ltr'>Platonis</span> <span class='ocrx_word' id='word_1_208' title='bbox 1108 2885 1257 2943; x_wconf 79' lang='lat' dir='ltr'>scatentia</span> <span class='ocrx_word' id='word_1_209' title='bbox 1289 2885 1341 2944; x_wconf 85' lang='lat' dir='ltr'>de-</span> 
     </span>
    </p>
   </div>
   <div class='ocr_carea' id='block_1_7' title="bbox 364 2970 1311 3133">
    <p class='ocr_par' dir='ltr' id='par_1_7' title="bbox 364 2970 1311 3133">
     <span class='ocr_line' id='line_1_29' title="bbox 364 2970 1311 3050; baseline 0.001 -20"><span class='ocrx_word' id='word_1_210' title='bbox 364 2976 512 3050; x_wconf 81' lang='lat' dir='ltr'>struatur,</span> <span class='ocrx_word' id='word_1_211' title='bbox 536 2972 589 3044; x_wconf 82' lang='lat' dir='ltr'>qui</span> <span class='ocrx_word' id='word_1_212' title='bbox 611 2972 685 3029; x_wconf 82' lang='lat' dir='ltr'>dicit</span> <span class='ocrx_word' id='word_1_213' title='bbox 707 2986 852 3029; x_wconf 81' lang='lat' dir='ltr'>summum</span> <span class='ocrx_word' id='word_1_214' title='bbox 875 2970 971 3030; x_wconf 83' lang='lat' dir='ltr'>Deum</span> <span class='ocrx_word' id='word_1_215' title='bbox 994 2972 1053 3031; x_wconf 80' lang='lat' dir='ltr'>diis</span> <span class='ocrx_word' id='word_1_216' title='bbox 1070 2972 1253 3046; x_wconf 69' lang='lat' dir='ltr'>promisisse,</span> <span class='ocrx_word' id='word_1_217' title='bbox 1277 2979 1311 3031; x_wconf 80' lang='lat' dir='ltr'>ut</span> 
     </span>
     <span class='ocr_line' id='line_1_30' title="bbox 516 3060 1126 3133; baseline 0.01 -22"><span class='ocrx_word' id='word_1_218' title='bbox 516 3108 519 3111; x_wconf 87' lang='grc'><em>,</em></span> <span class='ocrx_word' id='word_1_219' title='bbox 545 3074 706 3131; x_wconf 76' lang='lat' dir='ltr'>reumquom</span> <span class='ocrx_word' id='word_1_220' title='bbox 730 3060 910 3133; x_wconf 77' lang='lat' dir='ltr'>corporibus</span> <span class='ocrx_word' id='word_1_221' title='bbox 931 3066 1126 3119; x_wconf 79' lang='lat' dir='ltr'>exuerentur.</span> 
     </span>
    </p>
   </div>
   <div class='ocr_carea' id='block_1_8' title="bbox 284 3179 1340 3526">
    <p class='ocr_par' dir='ltr' id='par_1_8' title="bbox 424 3179 1340 3262">
     <span class='ocr_line' id='line_1_31' title="bbox 424 3179 1340 3262; baseline 0.001 -21"><span class='ocrx_word' id='word_1_222' title='bbox 424 3180 482 3241; x_wconf 90' lang='lat' dir='ltr'>Sed</span> <span class='ocrx_word' id='word_1_223' title='bbox 501 3180 681 3260; x_wconf 83' lang='lat' dir='ltr'>Porphyrius</span> <span class='ocrx_word' id='word_1_224' title='bbox 701 3184 749 3262; x_wconf 92' lang='lat' dir='ltr'>ait,</span> <span class='ocrx_word' id='word_1_225' title='bbox 774 3182 922 3259; x_wconf 86' lang='lat' dir='ltr'>inquiunt,</span> <span class='ocrx_word' id='word_1_226' title='bbox 939 3190 973 3241; x_wconf 90' lang='lat' dir='ltr'>ut</span> <span class='ocrx_word' id='word_1_227' title='bbox 991 3179 1076 3241; x_wconf 86' lang='lat' dir='ltr'>beata</span> <span class='ocrx_word' id='word_1_228' title='bbox 1094 3182 1132 3242; x_wconf 92' lang='lat' dir='ltr'>sit</span> <span class='ocrx_word' id='word_1_229' title='bbox 1151 3184 1254 3259; x_wconf 89' lang='lat' dir='ltr'>anima,</span> <span class='ocrx_word' id='word_1_230' title='bbox 1274 3201 1340 3242; x_wconf 89' lang='lat' dir='ltr'>eor-</span> 
     </span>
    </p>

    <p class='ocr_par' dir='ltr' id='par_1_9' title="bbox 284 3265 1340 3526">
     <span class='ocr_line' id='line_1_32' title="bbox 336 3265 1340 3349; baseline 0 -19"><span class='ocrx_word' id='word_1_231' title='bbox 336 3289 392 3349; x_wconf 92' lang='lat' dir='ltr'>pus</span> <span class='ocrx_word' id='word_1_232' title='bbox 410 3287 475 3329; x_wconf 85' lang='lat' dir='ltr'>esse</span> <span class='ocrx_word' id='word_1_233' title='bbox 498 3286 584 3328; x_wconf 92' lang='lat' dir='ltr'>omne</span> <span class='ocrx_word' id='word_1_234' title='bbox 608 3265 788 3346; x_wconf 85' lang='lat' dir='ltr'>lixgiendum.</span> <span class='ocrx_word' id='word_1_235' title='bbox 826 3266 905 3327; x_wconf 89' lang='lat' dir='ltr'>Nihil</span> <span class='ocrx_word' id='word_1_236' title='bbox 928 3286 998 3345; x_wconf 85' lang='lat' dir='ltr'>ergo</span> <span class='ocrx_word' id='word_1_237' title='bbox 1019 3267 1183 3347; x_wconf 91' lang='lat' dir='ltr'>prodeest,</span> <span class='ocrx_word' id='word_1_238' title='bbox 1206 3271 1276 3347; x_wconf 90' lang='lat' dir='ltr'>quia</span> <span class='ocrx_word' id='word_1_239' title='bbox 1295 3273 1340 3330; x_wconf 95' lang='lat' dir='ltr'>in-</span> 
     </span>
     <span class='ocr_line' id='line_1_33' title="bbox 284 3355 1339 3437; baseline -0.002 -16"><span class='ocrx_word' id='word_1_240' title='bbox 284 3374 317 3421; x_wconf 81' lang='lat'>30</span> <span class='ocrx_word' id='word_1_241' title='bbox 338 3356 529 3437; x_wconf 88' lang='lat' dir='ltr'>corruptibile</span> <span class='ocrx_word' id='word_1_242' title='bbox 553 3355 679 3416; x_wconf 88' lang='lat' dir='ltr'>diximus</span> <span class='ocrx_word' id='word_1_243' title='bbox 703 3356 837 3415; x_wconf 84' lang='lat' dir='ltr'>loturum</span> <span class='ocrx_word' id='word_1_244' title='bbox 861 3372 983 3435; x_wconf 85' lang='lat' dir='ltr'>corpus,</span> <span class='ocrx_word' id='word_1_245' title='bbox 1006 3357 1031 3415; x_wconf 91' lang='lat' dir='ltr'>si</span> <span class='ocrx_word' id='word_1_246' title='bbox 1054 3358 1149 3416; x_wconf 88' lang='lat' dir='ltr'>anima</span> <span class='ocrx_word' id='word_1_247' title='bbox 1171 3357 1255 3418; x_wconf 90' lang='lat' dir='ltr'>beata</span> <span class='ocrx_word' id='word_1_248' title='bbox 1279 3378 1339 3419; x_wconf 93' lang='lat' dir='ltr'>non</span> 
     </span>
     <span class='ocr_line' id='line_1_34' title="bbox 336 3442 1340 3526; baseline 0 -20"><span class='ocrx_word' id='word_1_249' title='bbox 336 3449 411 3526; x_wconf 89' lang='lat' dir='ltr'>erit,</span> <span class='ocrx_word' id='word_1_250' title='bbox 439 3447 496 3505; x_wconf 88' lang='lat' dir='ltr'>nisi</span> <span class='ocrx_word' id='word_1_251' title='bbox 527 3462 613 3504; x_wconf 87' lang='lat' dir='ltr'>omne</span> <span class='ocrx_word' id='word_1_252' title='bbox 646 3461 754 3522; x_wconf 89' lang='lat' dir='ltr'>corpus</span> <span class='ocrx_word' id='word_1_253' title='bbox 787 3442 932 3519; x_wconf 79' lang='lat' dir='ltr'>effugerit.</span> <span class='ocrx_word' id='word_1_254' title='bbox 979 3442 1036 3503; x_wconf 90' lang='lat' dir='ltr'>Sed</span> <span class='ocrx_word' id='word_1_255' title='bbox 1067 3446 1123 3504; x_wconf 93' lang='lat' dir='ltr'>iam</span> <span class='ocrx_word' id='word_1_256' title='bbox 1153 3455 1182 3506; x_wconf 90' lang='lat' dir='ltr'>et</span> <span class='ocrx_word' id='word_1_257' title='bbox 1210 3445 1279 3505; x_wconf 90' lang='lat' dir='ltr'>binc</span> <span class='ocrx_word' id='word_1_258' title='bbox 1308 3451 1340 3507; x_wconf 91' lang='lat' dir='ltr'>in</span> 
     </span>
    </p>
   </div>
   <div class='ocr_carea' id='block_1_9' title="bbox 333 3578 1348 3861">
    <p class='ocr_par' dir='ltr' id='par_1_10' title="bbox 333 3578 1348 3861">
     <span class='ocr_line' id='line_1_35' title="bbox 405 3578 1348 3651; baseline 0.006 -20"><span class='ocrx_word' id='word_1_259' title='bbox 405 3584 421 3631; x_wconf 79' lang='lat'>4</span> <span class='ocrx_word' id='word_1_260' title='bbox 440 3578 588 3647; x_wconf 83' lang='lat' dir='ltr'>indignum</span> <span class='ocrx_word' id='word_1_261' title='bbox 602 3579 645 3631; x_wconf 82' lang='lat' dir='ltr'>est</span> <span class='ocrx_word' id='word_1_262' title='bbox 659 3578 698 3644; x_wconf 79' lang='lat' dir='ltr'>R3</span> <span class='ocrx_word' id='word_1_263' title='bbox 718 3579 760 3630; x_wconf 81' lang='lat' dir='ltr'>est</span> <span class='ocrx_word' id='word_1_264' title='bbox 775 3594 825 3631; x_wconf 79' lang='lat' dir='ltr'>oro.</span> <span class='ocrx_word' id='word_1_265' title='bbox 836 3578 913 3631; x_wconf 63' lang='lat' dir='ltr'>Aba</span> <span class='ocrx_word' id='word_1_266' title='bbox 927 3580 984 3634; x_wconf 84' lang='lat' dir='ltr'>rell.</span> <span class='ocrx_word' id='word_1_267' title='bbox 999 3597 1016 3634; x_wconf 88' lang='lat' dir='ltr'><strong><em>v</em></strong></span> <span class='ocrx_word' id='word_1_268' title='bbox 1029 3582 1038 3650; x_wconf 74' lang='lat' dir='ltr'>ll</span> <span class='ocrx_word' id='word_1_269' title='bbox 1052 3585 1068 3633; x_wconf 87' lang='grc'><strong>6</strong></span> <span class='ocrx_word' id='word_1_270' title='bbox 1083 3579 1151 3634; x_wconf 83' lang='lat' dir='ltr'>fecit</span> <span class='ocrx_word' id='word_1_271' title='bbox 1158 3598 1176 3651; x_wconf 80' lang='lat' dir='ltr'>p</span> <span class='ocrx_word' id='word_1_272' title='bbox 1189 3583 1199 3647; x_wconf 77' lang='grc'>11</span> <span class='ocrx_word' id='word_1_273' title='bbox 1213 3586 1246 3634; x_wconf 88' lang='lat'>11</span> <span class='ocrx_word' id='word_1_274' title='bbox 1260 3581 1348 3637; x_wconf 84' lang='lat' dir='ltr'>sicuti</span> 
     </span>
     <span class='ocr_line' id='line_1_36' title="bbox 334 3645 1346 3723; baseline 0.005 -21"><span class='ocrx_word' id='word_1_275' title='bbox 334 3649 392 3713; x_wconf 84' lang='lat' dir='ltr'>Ae;</span> <span class='ocrx_word' id='word_1_276' title='bbox 411 3647 484 3702; x_wconf 82' lang='lat' dir='ltr'>sicut</span> <span class='ocrx_word' id='word_1_277' title='bbox 501 3649 548 3701; x_wconf 87' lang='lat' dir='ltr'>hic</span> <span class='ocrx_word' id='word_1_278' title='bbox 565 3650 605 3712; x_wconf 79' lang='lat' dir='ltr'>R;</span> <span class='ocrx_word' id='word_1_279' title='bbox 624 3647 697 3700; x_wconf 80' lang='lat' dir='ltr'>sicut</span> <span class='ocrx_word' id='word_1_280' title='bbox 714 3645 745 3700; x_wconf 90' lang='lat' dir='ltr'>id</span> <span class='ocrx_word' id='word_1_281' title='bbox 763 3647 848 3718; x_wconf 72' lang='lat' dir='ltr'>xopp</span> <span class='ocrx_word' id='word_1_282' title='bbox 866 3649 906 3701; x_wconf 86' lang='lat' dir='ltr'>ecl.</span> <span class='ocrx_word' id='word_1_283' title='bbox 918 3651 1009 3717; x_wconf 74' lang='lat' dir='ltr'>pn&#39;nc.</span> <span class='ocrx_word' id='word_1_284' title='bbox 1024 3651 1066 3716; x_wconf 78' lang='lat' dir='ltr'>E;</span> <span class='ocrx_word' id='word_1_285' title='bbox 1086 3651 1158 3705; x_wconf 80' lang='lat' dir='ltr'>sicut</span> <span class='ocrx_word' id='word_1_286' title='bbox 1171 3668 1210 3706; x_wconf 84' lang='lat' dir='ltr'>av</span> <span class='ocrx_word' id='word_1_287' title='bbox 1223 3654 1232 3720; x_wconf 85' lang='grc' dir='ltr'>Ι]</span> <span class='ocrx_word' id='word_1_288' title='bbox 1246 3658 1280 3705; x_wconf 80' lang='lat'>21</span> <span class='ocrx_word' id='word_1_289' title='bbox 1300 3670 1346 3723; x_wconf 66' lang='lat' dir='ltr'>op,</span> 
     </span>
     <span class='ocr_line' id='line_1_37' title="bbox 334 3717 1345 3789; baseline 0.008 -19"><span class='ocrx_word' id='word_1_290' title='bbox 334 3718 391 3770; x_wconf 87' lang='lat' dir='ltr'>hui.</span> <span class='ocrx_word' id='word_1_291' title='bbox 411 3717 559 3782; x_wconf 41' lang='lat' dir='ltr'>Rotam</span> <span class='ocrx_word' id='word_1_292' title='bbox 583 3717 640 3770; x_wconf 91' lang='lat' dir='ltr'>hui.</span> <span class='ocrx_word' id='word_1_293' title='bbox 664 3733 707 3787; x_wconf 90' lang='lat' dir='ltr'>op.</span> <span class='ocrx_word' id='word_1_294' title='bbox 728 3717 766 3787; x_wconf 70' lang='grc' dir='ltr'>ὁρ</span> <span class='ocrx_word' id='word_1_295' title='bbox 785 3720 794 3786; x_wconf 85' lang='grc' dir='ltr'>ΙΙ</span> <span class='ocrx_word' id='word_1_296' title='bbox 815 3723 848 3770; x_wconf 77' lang='lat'>29</span> <span class='ocrx_word' id='word_1_297' title='bbox 871 3719 958 3787; x_wconf 87' lang='lat' dir='ltr'>prode</span> <span class='ocrx_word' id='word_1_298' title='bbox 983 3722 1027 3774; x_wconf 81' lang='lat' dir='ltr'>osb</span> <span class='ocrx_word' id='word_1_299' title='bbox 1050 3721 1120 3776; x_wconf 70' lang='lat' dir='ltr'>um</span> <span class='ocrx_word' id='word_1_300' title='bbox 1138 3722 1286 3789; x_wconf 69' lang='lat' dir='ltr'>(Romwcb,</span> <span class='ocrx_word' id='word_1_301' title='bbox 1308 3726 1345 3779; x_wconf 88' lang='lat' dir='ltr'>It.</span> 
     </span>
     <span class='ocr_line' id='line_1_38' title="bbox 333 3786 1348 3861; baseline 0.011 -22"><span class='ocrx_word' id='word_1_302' title='bbox 333 3804 360 3855; x_wconf 86' lang='lat' dir='ltr'>p.</span> <span class='ocrx_word' id='word_1_303' title='bbox 380 3792 451 3853; x_wconf 61' lang='lat'>46&amp;</span> <span class='ocrx_word' id='word_1_304' title='bbox 474 3788 571 3841; x_wconf 80' lang='lat' dir='ltr'>collect.</span> <span class='ocrx_word' id='word_1_305' title='bbox 586 3787 681 3854; x_wconf 79' lang='lat' dir='ltr'>philol.</span> <span class='ocrx_word' id='word_1_306' title='bbox 701 3786 741 3839; x_wconf 83' lang='lat' dir='ltr'>ed.</span> <span class='ocrx_word' id='word_1_307' title='bbox 762 3788 895 3857; x_wconf 77' lang='lat' dir='ltr'>Wapener</span> <span class='ocrx_word' id='word_1_308' title='bbox 910 3806 938 3857; x_wconf 83' lang='lat' dir='ltr'>p.</span> <span class='ocrx_word' id='word_1_309' title='bbox 953 3794 1008 3845; x_wconf 88' lang='lat'>305</span> <span class='ocrx_word' id='word_1_310' title='bbox 1026 3796 1099 3859; x_wconf 82' lang='lat' dir='ltr'>etc.);</span> <span class='ocrx_word' id='word_1_311' title='bbox 1120 3792 1236 3861; x_wconf 81' lang='lat' dir='ltr'>prodest</span> <span class='ocrx_word' id='word_1_312' title='bbox 1252 3795 1310 3848; x_wconf 84' lang='lat' dir='ltr'>rell.</span> <span class='ocrx_word' id='word_1_313' title='bbox 1330 3814 1348 3851; x_wconf 84' lang='lat' dir='ltr'>o</span> 
     </span>
    </p>
   </div>
   <div class='ocr_carea' id='block_1_10' title="bbox 0 0 1646 4459">
    <p class='ocr_par' dir='ltr' id='par_1_11' title="bbox 0 0 1646 4459">
     <span class='ocr_line' id='line_1_39' title="bbox 0 0 1646 4459; baseline 0 0"><span class='ocrx_word' id='word_1_314' title='bbox 0 0 1646 4459; x_wconf 95' lang='lat' dir='ltr'> </span> 
     </span>
    </p>
   </div>
  </div>
 </body>
</html>
