3284 4459
550 531 591 570 nn
605 529 749 571 arvernen
762 529 816 570 nm
831 530 856 570 n
870 530 931 570 xer.
945 529 968 570 o.
982 529 1015 570 rr.
1223 511 1285 577 169

510 713 515 718 ⁴
585 697 591 717 '⁵
647 728 765 796 Oneon
787 727 922 795 XXVII.

293 861 341 922 De
363 863 507 933 maseato,
531 862 585 934 qai
605 861 635 918 si
655 865 762 919 octavo
781 861 835 918 aie
857 875 917 918 noa
938 857 1037 934 faerit
1052 859 1283 930 'circumcisas'

327 950 414 1024 perit
435 950 538 1008 anima
560 950 634 1018 cias,
658 949 731 1020 qaia
755 952 962 1006 testamentum
986 947 1046 1007 lici
1068 949 1232 1023 dissipavit.

366 1070 440 1131 item
460 1079 559 1150 potest
577 1087 705 1150 movere,
723 1087 782 1148 qao
796 1067 884 1128 modo
904 1067 1034 1147 intellegi
1053 1078 1188 1146 oporteat
1207 1069 1289 1148 qnod

277 1161 324 1220 hic
348 1159 462 1219 dictum
485 1167 544 1218 est:
566 1157 733 1232 Masculus,
752 1160 806 1232 qai
823 1174 883 1218 aon
902 1160 1141 1218 circumcidetur
1160 1175 1286 1238 carnem
1306 1169 1321 1217 5

273 1250 433 1326 praeputii
454 1249 505 1308 sai
525 1253 634 1307 octova
657 1248 719 1319 die,
747 1246 886 1305 interibit
912 1249 1015 1306 anima
1039 1249 1091 1307 iila
1115 1249 1152 1307 de
1173 1264 1291 1322 penore.

277 1341 350 1410 eias,
375 1339 448 1411 qaia
471 1341 679 1396 testamentum
702 1346 799 1393 meam
824 1335 993 1409 dissipavit,
1021 1352 1090 1394 cum
1112 1333 1184 1395 haec
1208 1334 1287 1395 nulla

277 1424 363 1504 culpa
387 1425 426 1483 sit
449 1423 574 1503 parvuli,
596 1424 681 1482 cuins
705 1420 779 1481 dixit
801 1424 928 1481 animam
949 1424 1121 1503 perituram,
1144 1440 1200 1482 nec
1222 1424 1286 1501 ipse
1327 1471 1328 1476 ,

277 1514 465 1591 dissipaverit
488 1520 699 1571 testamentum
722 1509 788 1589 Dei,
816 1509 869 1570 sed
892 1511 1032 1591 maiores,
1060 1513 1113 1592 qni
1139 1529 1207 1572 eum
1230 1513 1286 1571 cir·

278 1599 448 1662 cumcidere
481 1617 541 1659 non
574 1607 729 1678 curarunt3
762 1599 819 1657 nisi
852 1599 921 1677 qnia
950 1600 1037 1659 etiam
1066 1598 1195 1680 parvuli,
1227 1616 1287 1660 non
1307 1610 1339 1658 10

277 1688 442 1749 secundnm
466 1705 536 1748 suae
560 1688 636 1746 vitae
658 1687 880 1766 proprietatem,
903 1684 955 1746 sed
974 1687 1138 1748 secundnm
1156 1705 1286 1747 eommu-

278 1796 346 1837 nem
375 1777 495 1855 generis
523 1776 644 1834 immani
670 1776 815 1852 originem
844 1792 947 1834 omnes
974 1776 1004 1834 in
1032 1773 1081 1834 illo
1111 1783 1286 1836 uno-testa·

279 1874 411 1925 mentum
444 1861 497 1924 Dei
530 1863 760 1944 dissipaverunt,
792 1864 824 1922 in
857 1880 915 1940 qno
948 1880 1050 1922 omnes
1080 1872 1286 1942 peccaverunt.

280 1953 369 2014 Multa
401 1954 510 2031 quippe
542 1949 727 2030 appellantur
764 1959 939 2010 testamenta
971 1949 1024 2018 Dei
1061 1955 1192 2030 exceptis
1228 1950 1295 2028 iliis¹

281 2040 396 2101 dnobus
420 2041 542 2119 magnis,
565 2047 664 2098 vetere
688 2047 718 2098 et
741 2056 826 2118 novo,
850 2039 928 2117 quod
948 2037 1018 2098 licet
1035 2041 1143 2118 cuique
1162 2036 1286 2117 legendo
1308 2049 1339 2097 15

281 2145 468 2208 cognoscere.
514 2126 737 2187 Testamentum
757 2121 865 2187 ⁴autem
892 2129 1036 2206 primum,
1070 2127 1149 2206 quod
1177 2127 1294 2188 sactum,

280 2227 325 2277 est
348 2216 385 2277 ad
408 2215 557 2276 hominem
579 2216 717 2296 primum,
740 2215 874 2293 proiecto
897 2213 968 2274 iliud
989 2224 1046 2276 est:
1074 2215 1140 2288 Oua
1155 2219 1204 2276 die
1218 2217 1285 2275 ede-

279 2309 358 2380 ritis,
380 2312 476 2364 morte
499 2305 677 2364 moriemini.
723 2301 807 2362 Unde
832 2304 1046 2382 scriptumest
1068 2305 1099 2363 in
1122 2301 1212 2383 libro,
1236 2305 1287 2382 qni
1344 2353 1348 2364 ,

279 2392 500 2454 ecclesiasticos
515 2385 691 2470 appellatur:
719 2391 820 2452 Omnis
835 2407 910 2470 caro
923 2393 1003 2451 sicot
1017 2393 1105 2452 restis
1120 2395 1285 2452 veterescit.

282 2481 500 2542 Testamentum
524 2483 602 2540 enim
626 2497 646 2538 a
664 2481 801 2539 caecato:
825 2479 925 2538 Morte
943 2481 1091 2540 morieris.
1115 2477 1189 2538 Cum
1208 2480 1287 2538 enim
1307 2489 1340 2538 20

279 2570 327 2629 ier
351 2568 514 2628 evidentior
536 2575 638 2647 postea
662 2567 728 2626 data
752 2568 805 2647 sit,
823 2575 852 2626 et
876 2565 953 2626 dicat
967 2565 1141 2646 apostolusa
1159 2568 1216 2628 Uiri
1233 2585 1295 2629 aar

279 2666 339 2718 tem
363 2674 421 2717 noa
446 2663 491 2716 est
512 2658 571 2729 lex,
594 2673 651 2716 nec
669 2650 909 2731 praevaricatae,
934 2673 992 2732 quo
1015 2663 1101 2734 pacto
1125 2657 1155 2716 in
1175 2654 1286 2734 psaimo

279 2745 360 2824 quod
384 2744 491 2822 iegitur
505 2761 608 2802 veram
631 2751 689 2804 est:
713 2743 987 2804 Praevaricatores
1010 2746 1167 2804 aestimavi
1188 2761 1288 2805 omncs

275 2841 458 2911 peccatores
486 2839 603 2905 terrae,
636 2832 693 2890 nisi
721 2833 790 2908 qnia
817 2847 921 2901 omnes
948 2829 1021 2909 legis
1050 2831 1173 2892 alienius
1203 2850 1286 2910 prae·

279 2923 425 2982 varicatae
449 2928 519 2980 sunt
541 2921 599 2999 rei,
627 2921 678 2996 qni
701 2918 798 2996 aliquo
821 2928 943 2998 peccato
966 2927 1107 2979 tenentur
1130 2916 1289 2980 obstricti?
1307 2933 1340 2980 25

280 3010 377 3081 Onam
404 3007 442 3067 ob
470 3025 533 3067 rem
561 3008 587 3066 si
615 3009 704 3067 etiam
731 3006 859 3086 parvuli,
892 3005 970 3084 quod
999 3019 1066 3066 vera
1095 3007 1167 3067 fides
1191 3006 1288 3088 habet,

280 3103 446 3158 nascuntur
468 3113 527 3155 non
550 3097 685 3176 proprie,
712 3095 764 3154 sed
793 3093 976 3172 originaliter
999 3105 1185 3177 peccatores,
1209 3095 1288 3156 unde

278 3186 339 3246 iilis
349 3185 472 3264 gratiam
486 3184 669 3243 remissionis
682 3191 872 3262 peccatorum
888 3185 1085 3243 neeessariam
1099 3185 1289 3245 confitemur:

278 3274 416 3353 proiecto
440 3289 475 3331 eo
499 3270 595 3351 modo,
617 3289 676 3349 qno
700 3280 770 3330 sunt
792 3279 974 3350 peccatoreS,
997 3274 1084 3332 etiam
1107 3275 1307 3351 praevarica-

278 3372 363 3447 tores
384 3359 458 3438 legis
480 3358 569 3440 iliius,
592 3360 718 3438 quaein
741 3356 877 3438 paradiso
901 3357 967 3419 data
990 3367 1049 3441 est,
1072 3368 1288 3439 agnoscuntur3
1307 3372 1341 3420 30

356 3505 383 3571 i)
410 3500 477 3557 Gen.
505 3507 607 3568 17,14.
689 3503 837 3569 13111011.
865 3509 894 3569 5,
915 3507 956 3556 11.
985 3540 988 3546 -
1041 3505 1084 3570 18)
1110 3501 1177 3554 Gen.
1205 3503 1295 3565 2,17.
1350 3497 1351 3504 ’

281 3576 330 3644 ao)
348 3573 434 3627 Eroti.
455 3579 498 3640 14,
513 3577 553 3626 18.
609 3575 654 3643 ee)
672 3573 752 3627 Rom.
772 3580 797 3641 t,
813 3579 854 3628 15.
911 3577 955 3642 et)
974 3573 1017 3626 Ps.
1040 3577 1099 3637 118,
1115 3577 1174 3624 119.

322 3766 325 3770 ι
356 3734 495 3786 o-ootauo
513 3731 639 3797 aron
659 3733 759 3785 octono
781 3733 916 3802 VAeppo
930 3734 940 3800 ΙΙ
955 3736 987 3785 11
1008 3747 1086 3784 auam
1106 3731 1133 3785 R
1146 3731 1155 3798 ῐΙ
1171 3734 1203 3782 19
1222 3731 1296 3783 rete-

280 3804 372 3858 rascit
387 3820 429 3872 po
447 3806 457 3873 ii
475 3808 508 3856 23
528 3803 687 3856 existimaui
709 3805 738 3856 V
