3284 4459
549 500 589 539 oa
604 496 747 540 ammana
760 495 854 539 omo.
869 497 944 540 xvn.
958 497 980 540 o.
995 499 1014 540 a.
1221 483 1287 549 21¹5

282 637 375 715 gessit
402 634 472 695 huia
499 632 685 694 succedendo
714 631 840 694 Samuel.
894 629 1022 693 Proinde
1052 649 1126 712 quae
1159 649 1287 711 sequun-

283 733 341 803 tur,
364 724 401 784 de
414 723 537 784 ›Christo
556 720 624 782 lesu
643 723 711 781 novi
729 723 897 782 testamenti
916 738 985 780 vero
1009 720 1161 783 sacerdote·
1184 722 1287 782 diann-

283 821 347 873 tur:
380 812 422 873 Et
450 812 602 872 suscitabo
628 811 703 870 milti
728 812 916 871 sacerdotem
941 812 1074 884 fidebant,
1106 813 1159 886 qni
1187 813 1289 872 omnia

283 918 363 976 qnae
394 905 426 961 in
452 901 547 962 corde
573 915 638 959 meo
668 904 699 959 et
725 915 805 973 qnae
831 902 863 959 in
891 901 993 960 anima
1020 915 1088 959 maa
1111 897 1228 974 facian
1260 905 1290 960 et

283 990 454 1061 aedificabo
471 990 502 1049 ei
518 989 780 1061 monobasiam.
816 985 882 1065 lpsa
900 993 947 1046 est
963 993 1084 1046 aeterna
1107 995 1137 1046 et
1159 1004 1287 1065 superna
1308 998 1324 1046 5

283 1076 476 1138 Hierusalem.
526 1075 567 1135 Et
597 1076 752 1155 transibit,
783 1077 894 1154 iuquit,
930 1091 1035 1138 aaran
1070 1073 1188 1136 Christo
1224 1091 1289 1136 meo

281 1167 420 1227 omnibns
451 1166 563 1226 diebos.
619 1163 773 1224 Transibit
803 1163 877 1224 dixit
898 1157 1180 1244 „eonrersabitur“;
1212 1165 1289 1224 siout

280 1255 422 1332 superins
449 1253 563 1313 dixerat
589 1251 625 1312 (le
658 1251 745 1312 domo
773 1251 883 1311 Aaron:
916 1251 1003 1312 Dixi:
1034 1252 1147 1313 Bomos
1173 1259 1226 1312 tua
1260 1257 1295 1312 et·

280 1345 389 1404 aomos
403 1344 505 1418 patris
522 1342 569 1401 tui
585 1341 758 1401 transibant
775 1356 880 1400 eoram
898 1356 945 1400 me
963 1342 995 1400 in
1009 1326 1173 1401 rotmanni.
1203 1338 1288 1410 Quod

280 1438 382 1491 aunem
409 1432 461 1490 ait:
494 1429 603 1489 Coram
633 1428 752 1489 Obrnto
778 1445 844 1488 aneo
872 1428 1027 1501 transibit,
1056 1426 1092 1488 de
1115 1429 1177 1507 ipsa
1200 1427 1288 1487 domo
1310 1440 1343 1488 ιο

282 1521 387 1597 utique
413 1515 644 1595 intellegendum
672 1524 731 1596 est,
759 1533 818 1575 non
843 1515 880 1575 de
903 1515 953 1575 illo
976 1515 1142 1596 sacerdote,
1169 1519 1220 1594 quui
1243 1525 1291 1577 est

281 1606 420 1667 Christus
447 1607 510 1684 ipse
540 1604 683 1664 mediator
706 1611 794 1681 atque
818 1603 951 1664 salvator.
997 1601 1107 1666 Domus
1130 1621 1201 1684 ergo
1224 1607 1290 1665 eius

281 1712 383 1755 eoram
401 1692 451 1754 illo
470 1692 614 1752 transibit.
650 1691 753 1752 Potest
771 1699 802 1752 et
819 1693 963 1752 transibit
980 1691 1112 1772 intellegi
1133 1690 1170 1752 de
1194 1703 1289 1754 morte

282 1783 318 1843 ad
337 1785 437 1862 vitam,
454 1783 590 1842 omnibns
608 1781 722 1858 diebus,
741 1780 849 1858 qualitas
867 1783 1019 1860 peragitur
1037 1799 1132 1860 usquo
1150 1783 1181 1842 in
1200 1782 1288 1842 finem

208 1905 213 1909 ³
283 1869 394 1931 saeculi
415 1869 503 1930 liuius
525 1871 582 1929 ista
601 1868 772 1928 mortalitas.
818 1867 903 1938 Quod
927 1877 1025 1929 autem
1048 1871 1089 1929 ait
1111 1868 1204 1932 Deus:
1232 1872 1291 1943 Qui
1310 1880 1343 1929 15

282 1962 384 2021 omnia
406 1960 534 2033 quaein
552 1959 647 2019 eorde
668 1973 734 2017 meo
756 1963 786 2017 et
807 1974 887 2031 qnae
909 1960 941 2018 in
964 1961 1067 2018 anima
1088 1975 1156 2019 mea
1175 1957 1291 2034 faeiat:
1362 1957 1364 1964 '

283 2065 342 2107 non
369 2045 549 2106 arbitremur
575 2044 684 2104 habere
711 2047 839 2105 animam
862 2042 968 2126 Deum,
996 2062 1064 2106 oum
1094 2047 1132 2106 sit
1155 2047 1290 2108 conditor

281 2138 410 2214 animae3
434 2133 485 2193 sed
508 2135 548 2193 ita
571 2132 628 2193 hoa
651 2132 686 2193 de
711 2131 772 2192 lleo
795 2135 922 2213 tropice,
947 2151 1005 2194 non
1028 2136 1148 2213 proprie
1172 2133 1290 2211 dicitur,

281 2226 361 2285 sicut
383 2240 488 2282 manns
516 2231 546 2282 et
573 2239 626 2300 pes
649 2229 680 2281 et
701 2220 756 2281 alia
780 2223 913 2299 corporis
937 2220 1076 2282 membra.
1123 2221 1160 2283 Et
1183 2242 1220 2284 ne
1244 2225 1293 2284 so·⁴

281 2310 414 2372 eundum
436 2309 493 2370 hoo
515 2307 655 2371 credatur
677 2309 765 2370 homo
788 2312 818 2370 in
843 2312 939 2370 earnis
962 2308 1051 2371 huius
1073 2310 1170 2389 effigie
1194 2312 1288 2372 laotos
1307 2323 1343 2372 to

281 2399 318 2459 ad
352 2400 508 2477 imaginem
540 2397 607 2474 liei,
639 2397 788 2459 adduntur
818 2407 849 2458 et
880 2397 956 2478 alae,
988 2416 1061 2477 quas
1094 2401 1197 2478 utique
1229 2417 1289 2460 non

281 2486 371 2547 habet
393 2487 494 2566 homo,
517 2495 548 2546 et
570 2485 679 2546 dieitur
702 2486 776 2546 lieo:
805 2487 868 2546 Sub
891 2488 999 2548 ambra
1023 2490 1143 2548 alaram
1166 2495 1296 2548 tuarum

278 2583 422 2653 proteges
453 2591 518 2645 tne,·
556 2583 588 2635 ut
623 2574 794 2653 intellegant
831 2574 965 2635 homines
996 2575 1032 2636 de
1068 2573 1117 2636 illa
1149 2575 1289 2636 inellabili

283 2672 407 2743 natura,
443 2680 502 2722 non
539 2665 685 2746 propriis,
727 2662 779 2722 sed
816 2662 965 2724 translatis
1002 2681 1102 2724 rernm
1139 2663 1289 2726 vocabulis

282 2754 339 2812 ista
362 2749 429 2812 (lici.
1201 2765 1203 2770 ’
1308 2763 1342 2812 to

291 2885 295 2893 .
372 2837 457 2910 Quod
484 2856 554 2898 vero
581 2837 764 2916 adiungitur:
796 2837 838 2899 Et
865 2842 936 2912 erit,
969 2843 1024 2914 qni
1044 2843 1235 2916 superaverit
1257 2844 1289 2901 in

280 2930 369 2989 domo
392 2935 454 3000 tna,
477 2930 576 2988 veniet
598 2930 734 2987 adorare
755 2929 798 3002 ei,
821 2945 881 2986 non
903 2929 1023 3006 proprie
1047 2927 1083 2988 tle
1107 2927 1193 2988 domo
1217 2929 1289 2990 dioi-

281 3025 332 3076 tnr
355 3015 444 3076 huius
462 3014 537 3095 lleli,
559 3014 612 3075 sed
634 3014 714 3075 illius
736 3014 843 3096 Aaron,
866 3014 901 3074 de
926 3031 983 3093 qua
1007 3033 1100 3095 usque
1124 3015 1159 3076 ad
1182 3016 1288 3077 adren-

281 3113 346 3164 tum
379 3103 446 3163 lesu
474 3102 583 3164 Christi
616 3102 750 3163 homines
778 3112 999 3183 remanserunt,
1027 3103 1064 3163 de
1092 3121 1151 3182 quo
1178 3123 1288 3183 genere

279 3194 371 3253 etiam
393 3209 473 3252 nuno
495 3209 592 3271 usqne
620 3209 678 3252 non
701 3190 817 3251 desunt.
863 3189 935 3250 Nam
958 3189 994 3252 de
1018 3190 1066 3253 illa
1089 3191 1175 3252 domo
1199 3191 1347 3254 laniosio

280 3279 348 3341 lleli
375 3282 433 3340 iam
459 3297 549 3359 snpra
580 3277 692 3340 dietum
719 3288 796 3339 erat:
830 3279 871 3339 Et
896 3282 991 3340 omnm
1018 3283 1072 3355 pai
1096 3286 1290 3356 superaverit

279 3371 386 3430 domas
404 3377 484 3442 tuae,
507 3371 648 3429 decident
665 3371 696 3428 in
713 3369 817 3442 alodio
836 3371 980 3430 ainornm.
1026 3367 1091 3440 Quo
1111 3368 1197 3428 modo
1217 3386 1287 3448 ergo

351 3499 559 3566 mmmn

352 3701 385 3749 19
404 3711 453 3765 pes
468 3695 608 3821 RFogp3
623 3697 709 3765 pedes
720 3697 839 3778 AGbeo
852 3699 862 3766 ΙΙ
876 3703 909 3751 23
924 3701 1053 3772 proteges
1066 3699 1206 3770 maneo
1220 3705 1290 3772 (ans-

279 3765 401 3835 noiasac);
414 3768 530 3837 protege
578 3768 730 3838 obponat
745 3768 875 3823 desudent
891 3771 1031 3840 RFbpp3
1046 3770 1157 3826 decidet
1167 3773 1289 3828 AGaeo
