3284 4459
528 479 532 483 '
556 493 596 532 nn
611 491 755 533 omnbus
769 493 822 531 nar
836 492 861 532 u.
875 492 937 532 xxr.
950 492 974 533 o.
988 494 1021 535 ar.
1226 479 1291 542 545

283 636 350 706 post
381 625 498 704 aliquod
531 635 648 704 tempus
680 644 696 686 a
729 625 914 686 damnatione
947 629 1106 687 novissima
1138 626 1290 687 liberetur.

283 716 344 775 Nec
371 714 409 773 ob
437 714 515 774 aliud
543 716 712 775 existimant
734 713 884 775 Christum
913 714 948 775 de
977 714 1039 775 solo
1069 715 1179 775 dilectu
1203 723 1289 795 atque

284 802 420 881 neglectu
448 802 683 881 elemosynarum
710 801 921 863 discretionem
947 806 1026 863 inter
1056 803 1176 864 dextros
1199 813 1229 863 et
1252 807 1289 865 si·

283 895 394 951 nistros
418 909 483 951 esse
506 891 667 965 iacturum,
696 908 822 969 quorum
852 890 923 951 alios
946 893 977 951 in
1000 910 1138 971 regnum,
1165 892 1237 952 alios
1260 895 1291 953 in

284 979 461 1058 supplicium
482 981 578 1040 mittat
596 988 758 1039 aeternum.
804 978 843 1039 Ut
861 987 959 1040 autem
980 980 1124 1041 cotidiana
1148 980 1204 1040 sibi
1228 984 1325 1060 opi-t

284 1076 403 1147 nentur,
426 1086 501 1146 quae
520 1068 617 1127 iacere
636 1069 756 1127 omnino
780 1086 838 1127 non
863 1078 988 1149 cessant,
1012 1068 1236 1147 qualiacumque
1262 1078 1291 1129 et

286 1164 521 1234 quantacumque
544 1157 618 1236 sint,
640 1174 694 1234 per
717 1155 899 1234 elemosynas
922 1155 1031 1217 dimitti
1052 1175 1139 1236 posse
1163 1165 1291 1238 peccata,

285 1245 461 1324 orationem,
488 1261 576 1322 quam
603 1243 704 1304 docuit
731 1246 794 1322 ipse
818 1243 974 1324 Dominus,
1002 1253 1033 1305 et
1060 1246 1292 1323 suffragatricem

286 1331 342 1392 sibi
365 1331 504 1392 adbibere
523 1339 667 1393 conantur
690 1340 722 1392 et
744 1340 859 1393 testem.
906 1332 990 1393 Sicut
1013 1335 1092 1403 enim
1115 1333 1213 1393 nullus
1237 1342 1291 1413 est,

286 1422 432 1499 inquiunt,
454 1419 526 1501 dies,
549 1438 608 1497 quo
632 1439 647 1480 a
666 1419 841 1481 Christianis
864 1420 936 1481 haec
960 1423 1053 1481 oratio
1077 1439 1136 1482 non
1160 1419 1291 1482 dicatur:
1312 1434 1344 1483 ιο

285 1511 325 1569 ita
353 1508 465 1569 nullum
493 1517 538 1568 est
566 1507 745 1569 cotidianum
773 1509 988 1589 qualecumque
1016 1518 1184 1589 peccatum,
1212 1510 1290 1589 quod

285 1615 339 1676 per
356 1596 435 1656 illam
453 1614 514 1656 non
537 1596 709 1677 dimittatur,
733 1616 802 1657 curn
825 1597 963 1659 dicimus:
986 1601 1109 1659 Dimitte
1131 1599 1217 1660 nobes
1240 1601 1289 1659 de·

286 1687 349 1745 bitu
375 1692 494 1759 nostro,
522 1686 548 1744 si
575 1685 654 1763 quod
682 1688 817 1765 sequitur
845 1686 942 1747 iacere
973 1705 1125 1749 curemus:
1155 1687 1243 1748 Sicut
1263 1694 1293 1748 et

286 1791 340 1834 nos
364 1776 538 1834 dimittimus
566 1775 750 1835 debitoribus
776 1778 896 1835 nostrie
941 1774 1006 1835 Non
1030 1778 1109 1836 enim
1132 1778 1172 1835 ait
1195 1775 1291 1835 Domi·

286 1880 356 1942 nus,
378 1864 530 1940 inquiunt:
561 1861 592 1922 Si
620 1861 791 1922 dimiseritis
814 1870 934 1940 peccata
957 1862 1139 1944 bominibus,
1163 1864 1291 1924 dimittet
1311 1874 1344 1923 15

286 1948 369 2011 vobis
390 1959 475 2028 pater
498 1957 596 2010 vester
618 1950 763 2009 cotidiana
785 1968 874 2029 parva
897 1958 1030 2029 peccata,
1054 1951 1120 2013 sed:
1147 1954 1290 2026 Dimittat,

286 2040 400 2119 inquit,
436 2039 519 2099 uobis
550 2044 682 2114 peccota
713 2045 823 2099 oestro.
878 2038 1109 2119 Qualiaoumque
1142 2059 1212 2119 ergo
1245 2040 1290 2100 vel

287 2134 524 2205 quantacumque
554 2128 628 2205 sint,
658 2127 772 2186 etiamsi
798 2126 906 2187 cotidie
934 2134 1144 2206 perpetrentur
1172 2146 1227 2188 nec
1256 2127 1291 2188 ab

286 2217 330 2275 eis
359 2215 417 2274 vita
445 2213 577 2273 discedat
604 2216 635 2273 in
663 2214 769 2274 melius
796 2223 986 2275 commutata:
1014 2232 1068 2293 ρει
1096 2215 1291 2294 elemosynam
1376 2239 1378 2243 ·

286 2304 388 2362 veniae
411 2319 470 2360 non
494 2310 615 2380 negatae
638 2304 749 2363 remitti
772 2301 828 2362 sibi
850 2320 938 2382 posse
961 2312 1163 2381 praesumunt.
1311 2314 1345 2364 ιο

377 2388 436 2449 Sed
458 2388 547 2470 bene,
576 2388 654 2467 quod
681 2392 731 2451 isti
754 2390 856 2468 dignas
879 2408 934 2469 pro
957 2393 1087 2470 peccatis
1111 2390 1293 2470 elemosynas

287 2485 477 2539 commonent
505 2495 571 2538 esse
601 2478 760 2559 iaciendas3
791 2480 930 2557 quoniam
960 2481 986 2539 si
1014 2478 1149 2539 dicerent
1179 2479 1292 2557 quales-

288 2584 415 2645 cumque
443 2565 626 2645 elemosynas
652 2585 706 2646 pro
734 2570 864 2646 peccatis
892 2576 921 2627 et
950 2567 1104 2627 cotidianis
1127 2575 1158 2628 et
1179 2568 1293 2647 magnis

288 2664 318 2716 et
354 2661 590 2734 quantacumque
627 2654 773 2716 scelerum
809 2654 1024 2716 consuetudine
1060 2656 1293 2717 misericordiam

287 2761 375 2823 posse
397 2745 556 2821 impetrare
579 2742 719 2824 divinam,
747 2753 781 2804 ut
803 2761 838 2803 ea
861 2743 1006 2803 cotidiana
1028 2746 1163 2805 remissio
1188 2762 1292 2823 seque·
1313 2756 1345 2806 25

288 2838 385 2912 retur,
412 2831 547 2892 viderent
573 2850 605 2891 se
628 2849 691 2892 rem
715 2831 814 2891 dicere
838 2830 995 2892 absurdam
1019 2838 1106 2912 atque
1129 2832 1293 2894 ridiculam.

289 2919 339 2980 Sic
362 2921 441 2980 enim
462 2928 641 2997 cogerentur
665 2920 751 2980 lateri
777 2921 843 2979 lieri
864 2937 967 2999 posse,
995 2927 1029 2980 nt
1051 2921 1293 2999 opulentissimus

288 3008 376 3068 bomo
391 3021 394 3024 ·
408 3006 512 3067 decem
543 3006 702 3067 nummulis
734 3007 849 3068 diurnis
885 3009 916 3068 in
949 3007 1130 3088 elemosynas
1162 3012 1293 3089 inpensis

288 3095 445 3155 homicidia
469 3104 499 3155 et
516 3095 658 3155 adulteria
681 3104 711 3155 et
734 3097 844 3156 nefaria
868 3113 1002 3176 quaeque
1025 3096 1102 3157 iacta
1125 3098 1293 3158 redimeret.

289 3184 375 3255 Quod
406 3186 432 3243 si
464 3182 710 3244 absurdissimum
741 3193 828 3263 atque
858 3186 1079 3245 insanissimum
1109 3195 1154 3246 est
1184 3185 1292 3266 dicere,
1312 3198 1346 3246 30

288 3273 422 3352 proiecto
450 3274 476 3332 si
500 3280 671 3353 quaeratur,
698 3290 772 3351 quae
796 3272 900 3350 dignae
925 3275 984 3334 sint
1006 3291 1060 3352 pro
1083 3276 1213 3352 peccatis
1236 3273 1293 3333 ele·

288 3378 436 3439 mosynae,
459 3360 494 3419 de
519 3359 627 3438 quibus
649 3362 737 3420 etiam
760 3358 870 3421 Christi
892 3378 1070 3439 praecursor
1092 3361 1141 3422 ille
1164 3361 1294 3423 dicebat:

358 3483 402 3550 ιι)
420 3480 470 3533 Mt.
490 3483 577 3545 s,1e;
598 3484 638 3531 ιι.

358 3618 390 3666 12
410 3610 562 3665 dimittitur
580 3611 608 3665 R
625 3612 634 3680 ΙΙ
653 3615 686 3664 ts
705 3612 824 3680 peecata
841 3626 895 3664 mss
909 3611 1005 3677 ptem
1025 3626 1100 3678 pecc.
1119 3612 1214 3665 uentre
1230 3612 1299 3682 Geli

288 3689 320 3739 ta
344 3683 471 3738 discedet
492 3683 695 3750 beaucoup
721 3682 761 3735 ed.
787 3682 877 3749 priua.
901 3680 1089 3750 (discedaturt
1118 3684 1184 3749 549,
1209 3685 1297 3753 7sq.);

285 3755 420 3809 descedat
437 3773 468 3826 9;
486 3753 634 3808 discedant
651 3769 667 3807 u
684 3753 694 3821 11
712 3756 746 3806 28
766 3750 894 3820 expensis
914 3752 942 3805 A
959 3753 968 3821 ss
986 3756 1021 3803 30
1040 3754 1069 3806 et
1087 3770 1103 3807 o

340 3862 397 3894 Auo.
411 3863 444 3893 ιιι
458 3862 505 3893 crv.
519 3863 567 3893 ιιιι.
590 3852 621 3893 Π,
1051 3844 1084 3893 35

1046 4100 1183 4151 Α
