3284 4459
352 496 420 560 314
753 505 776 548 s.
789 504 956 549 tuousrnu
1003 541 1007 549 .

353 641 460 724 lsrael,
487 660 562 721 quae
590 659 639 702 res
667 648 766 720 gestas
793 641 940 720 continet,
971 638 1010 701 de
1037 637 1147 717 quillus
1164 637 1266 700 eidem
1290 639 1362 700 scri·

353 740 458 812 pturae
478 732 635 792 canonicae
654 727 812 808 credimus,
831 735 1105 793 =commemorantur
1128 726 1263 808 plurima,
1286 745 1362 806 quae

354 818 396 880 ibi
415 837 473 880 non
489 818 673 899 explicantur
691 825 721 878 et
738 819 769 878 in
788 816 873 878 libris
891 816 1032 876 dicuntur
1049 815 1116 876 aliis
1133 817 1268 891 inveniri,
1287 833 1364 895 quos

354 907 515 988 prophetae
543 909 740 986 scripserunt,
767 913 798 966 et
819 903 934 966 alicubi
959 921 1064 965 eorum
1092 921 1212 983 quoque
1234 903 1363 985 prophe·

319 1005 452 1058 starum
484 998 603 1057 nomina
630 1012 689 1055 non
717 1001 869 1074 tacentur,
898 1010 957 1053 nec
982 1002 1083 1053 tamen
1109 994 1302 1053 inveniuntur
1330 994 1363 1052 in

355 1103 486 1165 canone,
516 1102 605 1163 quem
637 1084 751 1163 recepit
781 1081 910 1161 populus
941 1081 1003 1142 Dei
1048 1079 1142 1141 Cuius
1172 1082 1231 1161 rei,
1259 1080 1364 1162 fateor,

354 1191 442 1235 causa
461 1191 508 1233 me
521 1171 607 1251 latet,
630 1172 687 1232 nisi
704 1169 784 1249 quod
802 1171 939 1230 existimo
962 1171 1051 1230 etiam
1074 1171 1165 1250 ipsos,
1187 1167 1297 1247 quibus
1320 1187 1365 1250 ea,

355 1279 430 1342 qnae
453 1263 484 1322 in
506 1261 681 1332 auctoritate
709 1258 861 1338 religionis
888 1275 955 1319 esse
977 1256 1147 1338 deberent,
1162 1265 1283 1318 sanctus
1306 1259 1364 1318 uti·

355 1368 413 1429 que
441 1348 571 1429 Spiritus
598 1345 758 1427 revelabat,
787 1345 843 1407 alia
869 1348 948 1408 sicut
974 1345 1109 1407 homines
1136 1345 1278 1406 historica
1299 1344 1365 1406 (lili-

304 1451 337 1500 10
355 1440 469 1518 pontia,
501 1435 557 1498 alia
586 1438 664 1496 sicut
695 1434 854 1514 prophetas
881 1436 1074 1513 inspiratione
1106 1433 1204 1494 divina
1231 1432 1364 1494 scribere
1456 1490 1457 1497 ,

354 1529 500 1606 potuisse,
523 1533 611 1603 atque
633 1522 706 1583 haec
728 1525 768 1583 ita
792 1523 884 1583 luisse
907 1522 1060 1602 distincta,
1088 1532 1122 1582 ut
1143 1522 1191 1583 illa
1214 1530 1366 1601 tamquam
1456 1562 1457 1573 η

354 1616 436 1695 ipsis,
458 1616 513 1673 ista
532 1630 602 1673 vero
620 1620 769 1690 tamquam
788 1609 849 1670 [leo
868 1627 922 1690 per
939 1612 1020 1689 ipsos
1042 1609 1176 1690 loquenti
1197 1610 1365 1671 iudicaren-

355 1711 413 1763 tur.
433 1719 499 1762 esse
527 1698 697 1779 tribuenda,
725 1717 759 1760 ac
787 1701 831 1758 sic
858 1697 906 1758 illa
929 1701 1115 1777 pertinerent
1137 1697 1173 1760 ad
1197 1697 1366 1759 ubertatem

356 1789 543 1869 cognitionis,
565 1788 638 1849 haec
656 1787 692 1848 ad
717 1786 868 1866 religionis
890 1789 1105 1869 auctoritatem,
1128 1790 1159 1849 in
1182 1805 1241 1866 qua
1264 1795 1366 1848 aucto·
1457 1848 1458 1853 ,

305 1891 337 1940 ro
356 1881 443 1938 ritate
471 1875 638 1939 custoditur
666 1893 775 1956 canon,
802 1883 921 1954 practer
950 1888 1039 1954 quem
1065 1877 1123 1936 iam
1147 1877 1172 1936 si
1195 1892 1253 1955 qua
1276 1877 1367 1937 etiam

356 1965 412 2028 sub
444 1967 563 2027 nomine
596 1981 733 2025 verorum
769 1963 983 2044 prophetarum
1017 1966 1129 2043 scripta
1159 1965 1366 2045 proferuntur,

307 2131 311 2142 Β
355 2073 411 2115 nec
443 2051 479 2114 ad
511 2049 604 2134 ipsam
632 2055 746 2133 copiam
776 2053 917 2112 scientiae
949 2050 1059 2127 valent,
1091 2055 1230 2130 quoniam
1262 2061 1368 2115 utrum

355 2160 459 2204 corum
487 2144 561 2218 sint,
588 2159 716 2220 quorum
744 2157 810 2200 csse
833 2139 986 2220 dicuutur,
1017 2142 1166 2202 incertum
1188 2148 1250 2222 est3
1272 2149 1304 2202 et
1327 2140 1366 2202 oh

355 2229 412 2291 hoc
435 2231 478 2291 eis
501 2247 561 2291 non
584 2228 710 2290 habetur
738 2228 825 2307 fides,
854 2231 978 2288 maxime
1001 2227 1061 2310 his,
1090 2230 1121 2288 in
1144 2228 1254 2307 quihus
1275 2231 1368 2290 etiam
1458 2248 1459 2277 ι

303 2333 336 2381 20
355 2327 457 2381 contra
494 2317 582 2380 tidem
620 2317 764 2378 librorum
797 2318 1008 2377 canonicorum
1040 2317 1185 2395 quaedam
1215 2316 1368 2399 leguntur,

355 2418 478 2487 propter
500 2404 580 2487 quod
603 2423 638 2467 ea
659 2421 785 2490 prorsus
808 2421 870 2465 non
892 2421 959 2466 esse
982 2413 1105 2484 apparet
1126 2404 1253 2468 illorum.

714 2643 832 2710 Gneus
856 2643 1004 2713 XXXIX.

367 2775 424 2835 ,De
446 2775 608 2835 Hebraicis
631 2776 755 2847 litteris,
778 2790 859 2848 quae
880 2791 1045 2849 numquam
1066 2777 1099 2837 in
1121 2793 1198 2837 suae
1219 2779 1347 2852 Ιὶηρααε

648 2864 840 2939 proprietate
861 2878 922 2923 ooo
940 2861 1068 2938 fuerint.

302 2999 336 3049 ao
417 3003 419 3006 ·
445 2983 511 3043 Non
537 2985 636 3063 itaque
661 2983 843 3045 credendum
873 2991 932 3064 est,
960 2984 1040 3063 quod
1063 2984 1198 3047 nonnulli
1220 2986 1368 3050 arbitran-

356 3080 419 3152 tur,
447 3070 610 3131 llebraeam
636 3076 752 3132 tantum
779 3071 909 3151 linguam
931 3089 987 3152 per
1009 3073 1105 3154 illum,
1133 3076 1184 3153 qui
1207 3075 1370 3138 vocabatur

356 3159 464 3240 lieber,
487 3159 566 3219 unde
589 3158 792 3221 Hebraeorum
816 3158 991 3221 vocabulum
1014 3169 1074 3243 est,
1097 3161 1189 3222 luisse
1211 3173 1369 3247 servatam,

356 3257 444 3327 atque
467 3248 535 3308 inde
558 3247 728 3326 pervenisse
752 3247 788 3308 ad
811 3247 972 3330 Abraham,
995 3247 1144 3310 Hebraeas
1167 3259 1265 3311 autem
1289 3251 1369 3315 litte·

357 3354 405 3398 ras
422 3355 440 3396 a
458 3335 523 3414 lege
542 3338 685 3416 coepisse,
708 3354 783 3415 quae
808 3335 875 3397 data
897 3346 944 3396 est
967 3355 1021 3415 per
1038 3337 1169 3419 Moysen,
1192 3339 1243 3399 sed
1267 3343 1369 3419 potius

302 3441 337 3490 ³0
355 3441 410 3505 per
432 3424 512 3484 illam
540 3426 760 3485 successionem
788 3434 907 3504 patrum
931 3433 1122 3487 memoratam
1146 3425 1275 3505 linguam
1298 3446 1370 3490 eum

368 3587 371 3592 ¹
428 3578 455 3646 s)
476 3584 500 3631 1.
519 3575 618 3632 chron.
634 3555 680 3643 ns,
699 3579 745 3642 as;
760 3581 785 3629 s.
806 3575 906 3631 chron.
925 3582 950 3645 o,
969 3582 1011 3658 ²⁹,-

358 3703 569 3713 ———-————-

369 3761 396 3772 ”
431 3775 463 3823 1ss
481 3783 611 3822 uerornm
629 3769 945 3837 orsa;velerumolttt
964 3737 1166 3828 etiemmtsll
1212 3803 1226 3810 *-
1337 3792 1339 3802 ·
