3284 4459
536 511 577 551 nn
591 503 733 551 omasus
747 512 801 551 om
814 512 840 551 n.
854 511 929 554 xxn.
944 511 966 553 o.
981 513 1001 553 s.
1205 498 1270 563 579

260 664 354 726 remo,
375 653 499 726 propter
522 644 601 723 qnod
620 647 716 705 omnia
739 646 795 704 ista
818 644 959 706 dicuntur
982 663 999 706 a
1021 645 1117 729 nobis,
1139 648 1170 708 in
1193 665 1271 729 eum,

261 736 314 813 qui
341 734 475 794 ascendit
501 736 533 793 in
560 732 673 795 caelum
697 751 891 814 cumcurm,
921 736 953 793 in
976 752 1034 815 qua
1057 746 1271 817 resurrexerat,

260 822 401 903 credidit3
428 831 458 882 et
485 821 552 882 ideo
574 840 630 901 per
652 840 721 882 eum
743 830 824 881 tanta
843 822 935 903 dnm,
966 824 1035 901 quia
1056 842 1111 903 pro
1134 826 1190 885 ista
1214 823 1270 885 fide

260 913 388 971 animam
407 911 507 989 posuit
524 927 616 971 suam.
661 909 751 970 Fiunt
769 928 840 989 ergo
860 911 1046 973 etiamnunc
1069 912 1161 972 multa
1184 915 1270 973 mira·

260 999 328 1060 cula
359 998 463 1059 eodem
495 996 557 1058 lleo
588 998 714 1059 iaciente
751 1017 806 1077 per
845 1017 920 1076 quos
959 998 1021 1060 vult
1052 1008 1083 1061 et
1115 1019 1203 1079 quem
1233 1000 1306 1063 ado

260 1087 383 1149 modum
406 1086 483 1166 vult,
506 1089 557 1165 qui
579 1094 612 1147 et
632 1086 680 1145 illa
704 1104 779 1165 quae
803 1087 928 1165 legimns
952 1087 1035 1168 lecit3
1058 1087 1110 1149 sed
1134 1091 1191 1150 ista
1215 1108 1269 1150 nec

260 1175 398 1237 similitor
416 1177 607 1236 innotescunt
629 1192 735 1254 neque,
759 1181 793 1235 ut
810 1192 870 1235 non
894 1174 1039 1235 excedant
1055 1178 1162 1257 animo,
1187 1180 1271 1255 qnasi

259 1264 360 1344 glarea
392 1264 566 1343 memoriae,
597 1261 703 1323 crebra
734 1261 861 1324 lectione
900 1263 1075 1327 tunduntur.
1135 1264 1209 1325 Nam
1241 1273 1271 1325 et

259 1351 311 1414 ubl
346 1350 496 1430 diligentia
523 1358 584 1432 est,
612 1368 686 1429 qnae
714 1369 795 1412 nuno
823 1351 901 1431 apud
928 1369 982 1412 nos
1012 1370 1078 1413 osse
1102 1355 1214 1434 coepit,
1236 1361 1271 1414 ut

260 1438 354 1501 libelli
377 1456 494 1520 eorum,
523 1440 574 1518 qrri
600 1438 743 1499 beneficia
766 1441 950 1521 percipiunt,
977 1442 1142 1501 recitentur
1164 1442 1196 1501 in
1218 1452 1324 1520 po·1o

260 1528 345 1609 pulo,
372 1527 464 1588 semel
492 1527 550 1588 hoo
578 1528 702 1587 audiunt
731 1530 783 1607 qui
810 1526 918 1589 adsunt
950 1528 1111 1607 pluresque
1138 1546 1198 1590 noo
1221 1528 1269 1592 ad·

262 1624 345 1696 sunt,
377 1623 411 1677 ut
438 1633 494 1676 nec
517 1615 573 1696 illi,
601 1618 651 1694 qrri
678 1614 852 1696 adfuerunt,
879 1624 946 1695 post
969 1616 1082 1695 aliquot
1104 1617 1167 1678 dies
1191 1618 1269 1696 quod

262 1703 420 1766 audierunt
447 1712 546 1764 mente
575 1706 721 1765 retineant
744 1711 774 1763 et
796 1706 844 1763 vix
868 1706 994 1783 quisque
1017 1707 1185 1784 reperiatur
1208 1706 1270 1766 illo-

262 1811 343 1874 rum,
366 1794 417 1872 qui
440 1795 480 1873 ei,
503 1810 591 1871 qtrem
615 1810 674 1852 non
697 1791 827 1852 adfuisse
851 1796 1035 1873 cognoverit,
1058 1794 1169 1855 indicet
1192 1793 1270 1874 qnod

263 1880 382 1943 audivit.
1292 1893 1324 1943 15

351 1968 450 2031 Unum
463 1978 510 2029 cst
523 1967 601 2047 apud
620 1986 675 2027 nos
693 1968 812 2049 lactum,
831 1986 890 2028 non
909 1971 1003 2028 maius
1023 1987 1111 2048 quam
1129 1970 1177 2030 illa
1194 1988 1270 2049 quae

262 2059 333 2138 dixi,
356 2057 407 2118 sed
426 2065 486 2117 tam
505 2056 618 2116 clarum
637 2065 725 2134 atque
743 2055 869 2116 inlustre
894 2056 1077 2138 miraculum,
1100 2066 1134 2119 ut
1158 2058 1271 2120 nullum

263 2145 392 2207 arbitrer
419 2162 485 2205 esse
509 2142 767 2225 Hipponiensium,
789 2146 842 2222 qui
864 2143 922 2206 hoc
944 2162 1004 2205 non
1027 2145 1073 2207 rel
1096 2146 1203 2207 viderit
1225 2146 1271 2206 vel

263 2234 416 2312 didicerit,
440 2232 553 2294 nullum
581 2234 633 2311 qni
656 2231 788 2292 oblivisci
811 2232 870 2293 ulla
894 2235 1007 2293 ratione
1030 2236 1169 2312 potuerit.
1215 2232 1269 2293 lle-

263 2340 330 2383 cem
352 2320 471 2400 quidam
489 2321 597 2381 iratres
619 2314 761 2400 (qtrorum
783 2328 897 2399 septem
921 2328 991 2381 sunt
1015 2338 1119 2402 mares,
1142 2328 1205 2382 tres
1228 2321 1270 2381 le·
1288 2333 1323 2382 20

263 2404 376 2491 minae)
412 2408 449 2468 de
485 2407 628 2469 Caesarea
663 2406 878 2489 Cappadociae,
915 2426 1038 2469 suorum
1071 2410 1178 2469 civium
1211 2426 1270 2470 nou

263 2496 426 2578 ignobiles,
458 2495 613 2557 maledicto
646 2499 748 2556 matris
780 2499 894 2557 receuti
923 2498 1016 2575 patris
1046 2513 1150 2557 eorum
1188 2495 1270 2558 obitu

264 2588 436 2666 destitutae,
465 2603 539 2664 quae
566 2586 705 2645 iniuriam
732 2583 789 2644 sibi
815 2583 852 2645 ab
880 2586 923 2645 eis
953 2585 1057 2644 laetam
1081 2584 1270 2645 acerbissime

263 2674 348 2756 tulit,
378 2674 430 2735 tali
456 2691 551 2753 poena
573 2683 644 2735 sunt
670 2672 811 2733 divinitus
839 2672 994 2751 coherciti,
1023 2681 1058 2733 ut
1089 2672 1271 2734 horribiliter

265 2769 459 2844 quaterentur
476 2779 580 2823 omnes
597 2769 727 2823 tremore
745 2760 961 2841 membrorum
979 2763 1082 2841 inqua
1100 2761 1269 2823 foedissima
1288 2775 1323 2824 uo

265 2852 363 2931 specie
392 2850 495 2911 oculos
521 2867 644 2911 suorum
672 2850 780 2910 civium
808 2866 867 2909 non
897 2849 1040 2931 serentes,
1068 2866 1183 2928 qrraqna
1206 2868 1270 2911 vor-

265 2957 331 3000 sum
362 2940 469 3017 ouique
498 2940 543 2998 ire
571 2940 666 2998 visum
693 2945 754 3017 cst,
783 2945 847 2997 toto
875 2954 968 3016 paene
995 2936 1175 3015 vagabantur
1198 2936 1270 2998 orbe

264 3028 406 3088 Romano.
450 3024 495 3086 Ex
523 3025 570 3085 his
596 3028 685 3086 etiam
712 3026 748 3085 ad
776 3043 831 3085 nos
858 3034 1004 3085 venerunt
1026 3025 1098 3105 duo,
1127 3025 1218 3085 irater
1241 3033 1271 3085 et

265 3133 364 3196 soror,
386 3113 496 3175 Paulus
519 3121 549 3173 et
570 3112 712 3194 Palladia,
742 3112 842 3173 mrrltis
865 3112 929 3172 aliis
952 3112 1025 3175 locis
1048 3115 1166 3174 miseria
1188 3114 1269 3173 dilia-

265 3213 363 3265 mante
390 3204 449 3262 iam
475 3203 593 3280 cogniti.
638 3199 790 3261 Venerunt
816 3210 915 3261 autem
943 3207 1010 3261 ante
1038 3199 1149 3261 Pascha
1178 3201 1270 3260 lerme
1289 3213 1324 3263 30

266 3293 329 3353 dies
360 3290 546 3370 quindecim,
577 3288 732 3349 ecclesiam
768 3287 876 3349 cotidie
908 3295 939 3349 ot
969 3290 1001 3348 ln
1032 3305 1068 3348 ea
1099 3291 1270 3349 memoriam

265 3379 469 3458 gloriosissimi
498 3376 639 3456 Stephani
666 3374 906 3456 frequentabant,
936 3383 1055 3436 orantes
1079 3384 1111 3437 ut
1133 3378 1190 3436 iam
1214 3375 1269 3436 sibi

266 3467 432 3546 placaretur
459 3465 539 3525 lleus
565 3473 597 3525 et
622 3463 746 3524 salutem
774 3466 929 3541 pristinam
959 3462 1106 3523 redderet.
1151 3463 1189 3524 Εῑ
1212 3463 1270 3523 illic

333 3636 349 3685 4
372 3648 452 3685 suom
470 3631 529 3685 Μ’
547 3631 612 3700 (Eo.
631 3631 689 3684 Iob.
709 3634 754 3697 10,
768 3633 819 3696 15;
842 3633 887 3696 13,
905 3632 958 3698 37;
979 3631 1102 3698 15,13);
1124 3645 1174 3684 om.
1190 3629 1271 3684 Αθῆ

262 3705 384 3775 abeppo
396 3705 436 3771 lt
455 3700 593 3757 excedant
610 3700 662 3755 Ro
701 3700 773 3770 (Ia'v.
787 3704 893 3768 26,13‚
908 3704 926 3755 6
944 3716 960 3755 e
977 3700 1113 3754 memorio
1130 3700 1272 3768 excessit);

263 3774 394 3846 excidant
410 3773 555 3842 AGnepo
568 3774 578 3842 l
593 3777 625 3826 12
675 3769 760 3839 'quod
778 3771 846 3842 Rep
858 3771 869 3841 l
882 3775 916 3825 tc
935 3769 1055 3839 quisque
1074 3786 1129 3827 mes
1146 3773 1206 3839 09,
1222 3776 1273 3837 16;

264 3848 402 3914 516,10);
420 3844 569 3913 quisquam
586 3861 615 3911 a,
632 3849 702 3897 recte
718 3848 751 3897 ut
768 3842 877 3897 viduor
893 3843 903 3913 ΙΙ
921 3846 954 3895 18
972 3840 1143 3911 Hipponous.
1162 3858 1179 3895 c

1008 3930 1060 3983 37*
