<?xml version="1.0" encoding="UTF-8"?>
<!DOCTYPE html PUBLIC "-//W3C//DTD XHTML 1.0 Transitional//EN"
    "http://www.w3.org/TR/xhtml1/DTD/xhtml1-transitional.dtd">
<html xmlns="http://www.w3.org/1999/xhtml" xml:lang="en" lang="en">
 <head>
  <title>
</title>
<meta http-equiv="Content-Type" content="text/html;charset=utf-8" />
  <meta name='ocr-system' content='tesseract 3.04.00' />
  <meta name='ocr-capabilities' content='ocr_page ocr_carea ocr_par ocr_line ocrx_word'/>
</head>
<body>
  <div class='ocr_page' id='page_1' title='image "./sanctiaureliiau11augugoog_0266.png"; bbox 0 0 3284 4459; ppageno 0'>
   <div class='ocr_carea' id='block_1_1' title="bbox 337 497 941 561">
    <p class='ocr_par' dir='ltr' id='par_1_1' title="bbox 337 497 941 561">
     <span class='ocr_line' id='line_1_1' title="bbox 337 497 941 561; baseline -0.022 0"><span class='ocrx_word' id='word_1_1' title='bbox 337 497 401 561; x_wconf 77' lang='lat'><strong>246</strong></span> <span class='ocrx_word' id='word_1_2' title='bbox 741 507 941 551; x_wconf 56' lang='lat' dir='ltr'><strong>smueusrnn</strong></span> 
     </span>
    </p>
   </div>
   <div class='ocr_carea' id='block_1_2' title="bbox 335 641 1345 726">
    <p class='ocr_par' dir='ltr' id='par_1_2' title="bbox 335 641 1345 726">
     <span class='ocr_line' id='line_1_2' title="bbox 335 641 1345 726; baseline -0.005 -19"><span class='ocrx_word' id='word_1_3' title='bbox 335 646 488 726; x_wconf 84' lang='lat' dir='ltr'><strong>perductis</strong></span> <span class='ocrx_word' id='word_1_4' title='bbox 511 646 630 706; x_wconf 87' lang='lat' dir='ltr'><strong>omnino</strong></span> <span class='ocrx_word' id='word_1_5' title='bbox 650 662 708 703; x_wconf 90' lang='lat' dir='ltr'><strong>non</strong></span> <span class='ocrx_word' id='word_1_6' title='bbox 733 641 848 724; x_wconf 85' lang='lat' dir='ltr'><strong>cedant,</strong></span> <span class='ocrx_word' id='word_1_7' title='bbox 869 644 1003 721; x_wconf 85' lang='lat' dir='ltr'><strong>prolecto</strong></span> <span class='ocrx_word' id='word_1_8' title='bbox 1026 644 1057 703; x_wconf 93' lang='lat' dir='ltr'><strong>in</strong></span> <span class='ocrx_word' id='word_1_9' title='bbox 1080 644 1124 703; x_wconf 89' lang='lat' dir='ltr'><strong>eis</strong></span> <span class='ocrx_word' id='word_1_10' title='bbox 1146 642 1217 703; x_wconf 90' lang='lat' dir='ltr'><strong>illud</strong></span> <span class='ocrx_word' id='word_1_11' title='bbox 1240 643 1345 722; x_wconf 85' lang='lat' dir='ltr'><strong>imple·</strong></span> 
     </span>
    </p>
   </div>
   <div class='ocr_carea' id='block_1_3' title="bbox 336 729 1456 989">
    <p class='ocr_par' dir='ltr' id='par_1_3' title="bbox 336 729 1456 989">
     <span class='ocr_line' id='line_1_3' title="bbox 336 729 1456 813; baseline -0.004 -17"><span class='ocrx_word' id='word_1_12' title='bbox 336 743 394 813; x_wconf 91' lang='lat' dir='ltr'><strong>tur,</strong></span> <span class='ocrx_word' id='word_1_13' title='bbox 418 731 496 813; x_wconf 83' lang='lat' dir='ltr'><strong>quod</strong></span> <span class='ocrx_word' id='word_1_14' title='bbox 519 735 551 792; x_wconf 93' lang='lat' dir='ltr'><strong>in</strong></span> <span class='ocrx_word' id='word_1_15' title='bbox 574 751 609 792; x_wconf 85' lang='lat' dir='ltr'><strong>eu</strong></span> <span class='ocrx_word' id='word_1_16' title='bbox 632 731 753 810; x_wconf 85' lang='lat' dir='ltr'><strong>psalmo,</strong></span> <span class='ocrx_word' id='word_1_17' title='bbox 776 733 828 810; x_wconf 90' lang='lat' dir='ltr'><strong>qui</strong></span> <span class='ocrx_word' id='word_1_18' title='bbox 849 729 929 791; x_wconf 89' lang='lat' dir='ltr'><strong>hune</strong></span> <span class='ocrx_word' id='word_1_19' title='bbox 952 733 1097 811; x_wconf 90' lang='lat' dir='ltr'><strong>sequitur,</strong></span> <span class='ocrx_word' id='word_1_20' title='bbox 1120 734 1265 810; x_wconf 85' lang='lat' dir='ltr'><strong>scripturn</strong></span> <span class='ocrx_word' id='word_1_21' title='bbox 1288 740 1345 793; x_wconf 77' lang='lat' dir='ltr'><strong>est.</strong></span> <span class='ocrx_word' id='word_1_22' title='bbox 1455 758 1456 761; x_wconf 40' lang='lat'>¹</span> 
     </span>
     <span class='ocr_line' id='line_1_4' title="bbox 336 818 1456 899; baseline -0.004 -16"><span class='ocrx_word' id='word_1_23' title='bbox 336 822 410 884; x_wconf 86' lang='lat' dir='ltr'><strong>Cum</strong></span> <span class='ocrx_word' id='word_1_24' title='bbox 433 823 512 882; x_wconf 88' lang='lat' dir='ltr'><strong>enim</strong></span> <span class='ocrx_word' id='word_1_25' title='bbox 536 828 566 880; x_wconf 88' lang='lat' dir='ltr'><strong>et</strong></span> <span class='ocrx_word' id='word_1_26' title='bbox 588 819 647 880; x_wconf 86' lang='lat' dir='ltr'><strong>illic</strong></span> <span class='ocrx_word' id='word_1_27' title='bbox 671 838 707 880; x_wconf 83' lang='lat' dir='ltr'><strong>ex</strong></span> <span class='ocrx_word' id='word_1_28' title='bbox 730 837 857 899; x_wconf 87' lang='lat' dir='ltr'><strong>persona</strong></span> <span class='ocrx_word' id='word_1_29' title='bbox 880 818 1003 897; x_wconf 79' lang='lat' dir='ltr'>Christi,</span> <span class='ocrx_word' id='word_1_30' title='bbox 1033 838 1106 898; x_wconf 86' lang='lat' dir='ltr'><strong>quae</strong></span> <span class='ocrx_word' id='word_1_31' title='bbox 1131 819 1167 880; x_wconf 86' lang='lat' dir='ltr'><strong>ad</strong></span> <span class='ocrx_word' id='word_1_32' title='bbox 1190 823 1255 880; x_wconf 91' lang='lat' dir='ltr'><strong>eius</strong></span> <span class='ocrx_word' id='word_1_33' title='bbox 1277 838 1344 899; x_wconf 85' lang='lat' dir='ltr'><strong>pas-</strong></span> <span class='ocrx_word' id='word_1_34' title='bbox 1455 844 1456 890; x_wconf 71' lang='lat' dir='ltr'><strong>l</strong></span> 
     </span>
     <span class='ocr_line' id='line_1_5' title="bbox 336 907 1456 989; baseline -0.005 -18"><span class='ocrx_word' id='word_1_35' title='bbox 336 913 449 972; x_wconf 89' lang='lat' dir='ltr'><strong>sionem</strong></span> <span class='ocrx_word' id='word_1_36' title='bbox 473 911 636 989; x_wconf 77' lang='lat' dir='ltr'><strong>pertinent,</strong></span> <span class='ocrx_word' id='word_1_37' title='bbox 665 907 837 987; x_wconf 74' lang='lat' dir='ltr'>prophetice</span> <span class='ocrx_word' id='word_1_38' title='bbox 861 907 1048 987; x_wconf 84' lang='lat' dir='ltr'><strong>dicerentur,</strong></span> <span class='ocrx_word' id='word_1_39' title='bbox 1080 917 1345 969; x_wconf 80' lang='lat' dir='ltr'><strong>commemoratum</strong></span> <span class='ocrx_word' id='word_1_40' title='bbox 1455 942 1456 965; x_wconf 80' lang='lat' dir='ltr'><strong>t</strong></span> 
     </span>
    </p>
   </div>
   <div class='ocr_carea' id='block_1_4' title="bbox 301 996 1345 1163">
    <p class='ocr_par' dir='ltr' id='par_1_4' title="bbox 301 996 1345 1163">
     <span class='ocr_line' id='line_1_6' title="bbox 301 996 1344 1080; baseline -0.002 -22"><span class='ocrx_word' id='word_1_41' title='bbox 301 1011 316 1058; x_wconf 82' lang='lat'><strong>5</strong></span> <span class='ocrx_word' id='word_1_42' title='bbox 336 1006 397 1080; x_wconf 88' lang='lat' dir='ltr'><strong>est,</strong></span> <span class='ocrx_word' id='word_1_43' title='bbox 421 998 499 1076; x_wconf 86' lang='lat' dir='ltr'><strong>quud</strong></span> <span class='ocrx_word' id='word_1_44' title='bbox 522 999 553 1057; x_wconf 94' lang='lat' dir='ltr'><strong>in</strong></span> <span class='ocrx_word' id='word_1_45' title='bbox 576 996 725 1074; x_wconf 86' lang='lat' dir='ltr'><strong>evangelio</strong></span> <span class='ocrx_word' id='word_1_46' title='bbox 749 997 856 1074; x_wconf 88' lang='lat' dir='ltr'><strong>patuit:</strong></span> <span class='ocrx_word' id='word_1_47' title='bbox 888 997 1048 1057; x_wconf 83' lang='lat' dir='ltr'><strong>Dederuut</strong></span> <span class='ocrx_word' id='word_1_48' title='bbox 1070 1001 1101 1057; x_wconf 81' lang='lat' dir='ltr'><strong>iu</strong></span> <span class='ocrx_word' id='word_1_49' title='bbox 1124 1014 1225 1059; x_wconf 83' lang='lat' dir='ltr'><strong>escum</strong></span> <span class='ocrx_word' id='word_1_50' title='bbox 1247 1015 1344 1058; x_wconf 86' lang='lat' dir='ltr'><strong>meum</strong></span> 
     </span>
     <span class='ocr_line' id='line_1_7' title="bbox 332 1085 1345 1163; baseline -0.003 -14"><span class='ocrx_word' id='word_1_51' title='bbox 332 1086 379 1163; x_wconf 80' lang='lat' dir='ltr'><strong>sel</strong></span> <span class='ocrx_word' id='word_1_52' title='bbox 408 1094 437 1149; x_wconf 88' lang='lat' dir='ltr'><strong>et</strong></span> <span class='ocrx_word' id='word_1_53' title='bbox 469 1089 500 1146; x_wconf 83' lang='lat' dir='ltr'><strong>in</strong></span> <span class='ocrx_word' id='word_1_54' title='bbox 532 1088 584 1145; x_wconf 78' lang='lat' dir='ltr'><strong>siti</strong></span> <span class='ocrx_word' id='word_1_55' title='bbox 614 1102 680 1147; x_wconf 88' lang='lat' dir='ltr'><strong>meu</strong></span> <span class='ocrx_word' id='word_1_56' title='bbox 709 1092 812 1160; x_wconf 83' lang='lat' dir='ltr'><strong>potum</strong></span> <span class='ocrx_word' id='word_1_57' title='bbox 844 1087 920 1144; x_wconf 79' lang='lat' dir='ltr'><strong>milti</strong></span> <span class='ocrx_word' id='word_1_58' title='bbox 945 1087 1101 1145; x_wconf 69' lang='lat' dir='ltr'><strong>dederunt</strong></span> <span class='ocrx_word' id='word_1_59' title='bbox 1133 1093 1260 1145; x_wconf 86' lang='lat' dir='ltr'><strong>acetum.</strong></span> <span class='ocrx_word' id='word_1_60' title='bbox 1306 1085 1345 1146; x_wconf 84' lang='lat' dir='ltr'><strong>Et</strong></span> 
     </span>
    </p>
   </div>
   <div class='ocr_carea' id='block_1_5' title="bbox 335 1171 1456 1431">
    <p class='ocr_par' dir='ltr' id='par_1_5' title="bbox 335 1171 1456 1431">
     <span class='ocr_line' id='line_1_8' title="bbox 335 1171 1456 1253; baseline 0 -20"><span class='ocrx_word' id='word_1_61' title='bbox 335 1175 415 1235; x_wconf 88' lang='lat' dir='ltr'><strong>velut</strong></span> <span class='ocrx_word' id='word_1_62' title='bbox 433 1182 501 1253; x_wconf 87' lang='lat' dir='ltr'><strong>pest</strong></span> <span class='ocrx_word' id='word_1_63' title='bbox 521 1172 577 1234; x_wconf 90' lang='lat' dir='ltr'><strong>tale</strong></span> <span class='ocrx_word' id='word_1_64' title='bbox 596 1175 760 1233; x_wconf 84' lang='lat' dir='ltr'><strong>convivium</strong></span> <span class='ocrx_word' id='word_1_65' title='bbox 780 1171 940 1251; x_wconf 79' lang='lat' dir='ltr'>epulasque</span> <span class='ocrx_word' id='word_1_66' title='bbox 964 1172 1021 1232; x_wconf 91' lang='lat' dir='ltr'><strong>sibi</strong></span> <span class='ocrx_word' id='word_1_67' title='bbox 1044 1173 1167 1234; x_wconf 81' lang='lat' dir='ltr'><strong>huiusce</strong></span> <span class='ocrx_word' id='word_1_68' title='bbox 1191 1173 1271 1234; x_wconf 78' lang='lat' dir='ltr'><strong>merli</strong></span> <span class='ocrx_word' id='word_1_69' title='bbox 1294 1193 1344 1234; x_wconf 81' lang='lat' dir='ltr'><strong>ex·</strong></span> <span class='ocrx_word' id='word_1_70' title='bbox 1455 1184 1456 1233; x_wconf 48' lang='grc' dir='ltr'><strong>ζ</strong></span> 
     </span>
     <span class='ocr_line' id='line_1_9' title="bbox 335 1260 1456 1338; baseline -0.003 -14"><span class='ocrx_word' id='word_1_71' title='bbox 335 1262 442 1324; x_wconf 74' lang='lat' dir='ltr'><strong>hibitus</strong></span> <span class='ocrx_word' id='word_1_72' title='bbox 475 1279 543 1322; x_wconf 86' lang='lat' dir='ltr'><strong>mox</strong></span> <span class='ocrx_word' id='word_1_73' title='bbox 575 1260 688 1322; x_wconf 88' lang='lat' dir='ltr'><strong>intulit:</strong></span> <span class='ocrx_word' id='word_1_74' title='bbox 720 1263 791 1321; x_wconf 69' lang='lat' dir='ltr'><strong>Fiat</strong></span> <span class='ocrx_word' id='word_1_75' title='bbox 818 1278 922 1322; x_wconf 86' lang='lat' dir='ltr'><strong>mensu</strong></span> <span class='ocrx_word' id='word_1_76' title='bbox 949 1278 1053 1321; x_wconf 86' lang='lat' dir='ltr'><strong>eorum</strong></span> <span class='ocrx_word' id='word_1_77' title='bbox 1081 1279 1186 1322; x_wconf 87' lang='lat' dir='ltr'><strong>eorum</strong></span> <span class='ocrx_word' id='word_1_78' title='bbox 1217 1265 1289 1338; x_wconf 81' lang='lat' dir='ltr'><strong>ipsis</strong></span> <span class='ocrx_word' id='word_1_79' title='bbox 1311 1267 1345 1323; x_wconf 82' lang='lat' dir='ltr'><strong>iu</strong></span> <span class='ocrx_word' id='word_1_80' title='bbox 1455 1260 1456 1321; x_wconf 72' lang='grc' dir='ltr'>ζ</span> 
     </span>
     <span class='ocr_line' id='line_1_10' title="bbox 335 1351 1456 1431; baseline 0 -19"><span class='ocrx_word' id='word_1_81' title='bbox 335 1354 533 1428; x_wconf 81' lang='lat' dir='ltr'><strong><em>muscipulam</em></strong></span> <span class='ocrx_word' id='word_1_82' title='bbox 555 1356 586 1411; x_wconf 86' lang='lat' dir='ltr'><strong>et</strong></span> <span class='ocrx_word' id='word_1_83' title='bbox 607 1353 639 1410; x_wconf 83' lang='lat' dir='ltr'><strong>iu</strong></span> <span class='ocrx_word' id='word_1_84' title='bbox 661 1351 890 1410; x_wconf 81' lang='lat' dir='ltr'><strong>retributionem</strong></span> <span class='ocrx_word' id='word_1_85' title='bbox 912 1356 944 1409; x_wconf 81' lang='lat' dir='ltr'><strong>et</strong></span> <span class='ocrx_word' id='word_1_86' title='bbox 965 1352 997 1409; x_wconf 84' lang='lat' dir='ltr'><strong>in</strong></span> <span class='ocrx_word' id='word_1_87' title='bbox 1019 1352 1216 1421; x_wconf 66' lang='lat' dir='ltr'><strong>scandulum</strong></span> <span class='ocrx_word' id='word_1_88' title='bbox 1237 1352 1343 1412; x_wconf 79' lang='lat' dir='ltr'><strong>obscu-</strong></span> <span class='ocrx_word' id='word_1_89' title='bbox 1455 1416 1456 1431; x_wconf 59' lang='lat'><strong>,</strong></span> 
     </span>
    </p>
   </div>
   <div class='ocr_carea' id='block_1_6' title="bbox 286 1439 1345 1516">
    <p class='ocr_par' dir='ltr' id='par_1_6' title="bbox 286 1439 1345 1516">
     <span class='ocr_line' id='line_1_11' title="bbox 286 1439 1345 1516; baseline 0.002 -17"><span class='ocrx_word' id='word_1_90' title='bbox 286 1452 316 1501; x_wconf 80' lang='grc' dir='ltr'><strong>ιο</strong></span> <span class='ocrx_word' id='word_1_91' title='bbox 335 1446 444 1502; x_wconf 83' lang='lat' dir='ltr'><strong>rentur</strong></span> <span class='ocrx_word' id='word_1_92' title='bbox 461 1440 545 1500; x_wconf 82' lang='lat' dir='ltr'><strong>oculi</strong></span> <span class='ocrx_word' id='word_1_93' title='bbox 561 1454 665 1499; x_wconf 84' lang='lat' dir='ltr'><strong>eurum</strong></span> <span class='ocrx_word' id='word_1_94' title='bbox 688 1456 726 1498; x_wconf 85' lang='lat' dir='ltr'><strong>ne</strong></span> <span class='ocrx_word' id='word_1_95' title='bbox 748 1439 879 1510; x_wconf 79' lang='lat' dir='ltr'><strong>uideant,</strong></span> <span class='ocrx_word' id='word_1_96' title='bbox 902 1444 933 1497; x_wconf 86' lang='lat' dir='ltr'><strong>et</strong></span> <span class='ocrx_word' id='word_1_97' title='bbox 954 1440 1077 1498; x_wconf 87' lang='lat' dir='ltr'><strong>dorsum</strong></span> <span class='ocrx_word' id='word_1_98' title='bbox 1099 1455 1203 1499; x_wconf 86' lang='lat' dir='ltr'><strong>eorum</strong></span> <span class='ocrx_word' id='word_1_99' title='bbox 1226 1457 1345 1516; x_wconf 82' lang='lat' dir='ltr'><em>semper</em></span> 
     </span>
    </p>
   </div>
   <div class='ocr_carea' id='block_1_7' title="bbox 335 1526 1456 1781">
    <p class='ocr_par' dir='ltr' id='par_1_7' title="bbox 335 1526 1456 1781">
     <span class='ocr_line' id='line_1_12' title="bbox 336 1526 1456 1605; baseline -0.005 -16"><span class='ocrx_word' id='word_1_100' title='bbox 336 1532 480 1602; x_wconf 79' lang='lat' dir='ltr'><strong>ineuruu,</strong></span> <span class='ocrx_word' id='word_1_101' title='bbox 513 1535 543 1586; x_wconf 93' lang='lat' dir='ltr'><strong>et</strong></span> <span class='ocrx_word' id='word_1_102' title='bbox 573 1534 686 1604; x_wconf 83' lang='lat' dir='ltr'><strong>cetera,</strong></span> <span class='ocrx_word' id='word_1_103' title='bbox 718 1542 793 1603; x_wconf 88' lang='lat' dir='ltr'><strong>quae</strong></span> <span class='ocrx_word' id='word_1_104' title='bbox 826 1543 884 1586; x_wconf 87' lang='lat' dir='ltr'><strong>nen</strong></span> <span class='ocrx_word' id='word_1_105' title='bbox 912 1526 1040 1604; x_wconf 85' lang='lat' dir='ltr'><strong>optando</strong></span> <span class='ocrx_word' id='word_1_106' title='bbox 1068 1534 1138 1586; x_wconf 87' lang='lat' dir='ltr'><strong>sunt</strong></span> <span class='ocrx_word' id='word_1_107' title='bbox 1166 1526 1259 1605; x_wconf 86' lang='lat' dir='ltr'><strong>dieta,</strong></span> <span class='ocrx_word' id='word_1_108' title='bbox 1291 1527 1342 1587; x_wconf 85' lang='lat' dir='ltr'><strong>sed</strong></span> <span class='ocrx_word' id='word_1_109' title='bbox 1455 1570 1456 1583; x_wconf 67' lang='grc'>,</span> 
     </span>
     <span class='ocr_line' id='line_1_13' title="bbox 335 1613 1456 1711; baseline -0.003 -34"><span class='ocrx_word' id='word_1_110' title='bbox 335 1615 456 1696; x_wconf 86' lang='lat' dir='ltr'><strong>optandi</strong></span> <span class='ocrx_word' id='word_1_111' title='bbox 478 1616 576 1693; x_wconf 88' lang='lat' dir='ltr'><strong>speeie</strong></span> <span class='ocrx_word' id='word_1_112' title='bbox 601 1613 802 1692; x_wconf 88' lang='lat' dir='ltr'><strong>prophetando</strong></span> <span class='ocrx_word' id='word_1_113' title='bbox 826 1613 985 1692; x_wconf 86' lang='lat' dir='ltr'><strong>praedicta.</strong></span> <span class='ocrx_word' id='word_1_114' title='bbox 1031 1614 1108 1685; x_wconf 81' lang='lat' dir='ltr'><strong>Quid</strong></span> <span class='ocrx_word' id='word_1_115' title='bbox 1132 1633 1203 1693; x_wconf 84' lang='lat' dir='ltr'><strong>erge</strong></span> <span class='ocrx_word' id='word_1_116' title='bbox 1227 1618 1345 1696; x_wconf 79' lang='lat' dir='ltr'><strong>minim,</strong></span> <span class='ocrx_word' id='word_1_117' title='bbox 1455 1644 1456 1711; x_wconf 39' lang='grc'>1</span> 
     </span>
     <span class='ocr_line' id='line_1_14' title="bbox 335 1701 1456 1781; baseline 0 -17"><span class='ocrx_word' id='word_1_118' title='bbox 335 1707 361 1764; x_wconf 86' lang='lat' dir='ltr'><strong>si</strong></span> <span class='ocrx_word' id='word_1_119' title='bbox 383 1704 456 1764; x_wconf 87' lang='lat' dir='ltr'><strong>haee</strong></span> <span class='ocrx_word' id='word_1_120' title='bbox 486 1702 642 1762; x_wconf 78' lang='lat' dir='ltr'><strong>manifesta</strong></span> <span class='ocrx_word' id='word_1_121' title='bbox 665 1720 724 1763; x_wconf 88' lang='lat' dir='ltr'><strong>nen</strong></span> <span class='ocrx_word' id='word_1_122' title='bbox 748 1701 861 1781; x_wconf 84' lang='lat' dir='ltr'><strong>vident,</strong></span> <span class='ocrx_word' id='word_1_123' title='bbox 892 1720 1020 1780; x_wconf 87' lang='lat' dir='ltr'><strong>querum</strong></span> <span class='ocrx_word' id='word_1_124' title='bbox 1042 1702 1121 1763; x_wconf 80' lang='lat' dir='ltr'><strong>oetrli</strong></span> <span class='ocrx_word' id='word_1_125' title='bbox 1145 1711 1215 1763; x_wconf 85' lang='lat' dir='ltr'><strong>sunt</strong></span> <span class='ocrx_word' id='word_1_126' title='bbox 1237 1703 1344 1764; x_wconf 86' lang='lat' dir='ltr'><strong>ebseu·</strong></span> <span class='ocrx_word' id='word_1_127' title='bbox 1455 1714 1456 1721; x_wconf 74' lang='grc'>’</span> 
     </span>
    </p>
   </div>
   <div class='ocr_carea' id='block_1_8' title="bbox 285 1787 1345 2047">
    <p class='ocr_par' dir='ltr' id='par_1_8' title="bbox 285 1787 1345 2047">
     <span class='ocr_line' id='line_1_15' title="bbox 336 1787 1345 1874; baseline -0.001 -21"><span class='ocrx_word' id='word_1_128' title='bbox 336 1795 400 1874; x_wconf 88' lang='lat' dir='ltr'><strong>rati,</strong></span> <span class='ocrx_word' id='word_1_129' title='bbox 423 1809 460 1852; x_wconf 92' lang='lat' dir='ltr'><strong>ne</strong></span> <span class='ocrx_word' id='word_1_130' title='bbox 479 1787 617 1850; x_wconf 82' lang='lat' dir='ltr'><strong>videant?</strong></span> <span class='ocrx_word' id='word_1_131' title='bbox 654 1789 731 1861; x_wconf 85' lang='lat' dir='ltr'><strong>Quid</strong></span> <span class='ocrx_word' id='word_1_132' title='bbox 750 1793 867 1870; x_wconf 88' lang='lat' dir='ltr'><strong>mirum,</strong></span> <span class='ocrx_word' id='word_1_133' title='bbox 890 1793 915 1850; x_wconf 91' lang='lat' dir='ltr'><strong>si</strong></span> <span class='ocrx_word' id='word_1_134' title='bbox 934 1790 1071 1851; x_wconf 84' lang='lat' dir='ltr'><strong>caelestia</strong></span> <span class='ocrx_word' id='word_1_135' title='bbox 1089 1809 1148 1850; x_wconf 89' lang='lat' dir='ltr'><strong>non</strong></span> <span class='ocrx_word' id='word_1_136' title='bbox 1168 1794 1345 1873; x_wconf 82' lang='lat' dir='ltr'><strong>suspiciunt,</strong></span> 
     </span>
     <span class='ocr_line' id='line_1_16' title="bbox 285 1878 1344 1959; baseline -0.001 -18"><span class='ocrx_word' id='word_1_137' title='bbox 285 1882 386 1959; x_wconf 76' lang='lat' dir='ltr'><strong>tuqui</strong></span> <span class='ocrx_word' id='word_1_138' title='bbox 417 1888 450 1941; x_wconf 89' lang='lat' dir='ltr'><strong>ut</strong></span> <span class='ocrx_word' id='word_1_139' title='bbox 477 1882 508 1939; x_wconf 93' lang='lat' dir='ltr'><strong>in</strong></span> <span class='ocrx_word' id='word_1_140' title='bbox 535 1887 653 1939; x_wconf 88' lang='lat' dir='ltr'><strong>terrene</strong></span> <span class='ocrx_word' id='word_1_141' title='bbox 677 1881 736 1938; x_wconf 87' lang='lat' dir='ltr'><strong>sint</strong></span> <span class='ocrx_word' id='word_1_142' title='bbox 755 1881 859 1958; x_wconf 81' lang='lat' dir='ltr'><strong>proni,</strong></span> <span class='ocrx_word' id='word_1_143' title='bbox 887 1878 1008 1939; x_wconf 88' lang='lat' dir='ltr'><strong>dorsum</strong></span> <span class='ocrx_word' id='word_1_144' title='bbox 1031 1897 1134 1939; x_wconf 86' lang='lat' dir='ltr'><strong>eurum</strong></span> <span class='ocrx_word' id='word_1_145' title='bbox 1158 1898 1276 1958; x_wconf 79' lang='lat' dir='ltr'>semper</span> <span class='ocrx_word' id='word_1_146' title='bbox 1299 1882 1344 1940; x_wconf 89' lang='lat' dir='ltr'><strong>in·</strong></span> 
     </span>
     <span class='ocr_line' id='line_1_17' title="bbox 335 1962 1345 2047; baseline 0.001 -19"><span class='ocrx_word' id='word_1_147' title='bbox 335 1986 458 2030; x_wconf 82' lang='lat' dir='ltr'><strong>curvum</strong></span> <span class='ocrx_word' id='word_1_148' title='bbox 487 1962 555 2030; x_wconf 86' lang='lat' dir='ltr'><strong>est?</strong></span> <span class='ocrx_word' id='word_1_149' title='bbox 599 1965 652 2026; x_wconf 89' lang='lat' dir='ltr'><strong>His</strong></span> <span class='ocrx_word' id='word_1_150' title='bbox 681 1969 759 2027; x_wconf 91' lang='lat' dir='ltr'><strong>enim</strong></span> <span class='ocrx_word' id='word_1_151' title='bbox 787 1966 886 2026; x_wconf 88' lang='lat' dir='ltr'><strong>verbis</strong></span> <span class='ocrx_word' id='word_1_152' title='bbox 914 1966 1063 2028; x_wconf 78' lang='lat' dir='ltr'><strong>translatis</strong></span> <span class='ocrx_word' id='word_1_153' title='bbox 1086 1987 1102 2026; x_wconf 89' lang='lat' dir='ltr'><strong>e</strong></span> <span class='ocrx_word' id='word_1_154' title='bbox 1126 1985 1251 2047; x_wconf 84' lang='lat' dir='ltr'><strong>corpore</strong></span> <span class='ocrx_word' id='word_1_155' title='bbox 1275 1971 1345 2029; x_wconf 87' lang='lat' dir='ltr'><strong>vitia</strong></span> 
     </span>
    </p>
   </div>
   <div class='ocr_carea' id='block_1_9' title="bbox 282 2054 1456 2401">
    <p class='ocr_par' dir='ltr' id='par_1_9' title="bbox 282 2054 1456 2401">
     <span class='ocr_line' id='line_1_18' title="bbox 334 2054 1456 2136; baseline 0 -20"><span class='ocrx_word' id='word_1_156' title='bbox 334 2057 548 2135; x_wconf 85' lang='lat' dir='ltr'><strong>intelleguntur</strong></span> <span class='ocrx_word' id='word_1_157' title='bbox 567 2057 739 2115; x_wconf 85' lang='lat' dir='ltr'><strong>animorum.</strong></span> <span class='ocrx_word' id='word_1_158' title='bbox 776 2054 835 2114; x_wconf 87' lang='lat' dir='ltr'><strong>lsta</strong></span> <span class='ocrx_word' id='word_1_159' title='bbox 853 2055 889 2115; x_wconf 86' lang='lat' dir='ltr'><strong>tle</strong></span> <span class='ocrx_word' id='word_1_160' title='bbox 914 2055 1043 2136; x_wconf 86' lang='lat' dir='ltr'><strong>psalmis,</strong></span> <span class='ocrx_word' id='word_1_161' title='bbox 1066 2055 1122 2115; x_wconf 89' lang='lat' dir='ltr'><strong>hoe</strong></span> <span class='ocrx_word' id='word_1_162' title='bbox 1145 2066 1192 2116; x_wconf 92' lang='lat' dir='ltr'><strong>est</strong></span> <span class='ocrx_word' id='word_1_163' title='bbox 1214 2055 1251 2116; x_wconf 88' lang='lat' dir='ltr'><strong>da</strong></span> <span class='ocrx_word' id='word_1_164' title='bbox 1274 2075 1344 2135; x_wconf 82' lang='lat' dir='ltr'><strong>pro·</strong></span> <span class='ocrx_word' id='word_1_165' title='bbox 1455 2118 1456 2127; x_wconf 55' lang='grc'>,</span> 
     </span>
     <span class='ocr_line' id='line_1_19' title="bbox 333 2143 1456 2225; baseline 0 -20"><span class='ocrx_word' id='word_1_166' title='bbox 333 2145 433 2225; x_wconf 86' lang='lat' dir='ltr'><strong>phetia</strong></span> <span class='ocrx_word' id='word_1_167' title='bbox 470 2145 549 2222; x_wconf 83' lang='lat' dir='ltr'><strong>regis</strong></span> <span class='ocrx_word' id='word_1_168' title='bbox 582 2143 687 2222; x_wconf 85' lang='lat' dir='ltr'><strong>David,</strong></span> <span class='ocrx_word' id='word_1_169' title='bbox 720 2145 790 2204; x_wconf 86' lang='lat' dir='ltr'><strong>satis</strong></span> <span class='ocrx_word' id='word_1_170' title='bbox 823 2143 899 2203; x_wconf 88' lang='lat' dir='ltr'><strong>dieta</strong></span> <span class='ocrx_word' id='word_1_171' title='bbox 932 2145 1007 2225; x_wconf 91' lang='lat' dir='ltr'><strong>sint,</strong></span> <span class='ocrx_word' id='word_1_172' title='bbox 1035 2151 1068 2204; x_wconf 85' lang='lat' dir='ltr'><strong>ut</strong></span> <span class='ocrx_word' id='word_1_173' title='bbox 1094 2143 1200 2222; x_wconf 82' lang='lat' dir='ltr'><strong>aliquis</strong></span> <span class='ocrx_word' id='word_1_174' title='bbox 1237 2145 1344 2206; x_wconf 88' lang='lat' dir='ltr'><strong>modus</strong></span> <span class='ocrx_word' id='word_1_175' title='bbox 1455 2184 1456 2221; x_wconf 67' lang='lat'>3</span> 
     </span>
     <span class='ocr_line' id='line_1_20' title="bbox 334 2229 1456 2311; baseline -0.001 -18"><span class='ocrx_word' id='word_1_176' title='bbox 334 2235 381 2293; x_wconf 92' lang='lat' dir='ltr'><strong>sit.</strong></span> <span class='ocrx_word' id='word_1_177' title='bbox 418 2232 575 2311; x_wconf 79' lang='lat' dir='ltr'><strong>ignoscant</strong></span> <span class='ocrx_word' id='word_1_178' title='bbox 594 2239 691 2292; x_wconf 87' lang='lat' dir='ltr'><strong>autern</strong></span> <span class='ocrx_word' id='word_1_179' title='bbox 716 2233 767 2309; x_wconf 89' lang='lat' dir='ltr'><strong>qui</strong></span> <span class='ocrx_word' id='word_1_180' title='bbox 784 2229 858 2291; x_wconf 87' lang='lat' dir='ltr'><strong>haee</strong></span> <span class='ocrx_word' id='word_1_181' title='bbox 876 2231 979 2309; x_wconf 84' lang='lat' dir='ltr'><strong>legunt</strong></span> <span class='ocrx_word' id='word_1_182' title='bbox 1001 2240 1031 2292; x_wconf 93' lang='lat' dir='ltr'><strong>et</strong></span> <span class='ocrx_word' id='word_1_183' title='bbox 1054 2240 1161 2292; x_wconf 87' lang='lat' dir='ltr'><strong>cuneta</strong></span> <span class='ocrx_word' id='word_1_184' title='bbox 1183 2232 1232 2292; x_wconf 86' lang='lat' dir='ltr'><strong>ille</strong></span> <span class='ocrx_word' id='word_1_185' title='bbox 1255 2251 1344 2293; x_wconf 88' lang='lat' dir='ltr'><strong>nore·</strong></span> <span class='ocrx_word' id='word_1_186' title='bbox 1455 2246 1456 2281; x_wconf 71' lang='lat'>1</span> 
     </span>
     <span class='ocr_line' id='line_1_21' title="bbox 282 2318 1456 2401; baseline 0 -19"><span class='ocrx_word' id='word_1_187' title='bbox 282 2335 316 2384; x_wconf 80' lang='lat' dir='ltr'><strong>eo</strong></span> <span class='ocrx_word' id='word_1_188' title='bbox 335 2330 414 2401; x_wconf 87' lang='lat' dir='ltr'><strong>runt,</strong></span> <span class='ocrx_word' id='word_1_189' title='bbox 438 2329 468 2381; x_wconf 91' lang='lat' dir='ltr'><strong>et</strong></span> <span class='ocrx_word' id='word_1_190' title='bbox 491 2318 527 2380; x_wconf 89' lang='lat' dir='ltr'><strong>de</strong></span> <span class='ocrx_word' id='word_1_191' title='bbox 551 2318 605 2399; x_wconf 88' lang='lat' dir='ltr'><strong>his,</strong></span> <span class='ocrx_word' id='word_1_192' title='bbox 629 2337 703 2398; x_wconf 86' lang='lat' dir='ltr'><strong>quae</strong></span> <span class='ocrx_word' id='word_1_193' title='bbox 732 2319 857 2380; x_wconf 79' lang='lat' dir='ltr'><strong>sortasse</strong></span> <span class='ocrx_word' id='word_1_194' title='bbox 885 2320 1014 2380; x_wconf 80' lang='lat' dir='ltr'><strong>firmiora</strong></span> <span class='ocrx_word' id='word_1_195' title='bbox 1037 2338 1084 2379; x_wconf 90' lang='lat' dir='ltr'><strong>me</strong></span> <span class='ocrx_word' id='word_1_196' title='bbox 1107 2324 1345 2399; x_wconf 78' lang='lat' dir='ltr'><strong>praetermisisse</strong></span> <span class='ocrx_word' id='word_1_197' title='bbox 1455 2346 1456 2349; x_wconf 41' lang='lat'>¹</span> 
     </span>
    </p>
   </div>
   <div class='ocr_carea' id='block_1_10' title="bbox 334 2407 1123 2488">
    <p class='ocr_par' dir='ltr' id='par_1_10' title="bbox 334 2407 1123 2488">
     <span class='ocr_line' id='line_1_22' title="bbox 334 2407 1123 2488; baseline 0.001 -20"><span class='ocrx_word' id='word_1_198' title='bbox 334 2409 380 2472; x_wconf 89' lang='lat' dir='ltr'><strong>vel</strong></span> <span class='ocrx_word' id='word_1_199' title='bbox 402 2407 578 2488; x_wconf 82' lang='lat' dir='ltr'><strong>intellegunt</strong></span> <span class='ocrx_word' id='word_1_200' title='bbox 601 2408 646 2467; x_wconf 89' lang='lat' dir='ltr'><strong>vel</strong></span> <span class='ocrx_word' id='word_1_201' title='bbox 670 2409 846 2487; x_wconf 82' lang='lat' dir='ltr'><strong>existimant,</strong></span> <span class='ocrx_word' id='word_1_202' title='bbox 868 2425 929 2468; x_wconf 88' lang='lat' dir='ltr'><strong>non</strong></span> <span class='ocrx_word' id='word_1_203' title='bbox 951 2416 1123 2487; x_wconf 85' lang='lat' dir='ltr'><strong>querentur.</strong></span> 
     </span>
    </p>
   </div>
   <div class='ocr_carea' id='block_1_11' title="bbox 732 2611 943 2680">
    <p class='ocr_par' dir='ltr' id='par_1_11' title="bbox 732 2611 943 2680">
     <span class='ocr_line' id='line_1_23' title="bbox 732 2611 943 2680; baseline 0 0"><span class='ocrx_word' id='word_1_204' title='bbox 732 2611 850 2680; x_wconf 74' lang='lat' dir='ltr'><strong>Carum</strong></span> <span class='ocrx_word' id='word_1_205' title='bbox 873 2614 943 2680; x_wconf 88' lang='lat' dir='ltr'><strong>XX.</strong></span> 
     </span>
    </p>
   </div>
   <div class='ocr_carea' id='block_1_12' title="bbox 282 2744 1456 3084">
    <p class='ocr_par' dir='ltr' id='par_1_12' title="bbox 335 2744 1456 2820">
     <span class='ocr_line' id='line_1_24' title="bbox 335 2744 1456 2820; baseline 0.003 -15"><span class='ocrx_word' id='word_1_206' title='bbox 335 2747 380 2805; x_wconf 83' lang='lat' dir='ltr'><strong>De</strong></span> <span class='ocrx_word' id='word_1_207' title='bbox 408 2761 503 2820; x_wconf 69' lang='lat' dir='ltr'><strong>reque</strong></span> <span class='ocrx_word' id='word_1_208' title='bbox 531 2761 570 2804; x_wconf 88' lang='lat' dir='ltr'><strong>ue</strong></span> <span class='ocrx_word' id='word_1_209' title='bbox 597 2746 704 2804; x_wconf 82' lang='lat' dir='ltr'><strong>merito</strong></span> <span class='ocrx_word' id='word_1_210' title='bbox 727 2744 830 2802; x_wconf 79' lang='lat' dir='ltr'><strong>Dauid</strong></span> <span class='ocrx_word' id='word_1_211' title='bbox 855 2752 885 2802; x_wconf 86' lang='lat' dir='ltr'><strong>et</strong></span> <span class='ocrx_word' id='word_1_212' title='bbox 911 2747 950 2804; x_wconf 80' lang='lat' dir='ltr'><strong>de</strong></span> <span class='ocrx_word' id='word_1_213' title='bbox 973 2747 1038 2816; x_wconf 79' lang='lat' dir='ltr'><strong>filie</strong></span> <span class='ocrx_word' id='word_1_214' title='bbox 1068 2747 1161 2820; x_wconf 79' lang='lat' dir='ltr'><strong>ipsius</strong></span> <span class='ocrx_word' id='word_1_215' title='bbox 1185 2745 1345 2808; x_wconf 81' lang='lat' dir='ltr'><strong>Salomone</strong></span> <span class='ocrx_word' id='word_1_216' title='bbox 1455 2748 1456 2797; x_wconf 69' lang='lat'>1</span> 
     </span>
    </p>

    <p class='ocr_par' dir='ltr' id='par_1_13' title="bbox 336 2831 1456 2908">
     <span class='ocr_line' id='line_1_25' title="bbox 336 2831 1456 2908; baseline 0.002 -15"><span class='ocrx_word' id='word_1_217' title='bbox 336 2850 432 2907; x_wconf 79' lang='lat' dir='ltr'><strong>euque</strong></span> <span class='ocrx_word' id='word_1_218' title='bbox 456 2833 632 2908; x_wconf 73' lang='lat' dir='ltr'><strong>prophetie,</strong></span> <span class='ocrx_word' id='word_1_219' title='bbox 660 2848 739 2905; x_wconf 81' lang='lat' dir='ltr'><strong>quae</strong></span> <span class='ocrx_word' id='word_1_220' title='bbox 766 2833 809 2890; x_wconf 81' lang='lat' dir='ltr'><strong>ud</strong></span> <span class='ocrx_word' id='word_1_221' title='bbox 835 2831 985 2892; x_wconf 78' lang='lat' dir='ltr'><strong>Christum</strong></span> <span class='ocrx_word' id='word_1_222' title='bbox 1008 2836 1167 2908; x_wconf 81' lang='lat' dir='ltr'><strong>pertinens</strong></span> <span class='ocrx_word' id='word_1_223' title='bbox 1191 2837 1344 2895; x_wconf 81' lang='lat' dir='ltr'><strong>inuenitur</strong></span> <span class='ocrx_word' id='word_1_224' title='bbox 1455 2834 1456 2845; x_wconf 56' lang='lat'>¹</span> 
     </span>
    </p>

    <p class='ocr_par' dir='ltr' id='par_1_14' title="bbox 282 2921 1319 3084">
     <span class='ocr_line' id='line_1_26' title="bbox 282 2921 1319 2996; baseline 0.002 -15"><span class='ocrx_word' id='word_1_225' title='bbox 282 2932 315 2981; x_wconf 79' lang='lat'><strong>25</strong></span> <span class='ocrx_word' id='word_1_226' title='bbox 358 2924 405 2982; x_wconf 88' lang='lat' dir='ltr'><strong>vel</strong></span> <span class='ocrx_word' id='word_1_227' title='bbox 426 2924 457 2980; x_wconf 83' lang='lat' dir='ltr'><strong>in</strong></span> <span class='ocrx_word' id='word_1_228' title='bbox 480 2923 524 2980; x_wconf 82' lang='lat' dir='ltr'><strong>eis</strong></span> <span class='ocrx_word' id='word_1_229' title='bbox 546 2921 642 2992; x_wconf 80' lang='lat' dir='ltr'><strong>libris,</strong></span> <span class='ocrx_word' id='word_1_230' title='bbox 665 2922 719 2994; x_wconf 79' lang='lat' dir='ltr'><strong>qui</strong></span> <span class='ocrx_word' id='word_1_231' title='bbox 739 2921 863 2996; x_wconf 80' lang='lat' dir='ltr'><strong>seriptis</strong></span> <span class='ocrx_word' id='word_1_232' title='bbox 885 2922 978 2996; x_wconf 75' lang='lat' dir='ltr'><strong>ipsius</strong></span> <span class='ocrx_word' id='word_1_233' title='bbox 1001 2924 1197 2996; x_wconf 83' lang='lat' dir='ltr'><strong>copulantur,</strong></span> <span class='ocrx_word' id='word_1_234' title='bbox 1221 2927 1268 2983; x_wconf 85' lang='lat' dir='ltr'><strong>uel</strong></span> <span class='ocrx_word' id='word_1_235' title='bbox 1288 2926 1319 2983; x_wconf 79' lang='lat' dir='ltr'><strong>in</strong></span> 
     </span>
     <span class='ocr_line' id='line_1_27' title="bbox 511 3009 1167 3084; baseline 0.002 -16"><span class='ocrx_word' id='word_1_236' title='bbox 511 3010 563 3082; x_wconf 83' lang='lat' dir='ltr'><strong>eis,</strong></span> <span class='ocrx_word' id='word_1_237' title='bbox 586 3024 660 3082; x_wconf 81' lang='lat' dir='ltr'><strong>quos</strong></span> <span class='ocrx_word' id='word_1_238' title='bbox 683 3010 776 3084; x_wconf 80' lang='lat' dir='ltr'><strong>ipsius</strong></span> <span class='ocrx_word' id='word_1_239' title='bbox 799 3025 864 3068; x_wconf 88' lang='lat' dir='ltr'><strong>esse</strong></span> <span class='ocrx_word' id='word_1_240' title='bbox 886 3024 945 3068; x_wconf 86' lang='lat' dir='ltr'><strong>uon</strong></span> <span class='ocrx_word' id='word_1_241' title='bbox 969 3009 1091 3068; x_wconf 79' lang='lat' dir='ltr'><strong>dubium</strong></span> <span class='ocrx_word' id='word_1_242' title='bbox 1115 3016 1167 3070; x_wconf 85' lang='lat' dir='ltr'><strong>est.</strong></span> 
     </span>
    </p>
   </div>
   <div class='ocr_carea' id='block_1_13' title="bbox 423 3129 1456 3213">
    <p class='ocr_par' dir='ltr' id='par_1_15' title="bbox 423 3129 1456 3213">
     <span class='ocr_line' id='line_1_28' title="bbox 423 3129 1456 3213; baseline 0.006 -23"><span class='ocrx_word' id='word_1_243' title='bbox 423 3129 564 3209; x_wconf 85' lang='lat' dir='ltr'><strong>Regnavit</strong></span> <span class='ocrx_word' id='word_1_244' title='bbox 596 3148 667 3208; x_wconf 82' lang='lat' dir='ltr'><strong>erge</strong></span> <span class='ocrx_word' id='word_1_245' title='bbox 698 3129 786 3190; x_wconf 85' lang='lat' dir='ltr'><strong>David</strong></span> <span class='ocrx_word' id='word_1_246' title='bbox 824 3132 855 3191; x_wconf 93' lang='lat' dir='ltr'><strong>in</strong></span> <span class='ocrx_word' id='word_1_247' title='bbox 885 3139 1004 3192; x_wconf 87' lang='lat' dir='ltr'><strong>terrena</strong></span> <span class='ocrx_word' id='word_1_248' title='bbox 1034 3130 1233 3213; x_wconf 86' lang='lat' dir='ltr'><strong>Hierusalem,</strong></span> <span class='ocrx_word' id='word_1_249' title='bbox 1265 3134 1344 3195; x_wconf 87' lang='lat' dir='ltr'><strong>lilius</strong></span> <span class='ocrx_word' id='word_1_250' title='bbox 1455 3156 1456 3213; x_wconf 65' lang='lat'>1</span> 
     </span>
    </p>
   </div>
   <div class='ocr_carea' id='block_1_14' title="bbox 335 3217 1343 3389">
    <p class='ocr_par' dir='ltr' id='par_1_16' title="bbox 335 3217 1343 3389">
     <span class='ocr_line' id='line_1_29' title="bbox 336 3217 1342 3301; baseline 0.005 -23"><span class='ocrx_word' id='word_1_251' title='bbox 336 3219 470 3278; x_wconf 84' lang='lat' dir='ltr'><strong>caelestis</strong></span> <span class='ocrx_word' id='word_1_252' title='bbox 493 3217 691 3297; x_wconf 83' lang='lat' dir='ltr'><strong>Hierusalem,</strong></span> <span class='ocrx_word' id='word_1_253' title='bbox 719 3218 817 3278; x_wconf 89' lang='lat' dir='ltr'><strong>divino</strong></span> <span class='ocrx_word' id='word_1_254' title='bbox 846 3219 972 3280; x_wconf 87' lang='lat' dir='ltr'><strong>multum</strong></span> <span class='ocrx_word' id='word_1_255' title='bbox 1000 3221 1169 3280; x_wconf 82' lang='lat' dir='ltr'><strong>testimonio</strong></span> <span class='ocrx_word' id='word_1_256' title='bbox 1193 3222 1342 3301; x_wconf 86' lang='lat' dir='ltr'><strong>praediea-</strong></span> 
     </span>
     <span class='ocr_line' id='line_1_30' title="bbox 335 3304 1343 3389; baseline 0.004 -23"><span class='ocrx_word' id='word_1_257' title='bbox 335 3315 397 3385; x_wconf 88' lang='lat' dir='ltr'><strong>tus,</strong></span> <span class='ocrx_word' id='word_1_258' title='bbox 425 3307 492 3384; x_wconf 80' lang='lat' dir='ltr'><strong>qttia</strong></span> <span class='ocrx_word' id='word_1_259' title='bbox 519 3315 550 3366; x_wconf 91' lang='lat' dir='ltr'><strong>et</strong></span> <span class='ocrx_word' id='word_1_260' title='bbox 576 3304 682 3366; x_wconf 85' lang='lat' dir='ltr'><strong>delicte</strong></span> <span class='ocrx_word' id='word_1_261' title='bbox 713 3308 777 3366; x_wconf 88' lang='lat' dir='ltr'><strong>eius</strong></span> <span class='ocrx_word' id='word_1_262' title='bbox 800 3315 880 3366; x_wconf 88' lang='lat' dir='ltr'><strong>tenta</strong></span> <span class='ocrx_word' id='word_1_263' title='bbox 903 3309 1011 3384; x_wconf 90' lang='lat' dir='ltr'><strong>pietate</strong></span> <span class='ocrx_word' id='word_1_264' title='bbox 1035 3317 1173 3386; x_wconf 87' lang='lat' dir='ltr'><strong>superata</strong></span> <span class='ocrx_word' id='word_1_265' title='bbox 1196 3320 1266 3371; x_wconf 87' lang='lat' dir='ltr'><strong>sunt</strong></span> <span class='ocrx_word' id='word_1_266' title='bbox 1288 3329 1343 3389; x_wconf 88' lang='lat' dir='ltr'><strong>per</strong></span> 
     </span>
    </p>
   </div>
   <div class='ocr_carea' id='block_1_15' title="bbox 185 3392 1343 3484">
    <p class='ocr_par' dir='ltr' id='par_1_17' title="bbox 185 3388 1456 3487">
     <span class='ocr_line' id='line_1_31' title="bbox 185 3392 1343 3484; baseline 0.002 -28"><span class='ocrx_word' id='word_1_267' title='bbox 185 3479 186 3484; x_wconf 8' lang='grc' dir='ltr'>ἵ</span> <span class='ocrx_word' id='word_1_268' title='bbox 277 3408 317 3456; x_wconf 78' lang='lat' dir='ltr'><strong>eo</strong></span> <span class='ocrx_word' id='word_1_269' title='bbox 337 3393 560 3456; x_wconf 76' lang='lat' dir='ltr'><strong>saluberrimam</strong></span> <span class='ocrx_word' id='word_1_270' title='bbox 577 3392 746 3473; x_wconf 87' lang='lat' dir='ltr'><strong>paenitendi</strong></span> <span class='ocrx_word' id='word_1_271' title='bbox 764 3393 969 3474; x_wconf 85' lang='lat' dir='ltr'><strong>humilitatem,</strong></span> <span class='ocrx_word' id='word_1_272' title='bbox 991 3403 1026 3456; x_wconf 88' lang='lat' dir='ltr'><strong>ut</strong></span> <span class='ocrx_word' id='word_1_273' title='bbox 1042 3411 1167 3475; x_wconf 86' lang='lat' dir='ltr'><strong>prorsus</strong></span> <span class='ocrx_word' id='word_1_274' title='bbox 1189 3399 1268 3459; x_wconf 89' lang='lat' dir='ltr'><strong>inter</strong></span> <span class='ocrx_word' id='word_1_275' title='bbox 1290 3417 1343 3459; x_wconf 89' lang='lat' dir='ltr'><strong>eos</strong></span> 
     </span>
    </p>
   </div>
   <div class='ocr_carea' id='block_1_16' title="bbox 404 3504 1344 3710">
    <p class='ocr_par' dir='ltr' id='par_1_18' title="bbox 404 3504 1344 3710">
     <span class='ocr_line' id='line_1_32' title="bbox 404 3504 1194 3576; baseline 0.004 -18"><span class='ocrx_word' id='word_1_276' title='bbox 404 3507 431 3574; x_wconf 86' lang='grc'><strong>6)</strong></span> <span class='ocrx_word' id='word_1_277' title='bbox 450 3504 493 3559; x_wconf 82' lang='lat' dir='ltr'><strong>Pa.</strong></span> <span class='ocrx_word' id='word_1_278' title='bbox 514 3510 556 3574; x_wconf 83' lang='lat'><strong>68,</strong></span> <span class='ocrx_word' id='word_1_279' title='bbox 571 3512 617 3574; x_wconf 77' lang='lat'><strong>223</strong></span> <span class='ocrx_word' id='word_1_280' title='bbox 642 3505 690 3560; x_wconf 81' lang='lat' dir='ltr'><strong>Mt.</strong></span> <span class='ocrx_word' id='word_1_281' title='bbox 711 3511 754 3573; x_wconf 76' lang='lat'><strong>27,</strong></span> <span class='ocrx_word' id='word_1_282' title='bbox 769 3511 815 3572; x_wconf 77' lang='lat'><strong>343</strong></span> <span class='ocrx_word' id='word_1_283' title='bbox 831 3511 873 3559; x_wconf 88' lang='grc'><strong>48.</strong></span> <span class='ocrx_word' id='word_1_284' title='bbox 926 3509 969 3576; x_wconf 90' lang='grc'><strong>11)</strong></span> <span class='ocrx_word' id='word_1_285' title='bbox 988 3505 1032 3561; x_wconf 83' lang='lat' dir='ltr'><strong>Pr.</strong></span> <span class='ocrx_word' id='word_1_286' title='bbox 1051 3511 1094 3573; x_wconf 84' lang='grc'><strong>68,</strong></span> <span class='ocrx_word' id='word_1_287' title='bbox 1109 3511 1194 3576; x_wconf 73' lang='lat' dir='ltr'><strong>23sq.</strong></span> 
     </span>
     <span class='ocr_line' id='line_1_33' title="bbox 406 3636 1344 3710; baseline 0.006 -22"><span class='ocrx_word' id='word_1_288' title='bbox 406 3641 420 3688; x_wconf 87' lang='lat'>1</span> <span class='ocrx_word' id='word_1_289' title='bbox 436 3637 552 3690; x_wconf 82' lang='lat' dir='ltr'><strong>credant</strong></span> <span class='ocrx_word' id='word_1_290' title='bbox 561 3636 682 3691; x_wconf 82' lang='lat' dir='ltr'><strong><em>RFGb¹</em></strong></span> <span class='ocrx_word' id='word_1_291' title='bbox 695 3639 704 3706; x_wconf 87' lang='grc' dir='ltr'><strong>ΙΙ</strong></span> <span class='ocrx_word' id='word_1_292' title='bbox 718 3641 733 3690; x_wconf 83' lang='grc'>9</span> <span class='ocrx_word' id='word_1_293' title='bbox 749 3639 778 3690; x_wconf 82' lang='lat' dir='ltr'><strong>et</strong></span> <span class='ocrx_word' id='word_1_294' title='bbox 791 3636 822 3689; x_wconf 89' lang='lat' dir='ltr'><strong>in</strong></span> <span class='ocrx_word' id='word_1_295' title='bbox 836 3637 930 3690; x_wconf 84' lang='lat' dir='ltr'><strong>seand.</strong></span> <span class='ocrx_word' id='word_1_296' title='bbox 943 3637 1094 3706; x_wconf 77' lang='lat' dir='ltr'><strong>RAGupu</strong></span> <span class='ocrx_word' id='word_1_297' title='bbox 1106 3638 1164 3706; x_wconf 79' lang='lat' dir='ltr'><strong>(nul</strong></span> <span class='ocrx_word' id='word_1_298' title='bbox 1174 3639 1214 3701; x_wconf 78' lang='grc' dir='ltr'><strong>εἰς</strong></span> <span class='ocrx_word' id='word_1_299' title='bbox 1223 3639 1344 3710; x_wconf 60' lang='lat' dir='ltr'><strong>erolum),</strong></span> 
     </span>
    </p>
   </div>
   <div class='ocr_carea' id='block_1_17' title="bbox 335 3706 1456 3797">
    <p class='ocr_par' dir='ltr' id='par_1_19' title="bbox 335 3706 1456 3797">
     <span class='ocr_line' id='line_1_34' title="bbox 335 3706 1456 3797; baseline 0.005 -35"><span class='ocrx_word' id='word_1_300' title='bbox 335 3709 364 3762; x_wconf 81' lang='lat' dir='ltr'><strong>et</strong></span> <span class='ocrx_word' id='word_1_301' title='bbox 386 3706 479 3760; x_wconf 85' lang='lat' dir='ltr'><strong>seend.</strong></span> <span class='ocrx_word' id='word_1_302' title='bbox 500 3706 567 3778; x_wconf 76' lang='lat' dir='ltr'><strong>Fey</strong></span> <span class='ocrx_word' id='word_1_303' title='bbox 590 3709 648 3774; x_wconf 82' lang='lat' dir='ltr'><strong>(sed</strong></span> <span class='ocrx_word' id='word_1_304' title='bbox 666 3707 700 3773; x_wconf 80' lang='lat' dir='ltr'><strong>ef.</strong></span> <span class='ocrx_word' id='word_1_305' title='bbox 721 3711 784 3774; x_wconf 75' lang='lat'><strong>329,</strong></span> <span class='ocrx_word' id='word_1_306' title='bbox 799 3711 828 3774; x_wconf 88' lang='lat'><strong>3)</strong></span> <span class='ocrx_word' id='word_1_307' title='bbox 852 3709 862 3776; x_wconf 75' lang='grc' dir='ltr'><strong>Ι]</strong></span> <span class='ocrx_word' id='word_1_308' title='bbox 885 3711 917 3759; x_wconf 78' lang='grc'><strong>11</strong></span> <span class='ocrx_word' id='word_1_309' title='bbox 937 3707 1142 3777; x_wconf 81' lang='lat' dir='ltr'><strong>intelleguntur</strong></span> <span class='ocrx_word' id='word_1_310' title='bbox 1159 3709 1344 3779; x_wconf 78' lang='lat' dir='ltr'><strong>1t(287,6);</strong></span> <span class='ocrx_word' id='word_1_311' title='bbox 1455 3770 1456 3797; x_wconf 56' lang='lat'><strong>,</strong></span> 
     </span>
    </p>
   </div>
   <div class='ocr_carea' id='block_1_18' title="bbox 332 3775 751 3847">
    <p class='ocr_par' dir='ltr' id='par_1_20' title="bbox 332 3775 751 3847">
     <span class='ocr_line' id='line_1_35' title="bbox 332 3775 751 3847; baseline -0.002 -14"><span class='ocrx_word' id='word_1_312' title='bbox 332 3777 529 3847; x_wconf 77' lang='lat' dir='ltr'><strong>significentur</strong></span> <span class='ocrx_word' id='word_1_313' title='bbox 547 3775 641 3832; x_wconf 67' lang='grc' dir='ltr'><strong>ΑΓΘ</strong></span> <span class='ocrx_word' id='word_1_314' title='bbox 658 3777 715 3832; x_wconf 84' lang='lat' dir='ltr'><strong>rell.</strong></span> <span class='ocrx_word' id='word_1_315' title='bbox 734 3793 751 3832; x_wconf 87' lang='lat' dir='ltr'><strong>u</strong></span> 
     </span>
    </p>
   </div>
   <div class='ocr_carea' id='block_1_19' title="bbox 381 4087 520 4148">
    <p class='ocr_par' dir='ltr' id='par_1_21' title="bbox 381 4087 520 4148">
     <span class='ocr_line' id='line_1_36' title="bbox 381 4087 520 4148; baseline 0 0"><span class='ocrx_word' id='word_1_316' title='bbox 381 4087 520 4148; x_wconf 63' lang='lat' dir='ltr'>A</span> 
     </span>
    </p>
   </div>
   <div class='ocr_carea' id='block_1_20' title="bbox 0 0 1646 4459">
    <p class='ocr_par' dir='ltr' id='par_1_22' title="bbox 0 0 1646 4459">
     <span class='ocr_line' id='line_1_37' title="bbox 0 0 1646 4459; baseline 0 0"><span class='ocrx_word' id='word_1_317' title='bbox 0 0 1646 4459; x_wconf 95' lang='lat' dir='ltr'><strong> </strong></span> 
     </span>
    </p>
   </div>
  </div>
 </body>
</html>
