3284 4459
568 474 610 514 os
624 474 768 515 mutuare
780 475 836 515 um
849 476 876 515 n.
890 476 952 515 xxi.
967 476 990 517 c.
1004 477 1037 517 es.
1237 463 1301 527 537

292 628 418 690 reguum
436 609 491 670 liei
513 626 574 669 nou
596 606 800 687 possidebunt.
844 606 883 670 m
906 610 932 669 si
954 611 984 669 in
1008 612 1093 689 regni
1112 609 1165 670 Dei
1187 628 1303 689 posses·

292 702 376 759 sione
394 714 556 776 numquam
582 704 680 778 erunt,
702 705 823 757 aeterno
848 696 996 776 supplicio
1013 697 1208 778 tenebuntur,
1232 716 1304 777 quo·

293 790 371 848 uiam
394 803 456 847 nou
478 793 525 846 est
547 784 662 845 medius
684 784 778 864 locus,
800 783 852 845 ubi
875 803 935 845 non
959 788 1000 847 sit
1020 788 1052 847 in
1075 786 1229 867 supplicio,
1253 787 1305 865 qui

291 876 342 936 illo
364 892 426 935 nou
448 874 540 934 luerit
562 874 743 934 constitutus
764 874 796 932 in
818 890 920 951 regno.
1191 904 1192 907 ¹

383 960 478 1032 Qunam
501 960 539 1021 ob
562 978 628 1021 rem
650 960 729 1039 qood
752 962 793 1021 ait
815 960 958 1022 Dominus
980 960 1078 1037 lesus:
1100 962 1161 1024 Hic
1183 970 1229 1024 est
1246 974 1341 1039 pta-o

292 1054 342 1113 aas
364 1053 420 1126 qui
445 1052 484 1111 de
510 1052 597 1111 caelo
624 1051 793 1122 descendit,
819 1057 867 1125 ut,
889 1052 918 1111 sa·
939 1052 1006 1124 quis
1029 1068 1069 1111 ex
1092 1054 1155 1127 ipso
1177 1054 1303 1113 mandu-

293 1141 427 1212 caoem’t,
458 1155 518 1198 non
550 1140 709 1198 moriatur.
755 1138 821 1213 Eoo
848 1154 914 1199 sum
937 1140 1031 1213 pauo
1058 1141 1155 1213 vivus,
1186 1142 1241 1213 qut
1267 1143 1306 1201 de

293 1231 381 1289 coelo
403 1228 563 1296 descendi;
584 1228 614 1286 si
634 1228 701 1301 quis
719 1228 954 1286 manducaverit
975 1244 1015 1287 ecc
1036 1228 1094 1288 hoc
1113 1244 1204 1303 pune,
1227 1230 1306 1289 vivet

294 1320 327 1376 in
344 1321 511 1395 aeternum,
534 1331 594 1392 quo
612 1311 700 1373 modo
718 1314 760 1374 sit
779 1312 994 1395 accipiendum,
1017 1315 1123 1375 merito
1142 1317 1304 1393 quaeritur.

293 1402 332 1465 Et
354 1403 390 1463 ab
412 1403 478 1463 istis
502 1402 636 1482 quidem,
663 1398 773 1481 quibus
795 1420 876 1461 nuuc
898 1401 1128 1481 respondemus,
1157 1402 1237 1463 huno
1259 1404 1303 1463 in·
1324 1416 1357 1464 10

293 1490 445 1553 tellectum
468 1490 609 1551 auserunt
630 1488 686 1569 illi,
715 1488 824 1567 quibus
851 1489 958 1550 deinde
981 1490 1224 1569 respondendum
1245 1499 1305 1571 est3

292 1580 324 1640 bi
346 1586 418 1640 sunt
434 1586 544 1657 autem,
566 1579 617 1656 qui
635 1577 710 1639 hauc
729 1576 934 1637 liberationem
956 1594 1012 1637 nec
1034 1577 1172 1639 omnibus
1195 1578 1304 1639 haben-

294 1666 376 1729 tibus
405 1674 624 1727 sacramentum
653 1664 839 1744 baptismatis
870 1674 901 1726 et
930 1668 1065 1745 corporis
1095 1665 1222 1749 Christi,
1252 1667 1315 1728 sed*

294 1755 368 1817 solis
388 1753 550 1833 catholicis,
573 1755 706 1832 quamvis
729 1752 804 1813 male
827 1752 1002 1835 viventibus,
1024 1754 1212 1837 pollicentur,
1235 1758 1304 1833 quia

294 1862 354 1905 non
387 1842 463 1923 solo,
495 1843 647 1921 inquiunt,
680 1849 878 1922 sacramento,
908 1841 959 1901 sed
991 1860 1025 1903 re
1052 1844 1117 1921 ipsa
1148 1843 1357 1905 manduca-15

294 1939 403 1992 verunt
429 1948 539 2009 corpus
562 1928 683 2004 Christi,
713 1931 745 1989 in
773 1931 837 2008 ipso
861 1928 975 1990 scilicet
998 1932 1063 1992 eius
1086 1949 1211 2010 corpore
1235 1950 1304 1992 con·

294 2021 405 2099 stituti;
432 2018 468 2078 de
492 2036 550 2096 quo
574 2035 700 2096 corpore
723 2019 766 2077 ait
786 2016 950 2095 apostolus:
984 2018 1065 2079 Unus
1083 2022 1189 2101 panas,
1210 2038 1305 2082 unum

294 2125 407 2184 corpus
429 2109 517 2167 multi
536 2122 647 2165 summ.
693 2103 751 2175 Qui
775 2123 846 2183 ergo
869 2113 916 2166 est
938 2107 970 2165 in
993 2107 1058 2166 elus
1082 2109 1216 2185 corporis
1238 2110 1303 2169 uui·

293 2204 363 2274 tate,
385 2194 415 2254 id
439 2194 539 2254 estin
561 2191 797 2253 Christianorum
820 2210 961 2272 compage
984 2192 1195 2275 membrorum,
1218 2198 1304 2256 cuius

294 2284 430 2362 eorporis
449 2289 667 2342 sacramentum
686 2280 788 2342 fideles
811 2283 1063 2342 communicantes
1087 2280 1123 2342 de
1147 2281 1231 2343 altari
1254 2301 1302 2343 su·
1322 2295 1358 2343 ab

293 2388 376 2432 mere
399 2378 598 2449 consuerunt,
619 2370 685 2448 ipse
708 2386 777 2429 vere
801 2369 944 2429 dicendus
968 2377 1014 2429 est
1037 2369 1215 2431 manducare
1238 2388 1302 2431 cor-

293 2477 351 2539 pus
381 2456 491 2519 Christi
523 2464 553 2517 ct
584 2456 686 2518 bibere
719 2460 894 2536 sanguinem
923 2454 1043 2518 Christi.
1087 2457 1130 2518 hc
1161 2475 1217 2537 per
1247 2458 1304 2519 boc

293 2547 436 2607 haeretici
458 2551 490 2605 et
511 2545 692 2606 schismatici
709 2544 746 2605 eb
770 2545 859 2607 huius
882 2547 995 2605 unitate
1019 2546 1153 2624 corporis
1176 2548 1304 2625 separati

294 2641 421 2715 possunt
440 2632 520 2694 idem
542 2634 698 2712 percipere
727 2641 957 2714 sacramentum,
984 2632 1036 2693 sed
1060 2652 1119 2693 non
1143 2632 1200 2695 sibi
1223 2633 1304 2715 utile,

294 2727 384 2784 immo
408 2739 478 2782 vero
502 2722 590 2781 etiam
618 2723 755 2796 noxium,
779 2739 838 2800 quo
861 2721 1031 2782 iudicentur
1053 2723 1184 2804 gravius,
1216 2734 1355 2800 quamue

295 2810 340 2872 vel
369 2810 483 2871 tardius
512 2808 685 2871 liberentur.
737 2809 803 2870 Non
831 2817 901 2871 sunt
927 2811 1036 2889 quippe
1063 2812 1094 2869 in
1122 2828 1159 2870 eo
1185 2810 1313 2873 viuculo

294 2901 385 2979 pacis,
408 2896 487 2976 quod
510 2897 559 2956 illo
583 2898 759 2976 exprimitur
782 2905 975 2957 sacramento.

384 2985 444 3046 Sed
467 3002 573 3045 rursus
596 2988 685 3047 etiam
707 2987 767 3067 isti,
790 2986 842 3063 qui
865 2993 948 3045 recte
969 2984 1155 3068 intellegunt,
1177 3004 1238 3047 non
1261 2986 1303 3049 di·

294 3073 423 3136 cendum
449 3090 516 3133 esse
543 3074 720 3134 manducare
749 3091 858 3151 corpus
886 3071 1009 3154 Christi,
1037 3076 1089 3151 qui
1116 3075 1148 3134 in
1177 3091 1303 3152 corpore

296 3169 421 3239 nonest
440 3159 559 3240 Christi,
582 3178 642 3221 non
660 3170 742 3221 recte
764 3162 942 3239 promittunt
964 3162 1016 3241 eis,
1039 3163 1091 3239 qul
1113 3160 1159 3223 vel
1181 3164 1212 3221 in
1236 3161 1302 3221 hae·
1322 3173 1366 3221 30·

295 3254 385 3311 resim
409 3248 455 3310 vel
478 3250 566 3309 etiam
584 3250 615 3310 in
634 3249 788 3327 gentilium
811 3250 1055 3327 superstitionem
1078 3267 1114 3309 ex
1137 3247 1216 3309 illius
1239 3267 1304 3309 cor·

293 3340 377 3419 poris
399 3339 513 3398 unitate
531 3336 681 3416 labuntur,
703 3335 908 3396 liberationem
931 3336 1107 3415 potandoque
1133 3335 1168 3398 ab
1192 3338 1305 3397 aeterni

364 3466 392 3535 9)
408 3465 447 3519 Io.
467 3469 492 3531 6,
506 3469 590 3532 50sq.
647 3462 813 3541 18)‚1.Cor.
833 3466 933 3530 10,1r.
1030 3508 1033 3510 .

365 3608 399 3656 20
413 3604 503 3658 altore
512 3606 540 3659 R
554 3604 698 3672 (Iloensch,
711 3604 775 3659 Ital.
783 3621 811 3672 p.
821 3606 903 3671 265),
918 3602 1007 3669 altore
1021 3602 1032 3656 i
1047 3604 1124 3671 (εἰσί)
1131 3620 1153 3672 p
1166 3606 1175 3673 ΙΙ
1190 3609 1222 3656 21
1238 3620 1304 3658 con-

293 3676 409 3729 suerunt
434 3674 582 3745 Βθῑῆεῃς
609 3677 811 3729 consueverunt
834 3675 928 3743 Abpo
950 3676 960 3744 l
982 3678 1015 3726 23
1040 3673 1160 3728 scismst.
1186 3673 1303 3743 G²nep3

292 3744 401 3799 cismai.
424 3745 489 3814 (3¹11
508 3751 541 3800 29
560 3746 729 3800 manducare
746 3761 812 3812 οπεος
832 3761 895 3799 eum
912 3744 1006 3798 mand.
1026 3760 1043 3798 n
