3284 4459
553 506 593 545 nu
608 504 817 547 mrrrarunm
831 506 946 547 nm.
960 506 984 546 c.
998 507 1030 546 aa.
1235 491 1299 557 629

298 639 446 719 Numquid
474 658 544 718 ergo
573 658 681 719 corpus
708 638 809 719 habet,
836 658 891 718 per
917 641 1002 700 cuius
1025 638 1127 700 oculos
1150 658 1184 700 ea
1206 644 1300 719 possit

297 724 470 790 addiscere?
505 727 616 788 Deinde
639 727 717 807 quod
740 728 777 788 de
799 728 943 807 propbeta
965 727 1100 788 Helisaeo
1122 727 1209 808 paulo
1231 737 1299 789 ante

297 818 438 897 diximus,
465 834 562 876 nonne
586 818 657 875 satis
685 815 794 876 indicat
817 819 906 878 etiam
928 819 1048 897 spiritu,
1075 835 1135 877 nou
1158 836 1212 897 per
1235 835 1299 877 cor-

296 924 369 985 pus,
401 904 562 984 corporalia
595 922 682 983 posse
710 900 813 964 cerni?
859 902 983 974 Quando
1009 907 1088 965 enim
1118 924 1222 966 servus
1250 904 1299 967 ille

297 1011 419 1054 munera
443 994 569 1072 accepit,
592 994 694 1070 utique
718 992 911 1071 corporaliter
933 1001 1048 1072 gestum
1073 1003 1133 1073 est,
1156 994 1235 1073 quod
1257 1003 1335 1057 tat

297 1100 365 1143 men
397 1080 541 1161 propbeta
573 1097 631 1140 non
659 1098 713 1160 per
740 1098 862 1159 corpus,
894 1081 945 1141 sed
973 1098 1027 1159 per
1054 1084 1189 1160 spiritum
1220 1083 1299 1143 vidit.

298 1170 382 1230 Sicut
412 1188 482 1248 ergo
510 1177 625 1229 constat
653 1186 777 1247 corpora
804 1168 898 1228 videri
926 1171 1048 1248 spiritu,
1079 1169 1149 1247 quid
1173 1173 1197 1229 si
1221 1178 1301 1231 tauta

297 1260 355 1318 erit
386 1260 516 1336 potentia
549 1255 688 1335 spiritalis
716 1259 864 1335 corporis,
897 1266 929 1317 ut
956 1275 1080 1336 corpore
1108 1257 1242 1317 videatur
1270 1269 1301 1320 et

297 1342 441 1425 spiritus?
483 1344 610 1424 Spiritus
634 1346 713 1404 enim
736 1353 781 1405 est
804 1344 891 1405 Deus.
937 1345 1047 1405 Deinde
1070 1347 1158 1405 vitam
1182 1346 1299 1424 quidem

297 1451 391 1513 suam,
414 1452 471 1513 qua
489 1451 568 1493 nuno
587 1434 657 1493 vivit
679 1435 709 1492 in
733 1450 857 1512 corpore
880 1444 911 1494 et
933 1433 1005 1493 baec
1027 1442 1147 1494 terrena
1169 1432 1300 1495 membra
1320 1450 1353 1498 10

298 1530 413 1599 vegetat
442 1522 570 1601 iecitque
605 1522 745 1601 virentia,
777 1523 919 1582 interiore
949 1539 1039 1582 sensu
1069 1522 1210 1601 quisque,
1242 1540 1300 1582 uon

297 1628 351 1691 per
374 1627 533 1690 corporeos
556 1608 657 1669 oculos
680 1611 773 1690 novit;
797 1608 920 1671 aliorum
943 1628 1013 1670 vero
1036 1610 1123 1688 ritas,
1151 1628 1219 1670 oum
1242 1612 1302 1670 sint

297 1697 473 1779 invisibiles,
500 1717 555 1777 per
582 1715 690 1776 corpus
713 1698 799 1758 videt.
845 1697 918 1759 Nam
942 1698 1019 1759 unde
1043 1699 1169 1758 viventia
1191 1698 1300 1759 discer-

299 1790 396 1848 nimus
419 1804 435 1847 a
460 1805 518 1846 non
537 1785 701 1846 viventibus
720 1803 854 1867 corpora,
877 1789 934 1847 nisi
957 1804 1081 1866 corpora
1106 1786 1194 1847 simul
1217 1790 1301 1847 vitas·

297 1894 354 1955 que
387 1876 552 1954 videamus,
583 1892 655 1951 qrras
684 1877 739 1933 nisi
765 1892 820 1953 per
849 1893 958 1954 corpus
985 1875 1085 1935 ridere
1115 1893 1174 1935 non
1198 1894 1300 1954 possu·
1322 1891 1354 1939 tt>

298 1960 385 2025 mus?
430 1961 509 2022 Vitas
537 1972 635 2022 autern
665 1964 728 2022 sine
752 1962 928 2042 corporibus
951 1966 1103 2042 corporeis
1126 1962 1220 2023 oculis
1242 1981 1301 2023 non

298 2052 438 2111 videmus.

386 2137 480 2209 Quam
502 2137 540 2198 ob
569 2155 632 2198 rem
655 2139 720 2199 beri
742 2147 840 2218 potest
862 2138 1003 2219 valdeque
1027 2140 1167 2201 credibile
1191 2150 1236 2201 est
1259 2142 1301 2201 sic

298 2245 352 2287 nos
381 2229 496 2287 visuros
525 2226 671 2287 mundana
702 2235 773 2287 tunc
796 2246 919 2307 corpora
948 2228 1021 2289 caeli
1050 2231 1117 2288 novi
1144 2239 1174 2290 et
1204 2239 1301 2289 terrae

299 2332 405 2395 novae,
437 2324 471 2375 ut
502 2314 594 2375 ueun
627 2313 736 2394 ubique
767 2324 954 2394 praesentem
986 2327 1017 2377 et
1045 2320 1181 2377 universa
1213 2319 1301 2377 etiam
1320 2332 1354 2380 20

298 2402 461 2482 corporalia
488 2401 702 2481 gubernantem
730 2422 783 2482 per
813 2422 937 2483 corpora
967 2424 1041 2483 quae
1069 2403 1249 2484 gestabimus
1271 2414 1301 2466 et

300 2508 375 2571 quae
394 2493 618 2571 conspiciemus,
642 2510 894 2569 quaquaversum
916 2493 1018 2553 oculos
1041 2493 1221 2574 duxerimus,
1243 2493 1302 2553 cla·

299 2581 414 2639 rissima
436 2581 646 2658 perspicuitate
672 2579 834 2658 videamus,
862 2598 921 2640 non
945 2583 1021 2641 siout
1044 2600 1123 2641 nunc
1146 2581 1302 2642 invisibilia

300 2667 353 2728 bei
375 2686 429 2748 per
453 2686 499 2749 ea,
528 2685 601 2747 quae
626 2669 701 2728 lacta
725 2679 809 2748 sunt,
831 2668 979 2729 intellecta
1002 2671 1226 2748 conspiciuntur
1248 2688 1302 2749 per

299 2756 452 2835 speculum
478 2758 509 2816 in
537 2759 699 2835 aenigmate
724 2754 796 2835 <et>
820 2775 855 2816 ex
878 2766 975 2835 parte,
1001 2755 1054 2816 ubi
1077 2755 1143 2835 plus
1166 2760 1197 2817 in
1216 2758 1301 2818 nobis
1320 2772 1354 2820 25

300 2844 375 2903 valet
397 2844 484 2925 fides,
512 2861 568 2922 qua
592 2844 752 2924 credimuS,
783 2861 870 2922 quarn
892 2862 993 2904 rerum
1017 2845 1213 2924 corporalium
1236 2866 1301 2926 spe·

299 2934 373 3011 cies,
405 2949 493 3010 quam
520 2950 574 3011 per
605 2933 706 2992 oculos
736 2934 886 2992 cernimus
916 2932 1091 3011 corporales.
1138 2933 1195 2994 Sed
1226 2937 1303 2994 sicut

299 3019 450 3098 bomineS,
477 3020 554 3079 inter
582 3038 656 3099 quos
684 3022 814 3080 viventes
842 3028 998 3098 motusque
1022 3022 1123 3081 vitales
1147 3030 1302 3082 exerentes

300 3110 440 3187 vivimus,
463 3125 529 3166 mox
554 3117 587 3167 ut
609 3110 780 3189 aspicimus,
803 3126 862 3167 non
886 3109 1033 3168 oredimus
1056 3112 1162 3191 rivere,
1186 3110 1237 3170 sed
1261 3112 1300 3169 vi·

300 3196 417 3274 demuS,
440 3213 509 3255 cum
532 3213 634 3255 eorum
658 3198 745 3256 vitam
769 3198 832 3256 sine
856 3196 1030 3275 corporibus
1052 3197 1151 3257 videre
1175 3216 1301 3276 nequea·
1320 3212 1355 3259 30

301 3302 381 3363 mus,
408 3301 497 3362 quam
524 3292 621 3343 tamen
649 3286 680 3343 in
708 3286 751 3344 eis
777 3302 832 3363 per
859 3303 982 3364 corpora
1005 3295 1117 3345 remota
1140 3289 1220 3345 omni
1243 3304 1301 3346 am·

301 3370 440 3449 biguitate
477 3373 689 3450 conspicimus:
718 3374 759 3433 ita
799 3390 984 3452 quacumque
1012 3373 1151 3452 spiritalia
1181 3374 1229 3434 illa
1258 3373 1301 3435 lu·

301 3460 378 3518 mina
409 3477 566 3538 corporum
602 3468 771 3520 nostrorum
804 3462 1062 3543 circumferemus,
1094 3464 1302 3543 incorporeum

367 3577 411 3643 25)
429 3576 508 3630 Rom.
530 3584 553 3644 1,
569 3583 602 3631 20
622 3581 651 3633 eb
670 3587 694 3633 1.
714 3578 773 3635 (lor.
794 3585 836 3647 13,
852 3586 893 3634 12.

368 3706 384 3755 6
403 3700 452 3754 sed
471 3701 600 3771 spiritum
619 3720 650 3770 ας
669 3702 717 3757 sed
736 3702 837 3773 spiritu
852 3705 890 3774 bt
906 3710 936 3759 19
956 3722 1007 3760 nos
1022 3706 1061 3773 R3
1080 3723 1130 3761 nos
1150 3723 1209 3761 esse
1223 3709 1305 3764 Atta

301 3772 358 3828 rell.
377 3789 393 3826 o
412 3774 490 3839 (628,
504 3777 534 3841 9)
548 3778 558 3840 ΙΙ
572 3789 687 3843 corpora
709 3776 777 3829 tunc
796 3775 825 3831 R
837 3777 846 3844 ΙΙ
860 3780 894 3830 26
913 3777 942 3830 et
959 3793 1009 3831 om.
1025 3776 1240 3835 Raosaoeu
