3284 4459
539 558 579 598 nn
593 557 736 598 crvrrern
750 557 804 598 nn1
817 556 845 598 n
859 557 947 597 xvm
960 557 983 598 c.
997 558 1030 598 n.
1043 559 1077 599 ts.
1245 541 1309 606 331

304 696 385 754 tione
415 695 612 772 posteriorem
646 691 737 752 fuisse
772 709 859 771 quam
890 690 989 752 lsrael.
1034 689 1180 752 [livinitus
1211 699 1311 750 autem

304 783 455 860 provisum
473 782 565 842 iuisse
583 797 642 841 nou
656 778 768 859 dubito,
789 789 824 839 ut
842 797 878 840 ex
896 779 954 840 hoc
971 797 1033 840 uno
1055 781 1200 840 sciremus
1223 781 1311 839 etiam

304 887 359 950 per
387 868 456 930 alias
485 876 589 948 gentes
616 885 682 929 esse
711 869 858 947 potuisse,
885 871 937 947 qui
964 866 1129 929 secundum
1152 866 1246 929 Deum
1269 870 1311 927 ri-

304 966 413 1019 xerunt
435 959 522 1037 eique
546 956 731 1037 placuerunt,
752 958 938 1035 pertinentes
959 955 997 1016 ad
1019 955 1183 1035 spiritalem
1204 954 1311 1017 Hieru-

304 1046 404 1108 salem.
459 1044 544 1116 Quod
574 1046 686 1105 nemini
715 1061 891 1104 concessum
917 1045 1011 1106 subse
1042 1043 1224 1105 credendum
1255 1052 1347 1126 esqtt

304 1136 363 1194 uisi
394 1135 443 1194 cni
473 1133 614 1193 divinitus
654 1131 801 1192 revelatus
834 1144 879 1192 est
909 1151 988 1192 unus
1019 1131 1164 1192 mediator
1195 1131 1250 1193 llei
1266 1140 1312 1192 'et

304 1223 466 1302 hominum,
488 1221 577 1281 horno
596 1219 732 1281 Christus
750 1219 844 1288 lesus,
866 1223 918 1300 qui
935 1230 1079 1281 venturus
1101 1223 1132 1280 in
1155 1237 1245 1280 carne
1267 1223 1311 1281 sic

304 1312 434 1389 antiquis
460 1311 571 1370 sanctis
597 1308 875 1389 praenuntiabatur,
902 1326 991 1388 quem
1017 1308 1054 1370 ad
1081 1307 1203 1370 modum
1225 1307 1329 1368 nobis

305 1401 421 1459 venisse
444 1399 597 1459 nuntiatus
627 1405 685 1477 est,
714 1405 749 1458 ut
774 1414 834 1458 una
857 1395 1019 1476 eademque
1040 1414 1096 1476 per
1117 1398 1215 1475 ipsum
1238 1395 1312 1457 tides

305 1503 408 1547 omnes
431 1487 464 1547 in
485 1485 539 1545 llei
561 1487 725 1564 civitatem,
753 1484 807 1544 llei
829 1485 963 1559 domum,
986 1483 1040 1544 llei
1062 1483 1206 1563 templum
1227 1502 1313 1563 prae·
1332 1495 1367 1544 to

305 1575 469 1635 destinatos
497 1573 641 1653 perducat
669 1573 705 1633 ad
729 1572 831 1634 ileum.
877 1571 936 1633 Sed
959 1590 1164 1652 quaecumque
1187 1571 1313 1634 aliorum

305 1662 479 1742 prophetiae
501 1661 538 1722 de
557 1661 611 1722 llei
633 1679 688 1740 per
705 1659 803 1721 lesum
821 1661 971 1723 Christum
993 1664 1088 1740 gratia
1109 1661 1314 1741 proferuntur,

305 1758 431 1830 possunt
460 1751 559 1830 putari
588 1766 603 1808 a
633 1748 807 1810 Christianis
839 1767 905 1810 esse
935 1750 1087 1810 coniictae.
1141 1748 1211 1809 ldeo
1241 1749 1314 1810 nihd

305 1846 353 1900 est
379 1839 494 1899 firmius
521 1837 556 1898 ad
586 1837 803 1898 convincendos
826 1837 974 1918 quoslihet
995 1837 1120 1918 alienos,
1150 1839 1177 1899 si
1199 1837 1236 1899 de
1258 1837 1314 1898 hac

305 1945 340 1987 re
363 1925 584 2005 contenderint,
610 1935 788 2005 nostrosque
812 1926 975 2007 iaciendos,
998 1929 1025 1987 si
1046 1933 1129 1986 recte
1152 1928 1314 2005 sapuerint,
1334 1937 1367 1986 tt

306 2033 394 2095 quam
417 2023 453 2076 ut
470 2014 568 2074 divina
590 2013 740 2093 praedicta
762 2013 798 2075 de
817 2014 936 2076 Christo
959 2031 994 2075 ea
1016 2015 1215 2095 proterantur,
1238 2032 1313 2093 quae

306 2105 337 2164 in
367 2102 543 2164 ludaeorum
573 2100 724 2163 codicibus
754 2105 864 2182 scripta
890 2111 974 2183 sunt,
1004 2101 1112 2181 quibus
1139 2102 1248 2163 avulsis
1276 2102 1314 2164 dc

306 2191 428 2252 sedibus
458 2191 588 2270 propriis
620 2199 651 2250 et
681 2200 805 2270 propter
834 2191 891 2252 hoc
918 2193 1122 2252 testimonium
1148 2197 1213 2252 toto
1242 2190 1316 2252 orbe

308 2280 451 2359 dispersis
474 2277 585 2338 Christi
607 2296 821 2359 usquequaque
846 2282 938 2340 crevit
960 2278 1093 2340 ecclesie

667 2501 783 2568 cmm
807 2503 954 2568 XLVIII.
1334 2520 1369 2570 20

309 2634 505 2710 Prophetiam
523 2632 650 2709 qucet‘,
672 2649 734 2706 quc
758 2634 838 2692 dixit
859 2635 1003 2693 maiorem
1023 2629 1164 2706 suturam
1183 2634 1317 2705 pioriom

308 2725 414 2783 domus
436 2721 502 2793 Dei,
526 2737 616 2796 quom
636 2723 769 2797 primum
788 2718 905 2799 sut'sset,
927 2737 987 2782 non
1011 2723 1043 2780 t'n
1066 2722 1317 2792 reaedificatione

398 2813 512 2886 templi,
535 2811 591 2870 sed
612 2811 644 2868 in
666 2811 796 2869 ecclesia
821 2808 935 2868 Christi
955 2825 1020 2869 esse
1042 2811 1226 2884 completam.

396 2931 475 2992 flacc
494 2931 599 2992 domus
618 2930 671 2992 llei
690 2934 809 2991 maioris
828 2940 873 2991 est
895 2928 1014 3012 gloriae,
1037 2949 1124 3010 quam
1149 2931 1246 2990 iuerat
1267 2930 1316 2990 illa

308 3025 402 3100 prima
426 3021 513 3098 lignis
531 3028 562 3081 et
579 3019 726 3099 lapidibus
749 3022 915 3097 ceterisque
939 3022 1077 3098 pretiosis
1100 3017 1191 3079 rebus
1214 3017 1315 3078 metal-
1333 3030 1367 3079 25

308 3109 405 3188 lisque
424 3116 604 3169 constructa.
649 3105 715 3168 Non
733 3110 832 3186 itaque
851 3109 958 3186 Aggaei
981 3107 1136 3188 prophetia
1159 3109 1190 3166 in
1213 3104 1315 3185 templi

308 3196 388 3257 illius
416 3198 628 3257 instauratione
658 3195 801 3274 completa
830 3206 883 3256 est.
929 3193 972 3254 Ex
1000 3213 1059 3275 quo
1090 3197 1168 3254 enim
1198 3201 1244 3254 est
1271 3197 1315 3253 in-

309 3293 488 3364 stauratum,
516 3301 676 3363 numquam
699 3283 866 3344 ostenditur
889 3282 1026 3344 habuisse
1049 3292 1160 3344 tantam
1183 3280 1315 3361 gloriam,

309 3381 449 3450 quantam
476 3371 579 3432 hahuit
605 3379 739 3450 tempore
770 3370 947 3451 Salomonis3
974 3373 1064 3431 immo
1094 3372 1193 3449 potius
1217 3378 1315 3430 osten-

309 3461 391 3521 ditur
419 3462 548 3540 primum
579 3462 743 3520 cessatione
775 3459 947 3538 prophetiae
980 3459 1072 3519 luisse
1102 3457 1207 3518 domus
1236 3456 1315 3518 illius
1334 3471 1368 3519 30

309 3547 432 3626 gloriam
466 3547 654 3627 diminutam,
687 3546 792 3606 deinde
820 3549 914 3626 ipsius
941 3548 1038 3626 gentis
1066 3544 1199 3606 cladibus
1225 3548 1316 3606 tantis

309 3654 405 3715 usque
429 3635 464 3696 ad
489 3635 626 3696 ultimum
650 3634 805 3714 excidium,
828 3633 907 3714 quod
931 3636 1040 3696 iactum
1063 3641 1110 3694 est
1131 3631 1315 3713 allemanis,

309 3726 388 3785 sicut
410 3742 459 3804 ea,
482 3741 557 3803 quae
581 3741 671 3802 supra
694 3731 763 3784 sunt
785 3731 1013 3783 commemorata
1035 3727 1212 3783 testantur..,
1236 3719 1315 3781 Haec

309 3822 408 3874 autem
441 3812 546 3873 domus
582 3811 618 3872 ad
655 3828 764 3870 norum
799 3812 953 3890 pertinens
990 3818 1201 3870 testamentum
1220 3816 1315 3868 tanto
