3284 4459
539 508 579 547 on
593 508 736 549 omrnnu
748 508 801 549 mm
814 509 841 548 u.
854 508 930 549 xxm
944 509 967 550 o.
980 510 1013 550 ss.
1027 511 1061 550 oo.
1236 494 1301 557 623

297 649 415 703 sumant
439 644 526 703 ctiam
549 642 604 703 hoc
628 643 663 703 de
688 642 827 724 Varrone,
849 636 884 703 ut
905 643 940 703 ad
964 642 1066 703 eadem
1089 660 1213 722 corpora
1236 642 1301 702 red-

298 739 375 812 eant,
404 730 566 809 inquibus
592 738 675 791 antea
701 731 835 813 inerunt,
859 741 889 792 et
911 730 988 809 apud
1012 748 1062 791 cos
1086 739 1146 792 tota
1169 733 1301 809 quaestio

298 818 335 880 de
359 820 456 879 carnis
479 820 510 879 in
533 828 687 880 ueternum
709 822 929 880 resurrectione
953 818 1091 880 solvetur.

662 1006 786 1115 'Gneus
809 1007 926 1074 XXIX.

298 1138 345 1199 De
362 1140 509 1213 qualitate
527 1139 657 1212 visionis,
680 1155 741 1213 qno
764 1136 924 1285 inbsntnro
946 1141 1068 1198 soeculo
1089 1140 1190 1199 sancti
1207 1139 1303 1198 Deum
1321 1149 1338 1197 o

725 1228 792 1286 vide
813 1232 874 1285 unt.

257 1408 262 1417 ,
387 1348 472 1410 Nunc
498 1351 556 1410 iam
585 1349 654 1427 quid
682 1350 777 1410 acturi
805 1351 864 1409 sint
891 1350 922 1409 in
945 1348 1123 1428 corporibus
1141 1348 1302 1410 inmortali-

299 1436 355 1498 bus
387 1447 474 1516 atquc
507 1436 689 1517 spiritalibus
720 1439 828 1517 sancti,
860 1455 919 1497 non
951 1436 1046 1497 adhuc
1078 1455 1182 1498 eorum
1214 1456 1302 1498 carne

300 1526 468 1608 carnaliter,
491 1525 542 1586 sed
566 1520 737 1605 spiritaliter
759 1528 817 1585 iam
840 1528 968 1607 vivente,
996 1534 1139 1604 spirantum
1161 1524 1303 1586 Dominus

300 1614 437 1692 dignatur
469 1614 605 1675 adiuvare
639 1614 796 1675 videamus.
850 1614 888 1674 Et
919 1613 966 1673 illa
998 1613 1117 1693 quidem
1150 1616 1225 1675 actio
1257 1613 1302 1675 vel
1323 1626 1356 1675 10

299 1704 398 1781 potius
430 1705 514 1782 quies
545 1712 632 1782 atque
660 1706 753 1763 otium
786 1703 870 1782 quale
903 1703 1036 1764 futurum
1064 1704 1116 1784 sit,
1148 1705 1174 1762 si
1200 1720 1303 1763 verum

299 1790 385 1851 velim
405 1790 512 1873 dicere,
537 1794 645 1851 nescio.
664 1856 674 1871 ,
690 1791 754 1851 Non
778 1794 857 1851 enim
878 1790 936 1851 hoc
960 1809 1098 1870 [nmquam
1120 1810 1175 1870 per
1198 1809 1303 1852 sensus

300 1882 433 1959 corporis
461 1879 528 1939 vidi.
574 1878 606 1939 Si
636 1888 734 1939 autem
762 1888 873 1959 mente,
900 1877 930 1939 id
958 1887 1004 1939 cst
1025 1880 1240 1960 intellegentia,
1262 1882 1302 1939 vi-

299 1967 378 2028 disse
406 1986 452 2027 me
480 1968 588 2047 dicam,
616 1976 757 2045 quantum
787 1976 832 2027 est
860 1975 911 2027 aut
933 1967 1003 2045 quid
1027 1976 1073 2028 est
1095 1976 1196 2027 nostra
1218 1967 1302 2027 intel·
1338 2018 1348 2035 ,

299 2056 425 2135 legentis
452 2055 487 2115 ad
515 2056 593 2116 illam
626 2051 852 2115 excellentiam?
896 2054 940 2115 lbi
968 2064 1015 2116 est
1041 2058 1119 2115 enim
1143 2073 1211 2131 pax
1237 2056 1303 2134 Dei,
1323 2065 1356 2113 15

300 2162 391 2220 wne,
423 2145 500 2204 sicut
527 2142 598 2204 dicit
627 2142 790 2224 apostolus,
816 2150 943 2220 superat
968 2161 1083 2205 omnem
1105 2147 1304 2214 intellectum

300 2250 389 2311 quem
413 2234 470 2292 nisi
492 2241 640 2311 nostrum,
663 2241 713 2292 aut
736 2232 860 2291 fortasse
884 2233 972 2291 etiam
995 2240 1165 2292 sanctorum
1188 2231 1302 2310 angelo-

300 2315 389 2380 rrum?
417 2338 475 2380 non
502 2322 580 2380 enim
608 2329 638 2380 et
661 2319 722 2381 liei.
768 2318 799 2379 Si
828 2338 898 2399 crgo
922 2322 1016 2380 sancti
1038 2322 1070 2381 in
1092 2319 1146 2380 Dei
1167 2338 1239 2399 pace
1262 2322 1302 2380 vi·

300 2409 379 2468 cturi
397 2416 477 2490 sunt,
498 2408 630 2487 proiecto
649 2410 680 2468 in
703 2426 737 2468 ea
759 2426 831 2487 pace
855 2410 961 2468 victuri
984 2407 1160 2488 sunt,'quae
1183 2416 1301 2487 superat

301 2514 419 2556 omnem
446 2495 636 2557 intellectum.
682 2495 826 2567 Quoniam
856 2505 991 2557 nostrum
1024 2496 1141 2575 quidem
1174 2506 1303 2577 superat,
1322 2507 1357 2557 20

302 2592 428 2645 nonest
451 2583 586 2665 dubium3
614 2586 639 2644 si
662 2592 760 2645 autem
783 2593 904 2665 superat
926 2593 958 2645 et
979 2584 1164 2665 angelorum,
1192 2592 1226 2645 ut
1247 2602 1303 2645 nec

302 2676 381 2752 ipsos
409 2674 560 2752 excepisse
588 2671 733 2753 videatur,
766 2675 816 2752 qui
840 2676 880 2733 ait
902 2690 1018 2734 omnem
1040 2676 1235 2734 intellectum:
1258 2691 1302 2732 se·

302 2762 430 2822 cundum
458 2762 514 2821 boc
542 2761 653 2822 dictum
681 2779 746 2821 esse
769 2760 911 2822 debemus
934 2764 1080 2840 accipere,
1112 2763 1178 2839 quia
1200 2779 1303 2841 pacem

302 2850 367 2929 liei,
399 2867 457 2928 qua
480 2849 559 2910 lieus
586 2852 649 2929 ipse
676 2860 796 2929 pacatus
828 2859 886 2929 est,
918 2851 996 2909 sicut
1018 2848 1097 2909 Deus
1120 2852 1213 2930 norit,
1243 2868 1302 2909 non

302 2956 365 2997 eam
395 2955 449 2998 nos
480 2940 523 3021 sic
553 2956 711 3018 possumus
741 2956 829 2999 nosse
858 2956 913 2997 nec
941 2937 992 2997 ulli
1022 2937 1125 3016 angeli.
1171 2940 1304 3014 Superat
1322 2949 1357 2997 25

302 3028 400 3103 itaque
423 3042 538 3087 omnem
561 3029 755 3100 intellectum,
785 3045 845 3086 non
867 3025 989 3086 dubium
1014 3026 1091 3104 quod
1114 3036 1232 3106 praeter
1255 3044 1302 3086 su·

302 3132 361 3173 um.
407 3112 466 3173 Sed
489 3115 556 3191 quia
580 3123 611 3174 et
632 3133 687 3174 nos
709 3132 764 3193 pro
788 3114 874 3175 modo
899 3123 1000 3174 nostro
1022 3117 1103 3194 pacis
1126 3117 1191 3175 eius
1213 3116 1301 3194 parti-

302 3205 383 3281 cipes
412 3202 479 3262 iacti
508 3203 618 3262 scimus
647 3220 791 3263 summam
818 3205 850 3263 in
877 3202 962 3263 nobis
985 3211 1073 3281 atquc
1096 3204 1174 3263 inter
1197 3221 1251 3262 nos
1275 3213 1304 3262 et

303 3308 370 3350 cum
402 3293 465 3370 ipso
497 3304 613 3371 pacem,
645 3298 786 3369 quantum
814 3300 949 3352 nostrum
976 3308 1123 3351 summum
1156 3300 1215 3351 est:
1246 3292 1303 3351 isto

303 3378 388 3439 modo
418 3397 472 3458 pro
503 3396 557 3438 suo
585 3377 671 3438 modo
699 3381 797 3441 sciunt
824 3398 887 3440 eam
916 3381 1011 3438 sancti
1033 3378 1140 3459 angeli3
1169 3378 1303 3439 homines
1342 3394 1356 3426 r

371 3504 413 3567 rs>
431 3500 503 3554 Part.
522 3506 547 3565 4,
562 3507 585 3553 r.
651 3570 652 3573 Ν

371 3646 385 3693 ‘l
404 3640 486 3695 Nunc
500 3659 584 3711 usqne
600 3644 638 3697 od
652 3646 715 3707 630,
729 3646 764 3697 19
778 3658 829 3695 orn.
844 3638 935 3695 E“”⁸⁰
948 3643 959 3711 ΙΙ
973 3646 1007 3696 10
1025 3642 1182 3713 rideamus]
1203 3642 1309 3697 iudice-

298 3729 360 3766 mus
378 3712 407 3778 b;
429 3712 477 3781 pic
500 3712 591 3780 adque
608 3712 754 3766 humiliter
770 3713 1009 3783 pertractemusp
1030 3715 1040 3781 i
1063 3718 1096 3766 16
1116 3713 1186 3767 dicit
1205 3715 1309 3769 Rnao

300 3787 435 3868 (bizim
448 3787 512 3851 460,
522 3788 565 3853 6);
580 3784 621 3838 nit
636 3783 768 3853 Gaeqpo
782 3786 860 3851 (622,
869 3787 960 3853 susq.)
979 3785 989 3853 ΙΙ
1008 3788 1041 3837 28
1056 3784 1158 3838 scimus
1172 3802 1309 3839 summam

298 3871 396 3925 scripsi
406 3857 470 3922 (25;
484 3858 534 3923 30;
549 3858 611 3923 624,
622 3859 664 3923 3);
679 3870 773 3909 sumus
788 3870 924 3938 summam
934 3854 974 3921 la
989 3872 1084 3909 sumus
1093 3873 1199 3923 namn3
1214 3874 1308 3911 sumus

299 3942 348 3981 ont.
369 3926 500 3997 Abeppn
518 3931 527 3996 ΙΙ
546 3932 578 3980 29
598 3929 641 3981 est
660 3928 698 3993 R3
718 3928 772 3991 est,
792 3925 980 3981 obtinebimus
1000 3927 1081 3982 AG*
1100 3928 1188 3983 seito
1271 4005 1273 4008 Ι
