3284 4459
367 494 434 558 544
771 505 792 547 s.
806 504 973 548 sucosam

367 641 610 704 delectationibus
637 640 732 703 aliena
757 649 830 702 sant
857 642 975 701 nomina
997 640 1116 719 pletatis
1138 638 1266 699 humano
1290 656 1378 699 more

367 730 525 791 carnaliter
546 728 695 809 diligendo
719 728 837 790 Christo
865 730 1030 809 anteponit,
1057 745 1117 788 non
1140 745 1209 788 enm
1232 725 1322 787 habet
1345 730 1378 787 in

366 818 557 879 fundamento
584 826 616 879 et
637 817 704 878 ideo
732 835 791 878 non
819 834 874 896 per
901 819 998 895 ignem
1022 814 1120 877 salvus
1143 818 1214 896 erit,
1244 813 1296 875 sed
1321 815 1380 875 sal-

366 924 421 968 vus
443 924 503 967 nou
531 908 602 981 erit,
632 909 701 986 quia
728 924 795 967 esse
823 923 891 965 cum
915 904 1064 966 salvatore
1088 922 1148 963 non
1171 904 1296 984 poterit,
1326 906 1379 983 qui

331 994 402 1056 ade
424 994 480 1055 hao
502 1012 535 1054 re
559 997 742 1075 apertissime
764 994 890 1073 loquens
913 996 966 1055 ait:
994 994 1054 1066 Qui
1075 999 1159 1053 amat
1177 1000 1299 1069 patrem
1323 1000 1380 1052 aut

366 1091 493 1144 mamam
511 1086 583 1160 pius
604 1101 695 1159 qaam
718 1100 773 1164 me,
794 1099 856 1144 noo
879 1089 923 1143 eat
944 1098 992 1143 me
1014 1083 1143 1156 dianam
1165 1082 1272 1155 etqui
1294 1088 1380 1140 amat

363 1176 460 1245 filium
483 1180 538 1232 aul
557 1175 654 1245 liliam
680 1189 774 1247 super
793 1188 854 1244 me,
881 1186 943 1231 oon
966 1177 1011 1231 est
1032 1187 1079 1230 me
1101 1171 1219 1244 dianus.
1265 1166 1378 1228 Verum

366 1262 417 1339 qui
440 1259 493 1320 has
516 1260 750 1321 necessitudines
777 1260 821 1319 sle
848 1267 926 1319 amat
948 1256 1120 1338 carnaliter,
1148 1265 1181 1318 ut
1203 1264 1303 1317 tamen
1327 1274 1379 1316 eas

366 1347 483 1409 Christo
502 1348 626 1409 llomino
645 1366 704 1408 non
722 1355 893 1427 praeponat,
916 1346 1055 1425 malitque
1073 1346 1147 1424 ipsis
1165 1362 1268 1405 carere
1287 1362 1379 1422 quam

316 1448 349 1498 ιο
366 1435 494 1517 Christo,
517 1439 543 1497 si
561 1436 596 1497 ad
614 1435 695 1497 huna
713 1436 804 1496 luerit
821 1434 979 1495 articulum
998 1434 1200 1514 temptationis
1223 1431 1379 1512 adductus,

367 1543 421 1604 per
447 1528 546 1604 ignem
574 1526 633 1585 erit
660 1525 771 1604 salvus,
799 1525 868 1603 qnia
896 1541 932 1583 ex
955 1539 1058 1583 earum
1081 1523 1237 1583 amissione
1262 1530 1378 1581 tantum

368 1630 490 1673 necesse
518 1622 564 1673 est
590 1621 657 1672 urat
684 1611 781 1690 dolor,
809 1620 952 1689 qnantum
979 1610 1116 1671 haeserat
1145 1627 1236 1669 amor.
1282 1608 1378 1669 Porro

367 1703 419 1779 qui
448 1709 564 1779 patrem
591 1708 731 1781 matrem,
761 1699 839 1760 lilios
865 1699 940 1760 lilias
967 1698 1132 1759 secundum
1155 1695 1306 1758 Christum
1335 1697 1379 1757 di·

368 1788 487 1869 lexerit,
514 1796 549 1849 ut
576 1788 610 1849 ad
638 1790 704 1849 eius
731 1806 857 1867 regnum
884 1786 1078 1848 obtinendum
1106 1788 1193 1864 eique
1216 1784 1377 1846 cohaeren-

320 1889 350 1937 15
368 1876 440 1937 dnm
467 1876 525 1937 illis
552 1875 703 1957 consulat,
729 1876 775 1937 rel
797 1875 855 1936 hoa
878 1878 908 1937 in
932 1877 976 1935 cis
998 1873 1113 1955 diligat,
1140 1872 1220 1953 quod
1244 1873 1379 1935 membra

367 1972 438 2025 sunt
466 1963 591 2025 Christi:
620 1963 698 2025 absit
726 1974 760 2025 ut
787 1966 845 2025 ista
876 1963 995 2024 dilectio
1026 1964 1193 2042 reperiatur
1219 1963 1251 2023 ln
1279 1961 1378 2045 lignis,

367 2052 436 2113 leno
454 2061 485 2114 et
502 2052 611 2132 stipula
629 2053 838 2129 consumenda,
857 2053 910 2113 sed
928 2070 1050 2131 prorsus
1065 2052 1200 2113 aedilicio
1215 2068 1314 2129 aureo,
1332 2068 1378 2111 ar·

367 2148 490 2222 geoteo,
518 2159 652 2220 gemmeo
682 2140 880 2220 deputabitur.
931 2140 997 2211 Quo
1030 2138 1117 2199 modo
1150 2144 1248 2199 autern
1277 2147 1378 2218 potest

368 2247 420 2291 eos
445 2229 513 2309 plus
540 2247 638 2289 amare
666 2246 754 2307 qaam
776 2227 943 2308 Christum,
973 2244 1048 2306 qnos
1076 2235 1154 2288 amat
1181 2228 1284 2305 utique
1308 2246 1377 2306 pro·

315 2330 350 2379 20
367 2327 434 2398 pter
457 2314 629 2379 Christum?

729 2556 850 2625 Carus
872 2558 1008 2623 XXVII.

372 2690 485 2752 contro
504 2704 608 2750 eoram
622 2690 861 2765 persuasionem,
880 2691 935 2762 qai
951 2692 1063 2763 putant
1083 2688 1144 2747 sihi
1158 2704 1219 2747 moa
1238 2686 1377 2762 affutura

467 2782 607 2853 peccata,
630 2778 662 2837 ia
684 2776 802 2851 quihus,
826 2792 895 2836 oum
918 2778 1103 2852 elemosynas
1123 2773 1274 2851 facerent,

767 2866 976 2941 perstiterunt.

316 2998 350 3048 aa
457 2986 560 3047 Restat
581 2987 626 3047 eis
653 2985 848 3066 respondere,
876 2988 927 3065 qui
949 2984 1053 3047 dicunt
1075 2992 1196 3046 aeterno
1219 2987 1287 3065 igne
1310 2987 1376 3049 illos

369 3074 572 3137 tantummodo
596 3091 731 3154 arsuros,
761 3077 813 3153 qui
835 3092 890 3153 pro
913 3076 1043 3154 peccatis
1066 3075 1129 3134 suia
1151 3075 1250 3135 lacere
1273 3074 1376 3155 dignas

369 3163 551 3242 elemosynas
583 3161 755 3241 neglegant,
786 3171 910 3243 propter
943 3161 1016 3224 illud
1046 3161 1126 3240 quod
1154 3164 1195 3223 ait
1225 3163 1376 3242 apostolus

368 3250 506 3314 lacobus:
533 3252 686 3313 Iudicium
710 3259 810 3312 aulem
832 3254 898 3311 siae
920 3253 1132 3313 misericordia
1156 3252 1213 3326 illi,
1241 3255 1296 3328 qai
1316 3271 1377 3315 aaa

366 3340 443 3418 (ecit
464 3341 715 3402 misericordiam.
761 3338 819 3409 uni
846 3356 917 3417 ergo
948 3339 1033 3419 lecit,
1060 3340 1214 3421 inquiunt,
1244 3344 1377 3418 quamvis

223 3440 227 3445 ’
316 3440 350 3490 30
369 3446 429 3490 non
458 3428 623 3489 correxerit
650 3426 783 3506 perditos
810 3444 927 3508 mores,
954 3427 1006 3487 sed
1035 3426 1147 3488 nelarie
1175 3446 1209 3488 aa
1239 3431 1377 3507 nequiter

369 3518 447 3577 inter
469 3518 548 3596 ipsas
571 3533 640 3576 suas
663 3515 845 3593 elemosynas
869 3516 987 3593 vixerit,
1016 3532 1084 3575 oum
1109 3516 1312 3577 misericordia
1335 3517 1377 3579 illi

369 3604 502 3665 laturum
526 3610 573 3662 est
590 3602 749 3681 indicium,
776 3610 810 3663 ut
833 3611 884 3662 aut
910 3620 969 3662 non
999 3601 1155 3664 damnetur
1182 3606 1303 3665 omnino
1327 3615 1379 3667 aut

441 3725 466 3789 a)
485 3720 534 3773 Mt.
556 3724 598 3785 ιο,
613 3724 655 3774 aa.
706 3722 751 3787 ao)
769 3719 825 3772 ne.
845 3726 870 3786 e,
886 3726 927 3775 as.

369 3812 583 3827 ‚-...-—..

442 3865 472 3913 11
493 3874 526 3911 ex
546 3857 620 3924 G¹o3
638 3858 668 3939 oi
681 3856 724 3925 (da)
740 3850 1016 3930 Racimoeppnl·
1029 3864 1038 3931 ll
1054 3868 1086 3916 1⁷
1106 3866 1135 3918 et
1147 3864 1271 3935 naam·
1288 3884 1339 3923 om.
1356 3872 1385 3926 A

369 3931 472 3999 Hoffm.
491 3930 500 3996 l
518 3931 553 3981 24
570 3927 754 3995 pershlsruni
769 3928 878 3995 pqu3
896 3936 1111 3998 permanserunt
1128 3936 1163 4006 fp
