3284 4459
337 487 403 549 524
744 497 765 540 s.
779 496 943 539 nocuerim

336 652 440 694 omues
464 635 559 693 sancti
577 635 642 692 eius
665 631 805 693 orabunt!
843 632 901 691 Sed
925 631 990 710 boc,
1013 631 1091 709 quod
1115 633 1170 710 ipsi
1195 634 1258 692 suis
1281 650 1347 693 cor-

336 722 424 783 dibus
447 723 646 800 suspicantur,
668 720 735 780 ideo
758 728 863 799 putant
885 722 1049 798 scripturas
1072 721 1200 780 tacuisse
1224 720 1348 800 divinae,

335 819 370 870 ut
397 808 482 870 multi
510 827 542 868 se
573 811 724 887 corrigant
749 807 795 868 vel
823 806 1003 887 prolixarum
1030 807 1076 866 vel
1099 817 1287 868 aeternarum
1311 812 1347 868 ti·

337 914 420 957 more
454 915 633 976 poenarum,
664 906 695 956 et
722 898 782 956 sint
809 898 861 974 qui
889 898 1003 974 possint
1026 912 1112 955 orare
1135 913 1190 974 pro
1214 898 1271 976 eis,
1295 900 1346 975 qui

302 1000 397 1047 enon
425 1004 458 1045 se
485 986 683 1064 correxerint3
710 1002 766 1044 nec
792 993 891 1044 tamen
921 985 1080 1062 opinantur
1102 986 1183 1043 omni
1206 985 1293 1044 modo
1316 984 1347 1045 id

337 1073 452 1151 eloquia
471 1072 569 1132 diviua
587 1075 723 1132 tacuisse.
769 1071 843 1132 Nam
862 1088 921 1150 quo
939 1072 1078 1150 pertinet,
1095 1073 1243 1153 inquiunt,
1267 1074 1346 1151 quod

337 1164 482 1240 scriptum
514 1169 573 1221 est:
614 1162 710 1233 θυαηι
741 1164 836 1220 multu
872 1162 1031 1220 multitudo
1063 1162 1234 1220 dulcedinis
1265 1168 1347 1235 tuoe,

337 1251 473 1329 Domine,
499 1268 590 1325 quom
617 1254 804 1312 abscondisti
827 1253 1000 1312 timentibus
1023 1258 1064 1327 te,
1090 1252 1150 1309 nisi
1171 1257 1207 1309 ut
1233 1248 1347 1309 intelle·

337 1355 441 1415 gamus
462 1345 586 1416 propter
614 1339 752 1396 timorem
780 1337 872 1395 inisse
901 1334 1101 1395 absconditam
1126 1336 1349 1397 misericordiae

286 1439 318 1488 to
338 1425 452 1485 divinae
485 1433 544 1484 tam
576 1424 697 1484 multam
733 1432 937 1501 secretamque
974 1419 1182 1483 dulcedinem?
1227 1423 1349 1485 Addunt

338 1515 426 1574 etiam
449 1520 607 1591 propterea
634 1511 743 1571 dixisse
774 1510 953 1590 apostolum:
989 1512 1142 1572 conclusit
1163 1515 1242 1572 enim
1265 1514 1351 1574 Deus

338 1618 438 1662 omnes
461 1604 493 1660 io
515 1602 706 1673 infidelitate,
733 1607 769 1660 ut
790 1603 921 1660 omnium
949 1602 1144 1672 misereatur,
1174 1618 1233 1678 quo
1257 1603 1349 1679 signi-

338 1690 453 1767 ticaret,
480 1687 560 1766 quod
587 1687 624 1747 ab
652 1687 702 1747 iilo
730 1705 817 1748 nemo
841 1686 1036 1747 damnabitur.
1081 1686 1143 1747 Nec
1166 1690 1349 1769 imitamen,

339 1779 390 1855 qui
413 1776 470 1836 hoc
493 1777 639 1854 sentiunt,
668 1774 744 1835 banc
768 1778 968 1854 opinationem
992 1792 1074 1835 suam
1098 1792 1192 1853 usque
1217 1777 1252 1837 ad
1275 1776 1347 1837 libe-

287 1877 319 1926 15
338 1866 483 1924 rationem
502 1862 547 1922 rel
567 1863 677 1923 nullam
696 1864 913 1923 damnationem
933 1862 1041 1923 diaboli
1064 1871 1152 1941 atque
1175 1864 1350 1942 angelorum

338 1954 404 2012 eius
427 1950 604 2031 extendunt3
632 1952 759 2011 humana
790 1954 900 2030 quippe
923 1954 1002 2011 circa
1026 1951 1105 2011 solos
1127 1951 1262 2012 homines
1285 1971 1349 2013 mo·

338 2049 446 2101 ventur
473 2039 675 2099 misericordia
702 2049 732 2100 et
760 2057 878 2100 causam
906 2041 1032 2099 maxime
1055 2048 1146 2117 agunt
1169 2058 1266 2121 suam,
1293 2060 1352 2120 per

338 2127 506 2207 generalem
528 2130 559 2186 in
581 2146 677 2205 genus
698 2128 860 2187 humanum
883 2129 968 2205 quasi
986 2126 1040 2186 Dei
1062 2129 1281 2188 miserationem
1303 2133 1349 2189 in·

338 2218 503 2295 punitatem
522 2214 624 2276 salsam
643 2217 705 2275 suis
723 2216 849 2294 perditis
872 2214 1005 2275 moribus
1028 2214 1214 2295 pollicentes3
1237 2234 1271 2276 ac
1294 2234 1353 2295 per

286 2318 320 2367 20
339 2304 396 2364 boc
419 2303 603 2383 superabunt
629 2321 681 2363 eos
708 2305 739 2362 in
762 2301 957 2382 praedicanda
981 2302 1034 2362 bei
1058 2304 1274 2383 misericordia,
1297 2308 1351 2383 qrri

339 2392 415 2452 banc
437 2394 634 2471 inpunitatem
657 2392 745 2451 etiam
769 2393 897 2470 principi
920 2390 1097 2451 daemonum
1120 2400 1151 2451 et
1174 2394 1238 2452 eins
1262 2393 1352 2453 satel-

338 2481 440 2542 litibus
463 2480 649 2558 pollicentur.

727 2667 1025 2734 Qmfflffi-

339 2797 469 2867 Deliis,
497 2799 552 2871 qui
578 2800 776 2872 inpunitatem
799 2798 931 2856 omnium
949 2803 1149 2871 peccatorum
1167 2802 1353 2874 promittunt

287 2899 320 2947 aa
407 2886 498 2943 etiam
520 2885 684 2944 haereticis
703 2886 1118 3031 proptoeprippirtieipotionem
1140 2891 1279 2962 corporis

428 3094 503 3155 Item
527 3102 597 3154 sunt
619 3094 667 3153 alii
690 3094 726 3153 eb
754 3103 875 3154 aeterno
899 3094 1044 3172 supplicio
1067 3094 1270 3157 liberationem
1294 3116 1353 3160 nec

340 3186 413 3263 ipsis
432 3182 535 3243 saltem
555 3181 692 3242 omnibus
714 3182 884 3242 bominibus
906 3184 1123 3263 promittentes,
1146 3183 1198 3243 sed
1222 3194 1354 3247 tantum-

341 3272 428 3331 modo
452 3270 563 3331 Christi
587 3270 760 3348 baptismate
783 3269 908 3350 ablotis,
931 3272 982 3347 qui
1005 3273 1164 3349 participes
1188 3273 1262 3334 dunt
1285 3293 1354 3335 cor·

288 3374 322 3423 30
341 3362 423 3439 poris
446 3362 525 3438 eins,
553 3357 774 3435 quomodolibet
800 3359 942 3437 vixerint,
970 3359 1001 3417 in
1024 3376 1210 3437 quacumque
1234 3361 1353 3425 haeresi

412 3492 930 3561 mmmmmmmmm

409 3703 425 3751 8
439 3696 605 3752 timentibus
614 3712 668 3751 mee
678 3700 753 3763 (534,
763 3700 806 3764 6);
820 3694 1038 3750 metuentibuso
1051 3698 1060 3764 ti
1075 3702 1108 3749 14
1123 3694 1314 3764 opinationem
1325 3697 1358 3752 B

339 3772 373 3839 (l.
388 3774 407 3825 2
425 3787 446 3823 e.
462 3775 478 3822 1
497 3770 553 3835 in.;
571 3769 587 3821 l.
603 3771 621 3820 4
638 3784 659 3821 e.
675 3771 710 3821 21
729 3769 795 3835 in.);
814 3766 976 3836 opinionem
994 3768 1022 3820 A
1039 3768 1096 3821 rell.
1116 3784 1132 3821 e
