3284 4459
544 512 743 554 onomaton
757 513 850 554 omn
864 513 914 556 xv.
929 514 953 555 o.
967 517 986 555 3.
1000 516 1020 556 a.
1246 503 1288 564 61

272 649 384 727 aperit,
407 665 496 728 quem
514 646 551 707 ad
569 647 689 708 modum
708 648 872 726 scripturas
889 647 1018 711 duorum
1035 657 1290 730 testamentorum,

273 737 390 796 veteris
413 742 443 796 et
465 737 546 814 novi,
574 737 708 815 aooipere
734 733 902 796 debeamus.
947 735 1021 798 Pars
1042 739 1124 799 enim
1146 736 1291 816 quaedam

274 833 417 886 terrenae
440 825 566 886 civitatis
588 826 684 902 imago
708 823 845 886 caelestis
867 826 994 886 civitatis
1017 825 1122 886 effecta
1145 833 1207 907 est,
1230 844 1289 886 non

275 931 310 974 se
335 912 537 992 significando,
559 911 611 973 sed
635 911 771 993 aiteram,
794 921 826 973 et
845 913 913 973 ideo
935 915 1077 976 serviens.
1121 913 1189 975 Non
1210 917 1291 974 enim

275 1009 403 1080 propter
426 1019 459 1060 se
477 1002 580 1080 ipsam,
603 1000 655 1060 sed
678 1009 802 1080 propter
824 1000 910 1061 aliam
932 1001 1157 1080 significandam
1178 1010 1225 1063 est
1246 1004 1326 1064 ina

277 1092 397 1170 stituta,
429 1096 459 1150 et
489 1089 685 1168 praecedente
719 1089 774 1150 alia
809 1090 1023 1167 significatione
1050 1099 1081 1152 et
1111 1093 1176 1170 ipsa
1205 1109 1289 1170 prae·

278 1178 412 1256 figurans
445 1177 640 1256 praefigurata
673 1184 728 1238 est.
779 1176 912 1255 Namque
941 1178 1019 1257 Agar
1048 1178 1151 1239 aneilla
1182 1177 1289 1240 Sarrae

282 1269 405 1344 eiusque
422 1265 501 1326 filius
519 1267 615 1344 imago
635 1265 778 1344 quaedam
800 1264 891 1326 buius
912 1268 1048 1345 imaginis
1071 1267 1141 1346 fnit,
1163 1275 1195 1328 et
1217 1285 1289 1345 quo·

283 1355 359 1416 niam
386 1355 565 1414 transiturae
594 1361 680 1414 erant
706 1351 829 1414 umbrae
858 1352 925 1414 lnoe
947 1357 1099 1436 veniente,
1125 1353 1194 1416 ideo
1217 1355 1291 1416 dixit

284 1441 373 1502 libera
396 1440 493 1522 Sarra,
517 1459 591 1522 quae
615 1441 798 1521 significabat
818 1440 943 1503 liberam
964 1445 1129 1525 civitatem,
1151 1446 1201 1504 oui
1223 1455 1344 1504 rar-10

284 1549 333 1590 sus
359 1530 416 1591 alio
445 1529 533 1590 modo
565 1529 772 1609 significandae
804 1532 893 1592 etiam
919 1530 969 1591 illa
994 1530 1101 1593 umbra
1127 1531 1287 1593 serviebat:

283 1619 356 1680 Elea
379 1621 522 1680 ancillam
549 1622 695 1692 etlilium
717 1621 802 1690 eias‚·
828 1636 889 1680 non
912 1622 991 1680 enlm
1013 1623 1103 1682 lieres
1123 1623 1186 1681 erit
1203 1623 1288 1694 filias

282 1710 413 1769 ancillae
439 1723 508 1767 eam
532 1710 598 1780 filia
625 1724 689 1769 meo
712 1707 817 1781 Isaac,
846 1707 926 1784 quod
953 1710 995 1768 ait
1016 1709 1181 1787 apostolas:
1215 1710 1289 1770 Corn

278 1799 343 1868 filla
375 1796 500 1858 liberae.
545 1795 715 1856 Invenimus
747 1813 818 1873 ergo
851 1796 883 1856 in
914 1802 1034 1856 terrena
1065 1799 1183 1857 civitate
1214 1796 1288 1857 duas

281 1885 404 1963 formae,
431 1900 520 1944 unam
550 1901 634 1944 suam
656 1885 854 1963 praesentiam
877 1882 1144 1964 demonstrantem,
1167 1885 1342 1946 3113333315

281 1972 401 2034 caelesti
432 1973 543 2033 civitati
574 1970 782 2050 significandae
815 1988 869 2032 sua
903 1975 1071 2051 praesentia
1102 1975 1289 2034 servientem.

280 2060 362 2123 Parit
380 2067 479 2122 antem
498 2062 576 2120 eires
600 2068 736 2120 terrenae
760 2061 887 2120 civitatis
908 2067 1030 2139 peooato
1053 2062 1153 2122 vitiata
1174 2069 1289 2141 natura,

280 2148 417 2210 caelestis
433 2167 505 2208 vero
523 2150 649 2209 civitatis
673 2150 752 2209 eires
773 2149 853 2227 parit
874 2165 891 2207 a
913 2156 1036 2227 peooato
1059 2157 1195 2210 naturam
1216 2148 1289 2210 libe·

279 2255 350 2298 rans
368 2239 475 2317 gratia3
498 2236 577 2298 undo
597 2236 645 2297 illa
663 2245 806 2296 vocantur
824 2253 893 2295 vasa
909 2238 982 2317 irae,
1004 2239 1061 2298 ista
1083 2255 1151 2298 vasa
1173 2240 1288 2298 miseri·

280 2325 409 2388 cordiae.
463 2325 664 2403 Significatum
701 2332 747 2384 est
782 2323 840 2384 hoo
876 2326 965 2386 etiam
1000 2327 1032 2386 ln
1068 2324 1185 2386 dnobus
1220 2326 1289 2386 tiliis
1307 2337 1343 2387 3ο

281 2413 429 2493 Abrahae,
453 2413 531 2492 qnod
553 2431 632 2475 unus
655 2411 692 2472 de
715 2412 833 2491 aneilla,
856 2430 931 2490 quae
954 2412 1109 2475 dicebatur
1130 2414 1221 2493 Agar,
1244 2433 1289 2474 se-

283 2500 414 2562 eundum
432 2517 551 2562 earnem
568 2510 656 2562 natus
674 2508 721 2561 est
737 2499 852 2580 ismael,
874 2501 949 2562 alter
966 2509 1014 2563 est
1031 2510 1131 2563 autem
1150 2502 1187 2562 de
1201 2501 1289 2563 Sarra

282 2589 375 2650 libera
407 2587 570 2650 seeundum
603 2590 865 2667 repromissionem
897 2596 984 2651 natus
1015 2589 1106 2651 isaao.
1158 2589 1289 2670 Uterque

282 2678 403 2757 quidem
420 2678 457 2738 de
476 2680 588 2738 semine
605 2677 753 2756 Abrabae3
776 2676 830 2738 sed
852 2675 936 2738 ilium
956 2681 1061 2756 genuit
1083 2678 1290 2740 demonstrans

281 2765 465 2826 consuetudo
490 2773 634 2846 naturam,
656 2765 741 2826 illum
759 2783 829 2826 vero
848 2763 929 2826 dedit
946 2767 1103 2844 promissio
1122 2767 1290 2845 significans
1308 2779 1342 2828 25

280 2857 417 2933 gratiam3
440 2853 481 2913 ibi
498 2853 646 2914 hamanus
668 2871 741 2914 usus
766 2852 941 2937 ostenditur,
963 2853 1013 2915 bio
1030 2854 1163 2916 divinum
1181 2854 1289 2917 benefi-

281 2945 361 3003 oium
379 2942 611 3002 commendatur.

687 3111 802 3180 amur
824 3113 884 3178 HL

330 3226 376 3286 Ile
398 3227 557 3286 sterilitate
580 3225 707 3298 Sarrae,
731 3240 822 3300 qaam
845 3224 905 3284 Del
922 3227 1030 3299 pratia
1048 3223 1238 3303 fecundarit.

370 3329 459 3391 Sarra
482 3331 590 3410 quippe
613 3328 723 3390 sterilis
753 3336 817 3390 erat
840 3337 870 3389 et
892 3329 1097 3408 desperatione
1119 3332 1211 3410 prolis
1235 3332 1289 3393 sal·
1308 3345 1343 3392 aa

281 3428 342 3480 tem
365 3419 402 3480 de
425 3417 529 3480 aneilla
552 3435 607 3478 sna
628 3419 844 3496 concupiscens
865 3416 985 3501 hahere,
1008 3419 1088 3497 quod
1110 3418 1148 3479 de
1171 3438 1203 3481 se
1226 3423 1291 3500 ipsa

352 3551 545 3624 1³)Gen.21,
566 3557 606 3608 ιο.
643 3553 687 3618 3ο)
706 3551 786 3606 Rom.
805 3556 831 3618 3,
850 3556 883 3604 33
903 3569 943 3620 sq.

278 3663 493 3673 ,-

351 3717 385 3766 22
404 3711 476 3766 alter
493 3713 536 3766 est
560 3710 804 3781 maranen
823 3714 868 3766 est
884 3729 935 3767 om.
952 3712 1035 3768 G¹aa
1048 3715 1058 3782 11
1072 3718 1106 3767 25
1124 3711 1207 3768 illum
1223 3731 1291 3770 uero

284 3781 558 3851 V¹RAFaa²aop
577 3785 635 3850 (65,
650 3783 692 3849 1);
711 3780 798 3835 istum
815 3797 880 3836 varo
905 3783 1061 3853 V¹(?)n¹ea
