3284 4459
327 513 392 580 376
729 527 932 570 savonarum

327 667 408 744 pacis
438 665 573 724 ordinem
603 662 698 724 tendit
730 670 760 723 et
789 661 888 723 locum
921 680 981 741 quo
1010 663 1179 740 requiescat
1208 663 1338 741 quodam

327 753 415 813 modo
438 771 510 813 voce
533 752 674 832 ponderis
696 753 805 830 poscit,
833 754 949 830 iamque
974 753 1106 810 exanime
1130 752 1164 810 ac
1187 752 1252 810 sine
1273 751 1337 811 ullo

329 859 419 903 sensu
443 860 459 902 a
481 859 554 921 pace
576 849 674 901 tamen
698 839 826 899 naturali
849 841 895 899 sui
918 838 1030 898 ordinis
1053 857 1112 898 nou
1137 838 1262 919 recedit,
1290 840 1337 900 vel

328 947 396 991 cum
423 937 506 990 tenet
536 945 614 1009 eam,
640 927 686 988 vel
709 945 777 988 cum
800 928 896 987 lertur
919 927 955 987 ad
979 944 1051 987 eam.
1097 926 1129 987 Si
1152 929 1232 987 enirn
1255 928 1337 987 adbi-

292 1016 455 1079 obeantur
484 1017 696 1078 medicamenta
729 1025 817 1095 atque
848 1017 975 1097 curatio,
1005 1033 1080 1094 quae
1103 1016 1228 1076 formam
1251 1015 1337 1076 cada-

328 1108 407 1166 veris
438 1105 558 1166 dissolvi
589 1105 737 1182 dilabique
770 1122 829 1164 non
862 1106 952 1185 sinat,
984 1103 1080 1164 adhuc
1107 1122 1163 1183 par
1192 1104 1338 1183 quaedam

327 1203 427 1274 partes
456 1193 589 1274 partibus
620 1195 717 1271 iungit
748 1201 899 1272 totamque
926 1191 1034 1252 molem
1062 1191 1188 1271 adplicat
1215 1200 1337 1252 terreno

329 1292 360 1345 et
387 1285 573 1344 convenienti
601 1299 635 1342 ac
663 1298 717 1360 per
743 1279 800 1341 hoc
828 1289 931 1360 pacato
959 1279 1033 1341 loco.
1079 1280 1111 1340 Si
1133 1290 1232 1340 autem
1256 1281 1338 1342 nulla

328 1371 502 1432 adhibeatur
524 1388 595 1430 cura
614 1369 769 1448 condendi,
792 1370 844 1429 sed
869 1369 994 1429 naturali
1017 1371 1119 1429 cursui
1141 1369 1338 1451 relinquatur,

276 1470 309 1520 10
328 1462 440 1521 tamdiu
467 1461 551 1539 quasi
579 1458 777 1519 tumultuatur
804 1456 1017 1518 dissidentibus
1044 1456 1278 1517 exhalationibus
1305 1468 1338 1518 et

327 1556 430 1609 nostro
467 1545 742 1607 inconvenientibus
780 1548 881 1606 sensui
918 1539 963 1627 (id
1000 1547 1080 1606 enim
1116 1553 1163 1606 est
1193 1545 1272 1624 quod
1304 1549 1338 1607 in

327 1644 434 1715 putore
458 1628 613 1716 sentitur),
644 1635 737 1694 donec
766 1634 870 1694 mundi
897 1636 1053 1694 conveniat
1075 1633 1229 1694 elementis
1252 1643 1282 1694 et
1304 1637 1337 1695 in

327 1741 431 1784 eorum
465 1740 569 1803 pacem
602 1723 743 1802 paulatim
774 1721 1031 1802 particulatimque
1064 1721 1204 1783 discedat.
1249 1722 1338 1783 Nullo

327 1811 415 1872 modo
445 1819 542 1871 tamen
572 1810 640 1871 inde
669 1810 778 1889 aliquid
806 1810 922 1889 legibus
949 1813 1057 1871 summi
1083 1810 1163 1871 illius
1192 1814 1338 1872 creatoris

276 1910 308 1962 15
327 1900 565 1977 ordinatorisque
595 1898 793 1978 subtrabitur,
821 1917 837 1959 a
861 1917 920 1978 quo
942 1916 999 1978 pax
1021 1900 1222 1959 universitatis
1245 1899 1337 1960 admi·

327 1991 484 2069 nistratur3
515 1990 596 2069 quia,
626 1989 682 2047 etsi
714 1988 750 2047 de
779 1988 920 2047 cadavere
948 1989 1067 2047 maioris
1095 1989 1251 2047 animantis
1274 1991 1336 2048 aui·

327 2077 413 2137 malia
443 2078 555 2137 minuta
587 2084 762 2156 nascantur,
794 2075 896 2135 eadem
929 2074 993 2154 lege
1024 2078 1168 2136 creatoris
1200 2093 1338 2155 quaeque

328 2165 503 2244 corpuscula
534 2165 565 2224 in
597 2163 700 2224 salutis
732 2181 803 2242 pace
836 2166 899 2224 suis
931 2164 1068 2224 animulis
1097 2167 1246 2245 serviunt3
1278 2168 1339 2226 etsi

328 2261 514 2315 mortuorum
534 2269 638 2313 carnes
660 2251 697 2312 ab
721 2251 785 2312 aliis
808 2251 982 2313 animalibus
1005 2253 1194 2333 devorentur,
1217 2253 1338 2314 easdem

274 2353 309 2404 to
328 2341 407 2421 leges
439 2360 493 2421 per
525 2347 632 2401 cuncta
664 2340 786 2401 diffusas
820 2341 856 2400 ad
890 2340 1015 2400 salutern
1044 2343 1161 2419 generis
1190 2343 1337 2420 cuiusque

327 2429 496 2491 mortalium
524 2447 654 2506 congrua
682 2431 821 2507 congruis
849 2429 1050 2508 pacificantes,
1078 2446 1337 2507 quaquaversum

327 2517 482 2579 trahantur
515 2525 545 2577 et
576 2515 667 2578 rebus
699 2516 937 2596 quibuscumque
968 2519 1130 2596 iungantur
1161 2525 1191 2577 et
1223 2519 1254 2577 in
1285 2536 1338 2579 res

327 2605 474 2685 quaslibet
496 2612 707 2666 convertantur
731 2613 760 2664 et
783 2612 1013 2686 commutentur,
1035 2606 1198 2666 inveniunt.

715 2792 835 2860 Oarur
857 2793 946 2860 Xlll.

274 2934 308 2986 25
327 2922 374 2983 oe
396 2939 477 2998 pace
504 2923 683 2996 universati,
713 2939 792 2996 quoe
819 2925 900 2982 inter
921 2925 1071 2996 quaslibet
1088 2926 1338 3000 perturbationes

325 3012 448 3087 privari
473 3027 533 3070 noo
557 3015 656 3085 potest
682 3013 748 3085 leae
775 3017 919 3083 naturae,
947 3013 1019 3070 dum
1045 3013 1101 3071 sub
1129 3016 1207 3073 iusto
1234 3017 1339 3079 ardice

398 3099 441 3160 od
463 3099 497 3158 td
517 3101 644 3172 quisque
661 3101 1027 3248 pervepqiltuppptqnottooe,
1048 3103 1131 3174 quod
1151 3105 1264 3163 meruit

416 3309 476 3370 Par
507 3312 607 3386 itaque
639 3311 773 3388 corporis
803 3317 850 3369 est
879 3310 1012 3370 ordinata
1041 3319 1241 3389 temperatura
1269 3333 1337 3392 par·

274 3409 310 3461 to
329 3401 417 3479 tium,
443 3417 500 3478 pax
526 3400 639 3458 animae
667 3396 851 3458 inrationalis
879 3396 1011 3458 ordinata
1039 3401 1159 3476 requies
1181 3404 1338 3480 appetitio·

328 3504 413 3569 num,
440 3505 497 3566 pax
525 3488 638 3546 animae
668 3484 819 3545 rationalis
842 3485 976 3545 ordinata
999 3488 1176 3564 cognitionis
1199 3491 1338 3551 actionis·

397 3652 412 3700 6
431 3646 526 3699 sinant
543 3643 637 3712 ’dbep
654 3645 694 3698 ed.
714 3643 820 3698 Looou.
835 3644 882 3765 ³8
900 3641 963 3696 loco
980 3645 1083 3712 pacato
1100 3661 1118 3700 o
1134 3645 1145 3714 l
1162 3649 1178 3698 9
1198 3644 1340 3699 condendi

326 3733 380 3772 mes
399 3718 491 3784 (tior
510 3733 531 3771 e.
547 3719 582 3770 13
600 3715 694 3782 med.);
714 3713 833 3767 condien

328 3790 443 3842 scantur
460 3786 489 3840 R

854 3713 865 3766 i
882 3715 921 3782 υΙΙ
936 3718 969 3766 10
988 3713 1089 3768 armat.
1105 3717 1197 3785 Aepp
1210 3717 1220 3784 i
1234 3721 1266 3769 ll
1286 3732 1340 3770 ns-
