3284 4459
559 526 600 567 nn
613 527 758 568 urrunnu
771 529 825 568 nnn
836 529 862 570 n.
876 529 939 569 xvn
954 528 977 568 o.
990 530 1010 570 1.
1023 531 1042 571 ι
1228 513 1290 575 121

295 667 433 739 terrupte
464 659 661 741 temporibus,
688 663 729 721 itu
757 670 791 722 ut
820 662 918 722 nullus
944 662 1095 722 hominum
1120 662 1183 721 veri
1204 662 1293 720 unius

296 745 349 808 liei
384 747 480 808 cultor
508 751 661 829 existeret,
690 748 727 808 ad
753 749 897 827 liquidum
923 751 1077 826 seripturis
1106 747 1293 826 loquentibus

296 837 430 894 invenire
459 834 576 895 difficile
606 843 664 914 est,
690 845 847 915 propterea
876 839 942 913 quia
974 838 1005 896 in
1034 837 1182 895 canonicis
1210 834 1293 894 libris

297 929 367 1001 post
395 921 474 1003 Noe,
505 924 556 1000 qui
585 939 652 982 oum
679 925 803 1000 coniuge
835 940 869 982 oc
895 922 991 982 tribus
1018 922 1084 981 liliis
1113 921 1293 999 totidemque

297 1007 424 1069 nuribus
447 1011 509 1068 suis
531 1011 641 1069 meruit
668 1026 722 1087 per
744 1026 842 1070 croam
863 1012 1022 1069 vastatione
1045 1009 1146 1069 diluvii
1166 1007 1327 1088 libereri,d

297 1113 358 1155 non
385 1097 550 1155 invenimus
577 1113 671 1172 usque
700 1094 845 1156 Abrabam
871 1098 1044 1173 cuiusquam
1070 1099 1209 1174 pietatem
1235 1097 1293 1154 eri·

298 1183 380 1242 denti
413 1181 510 1243 divino
542 1181 658 1260 eloquio
689 1183 901 1262 praedicatam,
931 1185 989 1243 nisi
1019 1183 1097 1262 quod
1123 1182 1185 1241 Noe
1219 1181 1293 1241 duos

296 1267 374 1327 lilios
401 1285 471 1328 suos
495 1267 564 1328 Sem
592 1277 622 1330 et
643 1268 764 1348 iapheth
792 1270 963 1348 prophetice
988 1269 1192 1331 benedictione
1215 1289 1293 1331 com-

297 1355 429 1436 mendat,
460 1358 581 1416 intuens
612 1364 643 1417 et
672 1357 846 1436 praevidens
877 1357 956 1436 quod
987 1358 1073 1436 longe
1104 1359 1200 1418 lueret
1226 1367 1293 1436 post

296 1442 440 1502 futurum.
484 1441 568 1504 Unde
596 1445 705 1504 lactum
732 1453 778 1504 est
805 1446 893 1504 etiem
919 1445 1005 1524 iilud,
1035 1454 1068 1507 ut
1090 1445 1182 1506 iillum
1206 1463 1293 1506 suum
1313 1456 1346 1504 ιο

296 1531 435 1612 medinm,
454 1531 510 1591 hoo
528 1540 573 1592 est
591 1535 786 1610 primogenito
805 1533 950 1592 iuniorem
969 1532 1131 1612 ultimoque
1144 1536 1294 1611 maiorem,

298 1619 349 1694 qui
372 1627 543 1696 peccaverat
569 1622 600 1680 in
628 1628 754 1701 patrem,
781 1640 840 1681 non
862 1625 893 1682 in
915 1624 993 1700 ipso,
1021 1622 1072 1682 sed
1095 1625 1126 1682 in
1148 1621 1207 1681 lilio
1230 1623 1294 1680 eius

297 1721 352 1765 suo
380 1714 488 1784 nepote
517 1707 705 1767 malediceret
730 1706 776 1768 his
803 1706 914 1768 verbis:
940 1710 1123 1770 Maledictus
1148 1710 1294 1769 Obanaan

292 1810 389 1873 puer,
413 1792 546 1868 famulus
568 1797 628 1854 erit
650 1792 803 1869 frutribus
824 1799 894 1855 sun.
940 1795 1075 1856 chanaan
1096 1813 1186 1874 porro
1208 1804 1294 1855 natus

298 1879 395 1940 luerat
417 1897 453 1938 ex
481 1879 586 1961 Cinam,
615 1883 666 1958 qui
694 1883 785 1958 petris
814 1881 987 1942 dormientis
1009 1890 1215 1963 necterent,
1241 1882 1293 1940 sed
1313 1893 1347 1943 15

297 1969 396 2044 potius
423 1967 591 2045 prodiderat
625 1967 796 2028 nuditatem.
840 1967 923 2028 Unde
950 1972 1038 2029 etiam
1067 1970 1144 2048 quod
1174 1977 1294 2029 secutus

297 2053 429 2126 adiunxit
446 2052 681 2114 benedictionem
698 2054 825 2115 duorum
843 2058 960 2115 maximi
981 2064 1013 2115 et
1033 2058 1146 2116 minimi
1167 2055 1294 2115 filiorum

297 2140 416 2200 dicens:
439 2141 620 2202 Benedictus
642 2142 787 2202 Dominus
808 2143 891 2204 Deus
912 2144 989 2218 Seu,
1012 2147 1124 2204 eterit
1147 2144 1294 2204 Obcnoun

292 2245 374 2304 puer
396 2230 492 2298 illium·
514 2230 640 2300 latificet
660 2228 742 2290 Bous
760 2230 897 2309 Inonem,
919 2238 949 2291 et
969 2233 1086 2291 dubitet
1106 2233 1138 2290 in
1161 2231 1295 2290 domibus

297 2315 381 2389 Sem,
413 2316 490 2374 siout
520 2317 584 2393 ipse
611 2315 742 2375 eiusdem
764 2315 827 2376 Noe
855 2325 886 2376 et
911 2319 1011 2377 vineae
1038 2316 1177 2396 plantatio
1204 2325 1348 2378 eterno

297 2404 362 2462 eius
385 2401 484 2462 lructu
506 2401 662 2461 inebriatio
682 2407 712 2460 et
736 2400 910 2461 dormientis
934 2399 1082 2477 enudatio,
1104 2410 1231 2485 etquee
1253 2401 1295 2462 ibi

297 2497 396 2548 cetere
415 2488 490 2547 laeta
508 2496 596 2566 atque
619 2491 784 2567 conscripto
807 2498 885 2567 sunt,
907 2489 1087 2569 propheticis
1110 2497 1180 2550 sunt
1201 2490 1294 2566 gravi·

297 2575 363 2636 deta
386 2575 523 2636 sensibus
545 2583 576 2635 et
597 2575 689 2636 velate
711 2576 897 2654 tegminibus.

703 2761 821 2828 Oneon
839 2762 882 2828 11.

351 2890 433 2961 Quid
453 2891 484 2949 in
503 2892 577 2963 filiis
599 2891 663 2950 Noe
680 2891 859 2966 prophetice
877 2887 976 2964 suerit
993 2894 1244 2966 proefiourotum.
1313 2901 1348 2952 25

386 3009 445 3070 Sed
472 3027 551 3070 nuno
577 3027 679 3070 rerum
707 3010 812 3071 ellectu
839 3012 898 3070 iam
924 3013 955 3070 in
977 3013 1104 3089 posteris
1126 3020 1295 3092 consecuto,

297 3115 373 3176 quoe
401 3105 502 3176 operte
531 3098 661 3176 luerent,
688 3099 758 3158 satis
780 3107 881 3176 aperte
904 3105 982 3157 sunt.
1027 3097 1099 3168 Quis
1121 3101 1200 3158 enim
1222 3098 1295 3158 baec

297 3184 453 3262 diligenter
493 3191 524 3243 et
562 3183 768 3261 intellegenter
807 3183 962 3244 advertens
998 3202 1057 3244 uon
1091 3194 1229 3264 agnoscet
1264 3186 1295 3245 in

298 3267 438 3332 Christo?
482 3271 551 3330 Sem
578 3272 700 3349 quippe,
732 3271 768 3330 de
795 3272 882 3332 cuius
909 3273 1020 3331 semine
1045 3273 1187 3332 incarne
1209 3280 1296 3332 natus

365 3384 410 3452 14)
429 3380 496 3438 Gen.
516 3389 541 3450 9,
556 3389 589 3436 25
598 3401 658 3452 sqq.

365 3521 382 3568 3
400 3515 450 3584 qni
463 3516 507 3584 αις
526 3515 631 3584 quode
644 3517 654 3586 ΙΙ
668 3520 684 3570 b
697 3516 860 3571 nusbebione
875 3517 1083 3585 vennone
1100 3519 1260 3572 uostnliont'e
1274 3535 1300 3587 c;

293 3586 489 3640 annotatione
506 3603 580 3656 open
599 3601 617 3640 o
634 3587 770 3642 uestibulo
787 3605 806 3642 o
824 3589 834 3656 ll
851 3593 867 3641 6
885 3605 974 3657 usque
993 3589 1076 3658 VAr3
1093 3604 1183 3658 usquo
1202 3589 1238 3642 ab
1257 3590 1301 3656 R‚·

291 3671 382 3740 nsque
400 3657 438 3710 od
456 3656 643 3740 FGabcyoo
660 3659 670 3726 ΙΙ
689 3662 720 3711 11
739 3657 878 3713 iuniorem
894 3677 960 3726 mom
982 3660 1119 3742 minorem
1135 3676 1152 3713 o
1169 3661 1179 3728 ll
1198 3664 1230 3712 17
1250 3660 1300 3714 nd-

292 3727 871 3868 buildlndliuidllluul
884 3731 941 3866 ''13³‘’
950 3730 1173 3855 3⁶5⁰}er
1179 3731 1238 3855 lu
1250 3747 1300 3870 ll

294 3875 327 3924 25
346 3869 427 3940 figur.
445 3869 513 3938 ΡΜ
526 3870 536 3938 ΙΙ
549 3873 582 3922 27
601 3868 715 3922 fuorunt
734 3871 856 3938 Vbnro3
874 3869 989 3923 fuerunt
1006 3869 1194 3938 RAFGaeo
