3284 4459
558 500 599 541 nn
613 499 756 541 murem
769 502 823 541 nm
837 502 862 541 n.
878 502 940 543 xx1.
954 502 977 544 o.
992 505 1025 544 1o.
1228 488 1291 551 511

287 637 446 713 quisitione
474 643 525 696 aut
556 638 738 696 contentiosa
766 636 964 715 disputatione
993 636 1174 697 certandum.
1234 634 1294 696 Cur

287 726 366 783 enim
398 741 458 782 nou
493 723 639 803 dicamus,
671 726 802 802 quamvis
833 727 929 802 miris,
961 733 1058 784 tamen
1091 727 1169 783 reris
1199 723 1294 784 modis

287 814 375 871 etiam
405 812 528 889 spiritns
559 814 752 891 incorporeos
786 830 873 891 posse
903 831 996 890 poena
1027 812 1189 890 corporalis
1219 814 1294 890 iguis

287 900 386 979 aiiligi,
409 900 434 958 si
453 901 575 977 spiritus
593 898 755 979 bominum,
778 903 866 960 etiam
886 903 941 979 ipsi
961 901 1094 979 prolecto
1117 902 1296 980 incorporei,

287 998 318 1047 et
341 1004 420 1047 nunc
444 996 606 1065 potuerunt
627 987 739 1048 includi
762 988 965 1067 corporalibus
988 988 1129 1048 membris
1161 996 1192 1048 et
1223 996 1330 1048 tuucn

286 1083 429 1154 poterunt
454 1093 614 1154 corporum
639 1093 762 1136 suorum
792 1076 917 1137 vinculis
941 1076 1138 1136 insolubiliter
1162 1072 1295 1155 alligari?

288 1161 498 1223 adhaerebunt
516 1182 596 1244 ergo,
620 1166 645 1223 si
663 1166 707 1224 eis
731 1164 808 1223 nulla
833 1174 902 1224 sunt
925 1181 1058 1243 corpora,
1082 1166 1203 1243 spiritns
1227 1163 1294 1224 dae·

288 1269 417 1331 monum,
435 1253 525 1311 immo
544 1254 666 1331 spiritus
684 1251 851 1332 daemones,
869 1252 939 1312 licet
956 1254 1125 1330 incorporei
1144 1254 1295 1330 corporeis

288 1338 406 1417 ignibus
437 1337 603 1415 cruciandi,
639 1357 700 1399 uon
731 1349 764 1400 nt
795 1343 880 1417 ignes
913 1342 983 1419 ipsi,
1017 1339 1125 1418 quibus
1155 1340 1294 1400 adhaere·

288 1427 376 1506 bunt,
406 1445 511 1487 eornm
533 1431 671 1489 iunctura
694 1430 879 1507 inspirentur
901 1436 932 1488 et
954 1428 1087 1488 animalia
1111 1430 1196 1509 iiaut,
1219 1440 1349 1506 quaele

288 1523 425 1575 constent
448 1517 555 1594 spiritu
579 1524 608 1575 ct
631 1534 771 1597 corpore,
794 1515 859 1595 sed,
883 1524 917 1576 ut
939 1516 1013 1597 dixi,
1036 1518 1119 1576 miris
1143 1525 1172 1576 et
1195 1516 1294 1576 inelin-

288 1602 398 1663 bilibus
422 1603 516 1662 modis
540 1602 734 1683 adhaerendo,
757 1607 937 1683 accipientes
960 1623 996 1665 ex
1020 1604 1138 1683 ignibus
1161 1622 1295 1685 poenam,

290 1708 349 1751 non
371 1690 475 1751 dantes
497 1691 615 1769 ignibus
638 1694 740 1772 vitam,
768 1695 836 1771 quia
859 1701 890 1752 ct
912 1695 968 1752 iste
987 1684 1066 1753 ¹alius
1089 1692 1207 1772 modus,
1237 1711 1295 1771 quo

288 1778 465 1857 corporibus
496 1778 656 1839 adhaerent
683 1782 806 1858 spiritus
833 1789 864 1840 et
892 1780 1026 1841 animalia
1055 1782 1142 1861 liunt,
1175 1784 1295 1840 omniuo

290 1869 382 1927 mirus
401 1875 447 1926 est
470 1884 525 1927 nec
543 1866 744 1945 conprehendi
767 1868 803 1927 ab
826 1868 944 1927 bomine
969 1876 1075 1949 potest,
1099 1877 1129 1928 et
1152 1868 1207 1928 boc
1232 1871 1294 1947 ipsc
1316 1880 1349 1927 15

288 1955 376 2014 bomo
400 1961 453 2015 est.

378 2041 512 2102 Dicerem
540 2041 659 2120 quidem
686 2045 729 2104 sic
757 2060 878 2103 arsuros
906 2046 970 2103 sine
999 2042 1057 2103 ullo
1086 2062 1140 2103 suo
1170 2062 1295 2123 corpore

289 2133 422 2210 spiritus,
445 2131 523 2190 sicut
545 2130 666 2190 ardebat
687 2131 764 2209 apud
787 2132 900 2191 inieros
922 2130 971 2191 ille
994 2130 1089 2210 diros,
1112 2132 1229 2209 quando
1253 2133 1295 2192 di·

289 2218 390 2279 cebat:
416 2218 546 2279 Crucior
568 2222 600 2278 in
622 2220 682 2279 bac
701 2222 835 2293 flamina,
858 2221 916 2279 nisi
940 2220 1150 2279 convenienter
1173 2237 1294 2298 respon·

289 2306 355 2366 deri
377 2324 531 2365 cernerem
559 2305 646 2365 talem
674 2307 765 2367 inisse
795 2307 874 2368 illam
906 2307 1064 2385 flammam,
1092 2306 1193 2384 quales
1216 2307 1296 2367 oculi
1314 2320 1350 2368 20

290 2412 365 2472 qrros
388 2393 494 2453 levarit
516 2402 546 2454 et
573 2393 714 2453 Lazarum
738 2395 823 2474 vidit,
851 2394 945 2473 qualis
968 2394 1066 2472 lingua
1090 2396 1138 2454 cui
1162 2412 1296 2454 umorem

290 2484 429 2559 exiguum
452 2481 629 2542 desideravit
650 2482 779 2563 inlnndi,
803 2482 897 2560 qualis
920 2482 1029 2560 digitus
1052 2480 1153 2542 Lazari
1176 2482 1213 2542 de
1237 2501 1296 2560 quo

289 2569 319 2629 id
348 2568 404 2629 sibi
432 2570 497 2629 lieri
523 2570 695 2650 postulavit3
723 2569 774 2630 ubi
803 2578 901 2630 tamen
925 2577 1010 2630 erant
1031 2572 1096 2629 sine
1120 2569 1295 2649 corporibus

290 2659 414 2718 animae.
461 2656 510 2717 Sic
533 2676 603 2736 crgo
626 2657 821 2737 incorporalis
844 2666 874 2717 et
896 2657 943 2717 illa
966 2657 1082 2717 ilamma
1106 2675 1162 2735 qua
1187 2661 1296 2719 exarsit

290 2754 321 2805 et
343 2745 391 2805 illa
416 2745 529 2824 guttula
548 2764 636 2824 quam
654 2748 799 2826 poposcit,
823 2744 917 2824 qualia
941 2753 1010 2805 sum
1034 2748 1120 2805 etiam
1145 2748 1204 2805 visa
1228 2746 1295 2806 dor·
1315 2760 1351 2807 25

290 2835 445 2893 mientium
469 2835 578 2894 sivein
602 2836 708 2894 ecstasi
732 2835 918 2894 cernentium
942 2850 990 2893 res
1014 2834 1223 2915 incorporales,
1247 2835 1296 2894 ba·

289 2921 395 2981 bentes
413 2931 511 2981 tamen
532 2921 752 2982 similitudinem
772 2940 940 3001 corporum.
985 2920 1058 2981 Nam
1078 2924 1189 3003 etipse
1209 2923 1296 2983 bomo

290 3027 359 3069 carm
378 3011 493 3090 spiritu,
516 3027 575 3069 nou
593 3027 728 3090 corpore,
750 3011 837 3070 sitin
856 3009 963 3071 talibus
981 3012 1061 3091 visis,
1083 3013 1124 3070 ita
1142 3029 1174 3071 se
1198 3019 1296 3071 tamen

291 3108 363 3157 tnnc
382 3096 507 3157 similem
526 3115 580 3157 suo
600 3100 718 3176 corpori
736 3097 824 3178 videt,
847 3106 880 3157 ut
899 3098 1069 3159 discernere
1093 3100 1212 3157 omuino
1237 3116 1296 3158 uon

289 3187 392 3264 possit.
437 3184 475 3245 ct
502 3203 572 3245 vero
601 3184 734 3264 gehenna
756 3185 818 3267 illa,
847 3186 925 3264 quod
950 3188 1037 3246 ctiam
1061 3194 1196 3264 stagnum
1220 3187 1352 3263 ignisne

291 3282 323 3333 et
345 3271 495 3351 sulphuris
519 3272 630 3333 dictum
653 3281 713 3354 est,
736 3291 898 3353 corporeus
921 3275 997 3352 iguis
1021 3276 1078 3333 erit
1101 3281 1131 3332 et
1153 3271 1305 3333 cruciabit

291 3378 416 3439 corpora
439 3360 656 3441 damnatorum,
684 3369 735 3422 aut
758 3370 788 3422 et
810 3361 962 3421 bominum
987 3368 1016 3420 et
1038 3360 1228 3441 daemonum,
1250 3378 1297 3420 so·

292 3447 349 3506 lida
368 3448 529 3529 bominum,
552 3450 630 3509 neria
648 3449 834 3527 daemonum,
856 3456 908 3509 aut
925 3457 1039 3508 tantum
1057 3449 1209 3507 boninum
1232 3465 1298 3508 cor·

361 3578 405 3644 19)
423 3576 468 3629 Lc.
490 3581 531 3640 16,
546 3581 587 3628 24.
644 3578 688 3644 31)
706 3575 792 3643 Apoc.
814 3580 857 3642 20,
873 3581 887 3628 9
904 3578 966 3645 (10).

290 3696 502 3706 ---·---.

361 3774 376 3821 9
395 3768 584 3823 cruciantibus
604 3768 671 3836 13¹1}
689 3774 721 3822 31
742 3767 863 3837 sulpuris
883 3768 910 3824 R
