3284 4459
552 517 592 556 na
606 514 749 557 ammaon
762 515 817 555 mm
830 515 856 555 1..
869 515 932 555 m.
947 515 970 556 o.
984 506 1017 556 ab.
1224 499 1289 565 397

283 654 397 713 terreni
421 653 533 712 minimi
552 650 616 711 loco
636 650 762 728 qrrodam
785 650 929 709 malorum
954 650 1130 709 daemonum
1152 653 1291 728 potestati

283 740 419 802 subiecti.
472 737 515 798 Ab
544 738 591 799 bis
623 741 771 818 sapientes
803 737 1007 798 Hebraeorum
1040 731 1183 819 (uirorum
1212 757 1291 800 unus

282 832 340 890 isle
360 830 451 889 etiam
476 827 558 889 lesus
583 827 651 907 luit,
680 829 758 887 sicut
781 827 888 886 audisti
911 826 1008 887 divina
1031 826 1187 907 Apollinis,
1214 845 1290 904 qrrae

283 919 422 998 superius
445 916 522 976 dicta
550 909 635 996 sunt)
662 947 700 958 -
725 914 761 974 ab
784 907 831 975 his
854 932 925 993 ergo
948 913 1075 974 Hebraei
1098 914 1291 976 daemonibus

283 1005 421 1086 pessimis
457 1012 487 1064 et
518 1003 682 1064 minoribus
719 1002 874 1083 spiritibus
906 1002 1043 1063 vetabant
1075 1003 1228 1081 religiosos
1261 1011 1326 1065 eto

283 1095 357 1173 ipsis
383 1109 486 1153 vacare
513 1090 722 1172 prohibebant3
749 1093 884 1152 venerari
912 1101 1010 1151 autem
1034 1093 1126 1169 magis
1149 1091 1292 1153 caelestes

283 1183 366 1262 deos,
388 1181 512 1260 amplius
536 1188 634 1240 autem
659 1181 794 1240 venerari
812 1179 906 1240 Deum
925 1179 1051 1240 Patrem.
1097 1178 1161 1239 Hoc
1183 1189 1291 1261 autem,

283 1272 395 1350 inquit,
422 1278 452 1329 et
479 1269 520 1328 dii
548 1270 734 1348 praecipiunt
763 1275 794 1328 et
816 1270 848 1328 in
871 1267 1075 1346 superioribus
1098 1267 1291 1345 ostendimus,

284 1356 576 1438 quemadmodum
604 1359 733 1417 animum
764 1356 917 1418 advertere
941 1355 976 1416 ad
1000 1355 1093 1415 Deum
1117 1365 1238 1417 monent
1261 1364 1291 1417 et

283 1447 368 1508 illum
396 1444 493 1506 colere
522 1444 631 1523 ubique
658 1446 813 1523 imperant.
860 1443 968 1504 Verum
998 1444 1109 1504 indocti
1132 1452 1162 1504 et
1185 1445 1291 1523 impiae
1311 1456 1344 1504 10

284 1542 422 1614 naturae,
450 1532 558 1612 quibus
587 1550 655 1592 vere
683 1534 774 1594 latum
802 1551 863 1592 non
890 1534 1038 1593 concessit
1065 1531 1101 1592 ab
1129 1531 1186 1592 diis
1215 1533 1291 1593 dona

284 1623 420 1684 obtinere
453 1639 550 1700 neque
582 1619 691 1681 babere
724 1621 801 1681 lovis
837 1620 1002 1681 inmortalis
1034 1623 1200 1701 notionem,
1231 1639 1292 1682 nou

285 1712 439 1773 audientes
458 1717 489 1770 et
501 1709 573 1770 deos
592 1717 623 1769 et
644 1709 758 1769 divinos
781 1712 861 1770 viros
883 1709 954 1769 deos
977 1708 1097 1787 quidem
1120 1727 1222 1769 omnes
1245 1728 1292 1770 re-

285 1807 473 1878 cusaverunt,
491 1797 656 1878 prohibitos
670 1805 768 1857 autem
783 1797 940 1857 daemones
955 1794 975 1838 *
990 1797 1088 1857 eibos
1108 1814 1167 1857 uon
1185 1796 1292 1877 odisse,

286 1887 339 1948 sed
372 1888 511 1946 revereri.
556 1885 650 1971 Deum
682 1895 780 1946 autem
811 1885 984 1945 simulantes
1014 1885 1127 1966 colere,
1159 1903 1193 1945 ea
1222 1886 1346 1966 sola,1u

285 1993 341 2055 per
364 1991 439 2054 quae
462 1973 542 2035 Dens
565 1974 717 2053 adoratur,
740 1993 799 2033 non
823 1982 921 2052 agunt„
966 1973 1039 2033 Nam
1064 1973 1141 2034 lleus
1164 1973 1293 2054 quidem,

274 2069 390 2143 'utpote
409 2065 541 2122 omniurn
560 2061 656 2142 Pater,
680 2062 789 2122 nullius
808 2062 933 2141 indiget,
957 2061 1007 2121 sed
1032 2061 1118 2121 nobis
1140 2071 1186 2122 est
1208 2061 1294 2144 bene,

287 2170 356 2214 cum
389 2169 456 2211 eum
489 2169 543 2230 per
575 2152 716 2211 iustitiam
749 2158 779 2211 et
811 2153 975 2210 castitatem
1007 2149 1136 2228 aliasque
1169 2152 1294 2211 virtutes

288 2241 460 2319 adoramus,
492 2242 584 2318 ipsam
617 2241 705 2299 vitam
732 2256 853 2319 precem
881 2237 917 2298 ad
944 2240 1042 2317 ipsum
1070 2238 1210 2298 iacientes
1240 2257 1294 2317 per

288 2331 481 2389 imitationem
514 2335 545 2388 et
576 2329 798 2406 inquisitionem
833 2327 868 2387 de
901 2329 974 2406 ipso.
1028 2325 1183 2404 Inquisitio
1216 2328 1295 2386 enirn
1313 2337 1348 2387 20

288 2424 404 2497 purgat,
426 2417 535 2496 inquit3
557 2417 681 2476 imitatio
700 2414 816 2475 deificat
834 2416 1019 2475 affectionem
1042 2413 1077 2473 ad
1103 2416 1201 2493 ipsum
1225 2432 1294 2492 ope·

288 2498 411 2565 rando.“
454 2503 534 2564 Bene
562 2503 682 2584 quidem
701 2504 881 2582 praedicavit
904 2502 997 2563 Deum
1020 2501 1152 2582 Patrem,
1176 2511 1206 2562 et
1229 2503 1293 2580 qui·

288 2593 346 2654 bus
369 2595 407 2653 sit
425 2591 566 2652 colendus
585 2590 718 2652 moribus
741 2591 827 2672 dixit3
851 2590 959 2670 quibus
978 2592 1144 2669 praeceptis
1167 2590 1293 2670 propbe-

288 2683 342 2742 tici
364 2679 433 2741 libri
455 2680 535 2760 pleni
562 2689 633 2741 sunt
655 2678 871 2761 Hebraeorum,
898 2679 1015 2757 quando
1043 2684 1213 2739 sanctorum
1236 2679 1295 2739 vita

290 2772 351 2830 sive
374 2772 538 2848 imperatur
564 2771 626 2829 sire
656 2765 800 2829 laudatur.
847 2766 905 2827 Sed
928 2770 959 2826 in
983 2765 1157 2827 Christianis
1180 2775 1295 2828 tantum
1314 2778 1348 2827 25

290 2864 371 2918 errat
393 2865 445 2917 aut
467 2865 581 2917 tantum
605 2856 815 2937 calumniatur,
839 2863 981 2934 quantum
1006 2854 1107 2916 volunt
1129 2855 1297 2938 daemones,

290 2961 366 3024 quos
394 2947 532 3024 opinatur
559 2945 644 3025 deos3
672 2947 757 3023 quasi
784 2947 921 3021 cuiquam
952 2943 1070 3003 difficile
1094 2945 1134 3004 sit
1155 2943 1297 3026 recolere,

291 3051 367 3113 quae
394 3035 505 3114 turpia,
538 3051 613 3112 quae
640 3032 785 3095 dedecora
813 3050 883 3110 erga
911 3031 1035 3092 deorum
1063 3031 1239 3110 obsequium
1265 3035 1296 3092 in

290 3122 414 3183 theatris
437 3121 599 3200 agebantur
622 3129 652 3182 et
675 3120 805 3201 templis,
829 3129 860 3180 et
881 3119 1040 3180 adtendere
1064 3137 1139 3198 quae
1162 3120 1297 3198 legantur

273 3205 428 3271 'dicantur
450 3209 607 3270 audiantur
629 3212 660 3269 iu
683 3209 831 3288 ecclesiis,
853 3207 898 3267 rel
921 3207 982 3266 lieo
1006 3225 1075 3267 vero
1099 3207 1169 3285 quid
1192 3209 1296 3268 ollera·
1315 3219 1349 3268 au

291 3306 356 3380 tur,
383 3307 413 3358 et
440 3298 509 3358 binc
537 3297 709 3375 intellegere
737 3297 787 3357 ubi
815 3296 995 3376 aedilicium,
1023 3303 1053 3355 et
1075 3294 1127 3355 urbi
1149 3298 1235 3356 ruina
1258 3298 1297 3355 sit

274 3404 416 3446 morum.
463 3385 536 3456 Quis
564 3393 663 3446 autem
690 3386 760 3446 huic
788 3385 862 3445 dixit
887 3383 933 3443 vel
961 3384 1128 3462 inspiravit,
1155 3385 1212 3442 nisi
1235 3383 1295 3443 dia-

291 3473 406 3534 bolicus
425 3476 557 3554 spiritus,
579 3481 638 3534 tam
657 3491 763 3534 vanum
782 3481 976 3552 apertumque
1000 3471 1194 3548 mendacium,
1218 3471 1296 3549 quod

291 3563 449 3623 daemones
477 3560 512 3621 ab
531 3559 675 3621 Hebraeis
703 3561 760 3621 coli
786 3560 950 3640 prohibitos
973 3567 1167 3620 revereantur
1188 3561 1297 3641 potius,

364 3789 395 3837 ll
415 3799 434 3838 s
450 3799 466 3838 o
480 3784 490 3852 l
503 3789 537 3838 25
555 3783 708 3854 imperatur
725 3785 918 3856 eaerum
938 3785 1116 3854 uituperabur
1133 3802 1191 3841 ceo
