3284 4459
340 481 406 549 694
744 494 946 537 sinousnnu

340 634 373 694 ln
395 646 568 691 mensnram
594 632 704 691 cetatt's
722 632 921 707 plenitudinis
948 631 1072 704 Christi,
1100 637 1144 691 et:
1174 630 1356 707 Consormes

340 720 483 795 manem
501 720 563 792 filii
583 717 654 793 Dei,
682 735 738 779 nec
760 719 792 779 in
814 735 888 779 sexu
910 718 1038 779 femineo
1062 727 1284 780 resurrecturas
1307 720 1353 780 ie·

341 810 435 869 minas
458 805 597 887 credunt,
625 804 678 866 sed
700 807 731 866 in
754 806 832 867 virili
855 822 958 867 omnes
981 808 1077 887 aiunt,
1107 809 1246 887 quoniam
1269 806 1354 869 Deus

341 895 437 957 solum
460 895 557 955 virum
583 894 655 955 iecit
682 912 720 955 ex
741 894 826 976 limo,
855 895 994 955 seminam
1018 913 1055 956 ex
1077 895 1149 956 viro.
1195 894 1253 957 Sed
1277 896 1353 957 mihi

306 983 447 1050 amelius
469 1000 574 1063 sapere
596 981 748 1064 videntur,
777 984 830 1062 qui
852 990 1013 1063 utrumque
1037 1000 1140 1045 sexum
1162 993 1353 1047 resurrectu-

341 1089 409 1134 rum
435 1088 502 1133 esso
529 1088 590 1132 non
613 1068 757 1131 dubitant.
800 1069 866 1131 Non
897 1072 976 1132 enim
998 1069 1089 1132 libido
1112 1070 1153 1133 ibi
1176 1074 1246 1154 erit,
1273 1091 1353 1152 quae

342 1161 524 1223 confusionis
547 1167 593 1220 cet
621 1176 717 1219 causa.
762 1157 837 1219 Nam
858 1161 1032 1239 priusquam
1054 1168 1245 1242 peccassent,
1277 1161 1354 1222 nudi

342 1258 442 1330 erant,
469 1256 500 1308 et
521 1265 582 1308 non
604 1245 862 1308 confundebantur
886 1249 930 1307 vir
953 1256 983 1308 et
1006 1248 1122 1309 femina.
1167 1247 1353 1329 Corporibus

342 1356 413 1417 ergo
426 1336 484 1397 illie
494 1337 563 1397 vitia
572 1334 774 1416 detrahentur,
787 1344 894 1397 natura
909 1334 1083 1397 servabitur.
1110 1336 1176 1397 Non
1191 1346 1237 1398 est
1251 1347 1353 1399 autem

294 1442 324 1493 to
342 1428 447 1489 vitium
469 1441 558 1485 sexus
581 1424 744 1503 femineus,
767 1423 818 1483 scd
843 1430 961 1504 natura,
984 1442 1059 1505 quae
1082 1434 1154 1486 tunc
1177 1425 1298 1504 quidem
1321 1434 1354 1487 et

343 1532 360 1576 a
383 1513 543 1577 concubitu
566 1520 597 1575 et
614 1531 632 1573 a
649 1519 738 1593 partu
756 1515 888 1575 inmunis
903 1515 974 1595 erit;
989 1522 1079 1576 erunt
1096 1521 1196 1576 tamen
1218 1513 1353 1574 membra

343 1602 479 1678 leminea,
496 1616 556 1659 non
586 1596 807 1659 adcommodata
834 1600 904 1661 usui
930 1601 1037 1681 reteri,
1066 1600 1119 1662 sed
1142 1602 1242 1662 decori
1265 1619 1353 1683 novo,

343 1708 402 1770 quo
430 1706 490 1748 non
517 1686 662 1748 alliciatur
688 1687 859 1765 aspicientis
886 1690 1139 1771 concupiscentia,
1167 1707 1242 1768 quae
1271 1690 1353 1751 nulla

343 1779 416 1859 erit,
443 1774 572 1836 sedbel
602 1773 739 1835 laudetur
766 1777 909 1854 sapientia
936 1783 1025 1855 atque
1048 1776 1217 1857 clementia,
1246 1780 1354 1858 quiet

293 1884 325 1932 to
344 1864 423 1947 quod
443 1881 503 1923 non
527 1870 591 1924 erat
613 1862 683 1923 iecit
707 1869 736 1922 et
758 1862 893 1924 liberavit
915 1881 931 1923 a
954 1866 1145 1944 corruptione
1168 1865 1247 1946 quod
1271 1866 1353 1929 iecit.

342 1954 382 2016 Ut
403 1954 483 2013 enim
513 1954 545 2012 in
573 1949 695 2011 exordIo
724 1953 843 2030 generis
873 1951 993 2012 humani
1021 1951 1058 2013 de
1084 1952 1177 2014 latere
1204 1956 1260 2015 viri
1282 1954 1352 2015 dor·

342 2042 461 2103 mientis
479 2047 561 2101 costa
580 2038 710 2100 detracta
728 2039 837 2099 iemina
861 2039 955 2119 fieret,
978 2038 1129 2102 Christum
1147 2049 1177 2102 et
1195 2042 1352 2103 ecclesiam

342 2130 394 2193 tali
421 2130 498 2189 lacto
525 2130 582 2189 iam
611 2136 683 2189 tunc
710 2126 880 2206 prophetari
908 2127 1070 2208 oportebat.
1117 2128 1212 2209 Sopor
1240 2133 1353 2211 quippe

343 2218 391 2282 ille
415 2219 470 2279 viri
493 2234 573 2278 mors
597 2223 660 2277 erat
682 2214 805 2296 Christi,
836 2218 921 2277 cuius
944 2218 1086 2278 exanimis
1109 2220 1140 2278 in
1164 2236 1254 2279 cruce
1277 2237 1352 2299 pen-

292 2308 441 2375 rodentis
464 2305 540 2367 latus
567 2304 668 2366 lancea
693 2304 877 2384 perforatum
900 2312 946 2365 est
975 2313 1064 2385 atque
1086 2306 1155 2367 inde
1178 2309 1298 2387 sanguis
1322 2316 1353 2369 et

344 2414 420 2475 aqua
443 2393 578 2474 deduxit3
602 2410 677 2473 quae
700 2400 884 2453 sacramenta
907 2410 973 2454 esse
995 2396 1147 2475 novimus,
1170 2394 1279 2473 quibus
1303 2414 1351 2456 ae·

344 2485 479 2545 dificatur
511 2482 644 2543 ecclesia.
688 2479 762 2541 Nam
792 2480 850 2541 hoc
882 2482 970 2541 ctiam
998 2481 1089 2542 verbo
1120 2485 1266 2563 scriptura
1298 2502 1353 2545 usa

344 2582 402 2654 ost,
424 2570 476 2633 ubi
499 2588 559 2632 non
582 2569 690 2649 legitur
711 2561 894 2650 „iormarit“
915 2576 967 2630 aut
987 2564 1124 2652 „fluxit“,
1147 2571 1213 2632 sed:
1236 2572 1352 2647 Aedifi-

344 2664 426 2724 cooit
447 2676 515 2721 eam
537 2662 569 2720 in
591 2661 763 2729 mulierem
789 2656 869 2717 unde
892 2664 922 2717 et
945 2657 1095 2736 apostolus
1118 2658 1353 2720 aedificationem

292 2766 326 2816 ao
344 2748 416 2810 dicit
447 2747 581 2827 corporis
614 2745 736 2826 Christi,
768 2744 846 2824 quod
877 2753 923 2806 est
950 2744 1082 2807 ecclesia.
1132 2745 1273 2808 Creatura
1306 2758 1353 2809 est

346 2833 493 2915 argolici
524 2834 634 2895 femina
666 2836 743 2895 sicut
767 2835 823 2914 rir3
851 2832 902 2894 sed
926 2842 960 2894 ut
982 2834 1018 2895 de
1043 2836 1104 2895 viro
1129 2835 1229 2917 lieret,
1252 2838 1352 2897 unitas

345 2922 559 3002 commendata3
590 2928 624 2982 ut
646 2928 744 2983 autem
767 2920 816 2981 illo
840 2920 927 2981 modo
951 2922 1048 3003 lieret,
1076 2921 1228 3005 Christus,
1252 2933 1285 2985 ut
1309 2925 1352 2985 di-

345 3020 426 3075 ctum
457 3019 518 3091 eat,
548 3017 579 3070 ct
607 3008 732 3071 ecclesia
760 3010 882 3088 figurata
911 3018 964 3071 est.
1010 3010 1067 3081 Qui
1096 3030 1166 3091 erpo
1190 3021 1352 3092 utrumque

345 3119 449 3163 sexum
476 3100 618 3179 instituit,
645 3105 804 3176 utrumque
833 3101 978 3160 restituet.
1024 3098 1157 3178 Denique
1180 3101 1243 3179 ipse
1267 3098 1353 3162 lesus

292 3206 326 3257 oo
345 3192 543 3268 interrogatus
570 3204 587 3246 a
614 3184 807 3267 Sadducaeis,
838 3188 889 3265 qui
919 3186 1064 3266 negabant
1091 3190 1354 3271 resurrectionem,

345 3279 431 3340 culus
454 3281 568 3355 septem
590 3274 715 3335 fratrum
739 3275 796 3333 erit
818 3292 909 3354 uxor,
933 3292 1020 3354 qnam
1044 3274 1151 3355 singuli
1174 3275 1353 3357 habuerunt,

417 3436 443 3503 1)
460 3431 531 3502 Cpb
551 3434 581 3497 4,
607 3434 647 3484 18.
684 3429 711 3496 t)
730 3428 809 3482 Rom.
829 3432 859 3493 8,
882 3433 924 3485 29.
963 3429 1093 3497 1'1)Gen
1114 3434 1143 3499 i,
1167 3436 1209 3486 il.
1248 3434 1353 3502 21)lo.

347 3512 388 3574 19,
407 3511 441 3559 er
486 3504 531 3570 ar)
551 3499 619 3555 oen.
637 3504 663 3566 a,
682 3505 724 3554 m.
762 3502 807 3565 es)
826 3498 896 3569 Eph.
916 3506 941 3566 4,
962 3505 1001 3555 m.

346 3633 557 3647 ..ρ-,-

342 3766 348 3779 ι
412 3700 444 3747 a1
468 3691 584 3747 defluxit
606 3690 646 3757 133
673 3688 754 3743 fluxit
775 3690 817 3755 A3
843 3688 976 3758 profluxit
1001 3690 1212 3760 Gaaoeppllo
1232 3689 1243 3757 l
1266 3692 1300 3743 29
1325 3690 1356 3743 et

340 3782 401 3837 apso
418 3782 435 3819 o

391 3945 406 4014 l
