3284 4459
350 482 395 547 40
756 499 777 541 s.
791 500 958 542 spensam

350 632 452 710 ditque
475 633 624 693 conlusos.
668 632 744 693 llinc
767 635 927 716 estquod,
951 646 1054 716 postea
1078 656 1166 716 quam
1189 640 1359 703 mandatnm

350 718 403 780 liei
426 728 527 799 aperta
549 724 785 800 transgressione
807 723 968 805 violarunt,
991 728 1204 805 scriptumest
1226 729 1264 789 de
1285 730 1358 792 illis:

350 808 391 868 Et
412 811 513 885 aperti
537 816 610 871 sunt
634 813 717 871 oculi
741 812 899 872 amborum
920 820 951 874 et
972 824 1164 888 agnoverunt
1184 820 1258 891 quic
1279 821 1359 880 nudi

350 904 448 971 erum,
471 903 501 957 et
517 905 704 958 cumomni
717 897 795 974 solia
810 903 868 971 fici
883 906 915 961 et
927 899 1072 975 fecerunt
1088 905 1149 963 sibi
1164 910 1357 981 campestria.

315 986 460 1061 adperti
479 992 563 1059 sunt,
595 987 704 1067 inquit,
736 991 819 1047 ocuti
844 990 1016 1063 amborum,
1047 1008 1107 1050 non
1130 991 1166 1051 ad
1190 993 1358 1076 videndum,

350 1091 417 1133 nam
440 1080 470 1133 et
488 1082 573 1133 antea
591 1073 738 1150 videbant,
759 1076 812 1135 sed
835 1075 870 1135 ad
893 1076 1122 1139 discernendum
1145 1082 1223 1141 inter
1246 1080 1358 1143 bonum

351 1160 429 1239 quod
448 1163 607 1222 amiserant
624 1171 655 1223 et
673 1162 780 1224 malum
800 1181 860 1241 quo
878 1164 1054 1226 ceciderant.
1100 1165 1183 1228 Unde
1207 1178 1237 1229 et
1259 1171 1359 1249 ipsum

349 1248 470 1328 lignum,
493 1267 528 1309 eo
547 1249 625 1327 quod
640 1252 725 1310 istam
744 1251 856 1312 iaceret
874 1252 1100 1332 dinoscentiam,
1123 1259 1149 1316 si
1173 1256 1210 1317 ad
1235 1275 1357 1319 vescen-

350 1336 420 1398 dum
444 1345 547 1397 contra
570 1340 692 1398 vetitum
715 1347 899 1420 tangeretur,
928 1359 965 1401 ex
987 1359 1023 1401 ea
1044 1361 1078 1401 re
1101 1362 1209 1404 nomen
1232 1350 1358 1429 accepit,

298 1436 330 1485 ιο
349 1433 384 1485 ut
402 1424 599 1504 appellaretur
616 1424 728 1505 lignum
747 1428 860 1487 sciendi
878 1427 949 1489 boni
967 1437 997 1489 et
1020 1430 1096 1490 mali.
1123 1430 1252 1511 Experto
1276 1437 1357 1495 enirn

349 1512 445 1573 morbi
478 1514 609 1574 molestia
640 1514 803 1574 evidentior
833 1516 867 1576 lit
898 1518 986 1577 etiam
1016 1519 1184 1579 incunditas
1214 1523 1357 1584 sanitatis.

353 1602 563 1675 copnoveront
580 1620 650 1681 ergo
669 1606 743 1677 quia
761 1606 839 1663 nudi
855 1611 952 1679 eram,
975 1605 1078 1666 nudati
1097 1606 1210 1668 scilicet
1233 1627 1267 1669 ea
1289 1628 1356 1689 gra·

349 1692 398 1769 tia,
421 1707 478 1767 qua
501 1689 590 1750 fiebat
617 1700 651 1750 ut
677 1690 795 1751 nuditas
818 1695 953 1771 corporis
975 1693 1055 1753 nulla
1078 1712 1130 1755 eos
1152 1695 1217 1775 lege
1240 1702 1357 1776 peccati

349 1780 441 1837 menti
464 1795 568 1839 eornm
586 1786 770 1857 repugnante
788 1779 993 1841 contunderet.
1038 1781 1101 1842 lloo
1124 1786 1223 1862 itaque
1247 1804 1355 1865 cogno

297 1878 328 1926 to
348 1873 464 1941 verunt,
487 1867 566 1944 quod
584 1865 700 1926 ielicius
718 1868 898 1945 ignorarent,
921 1871 946 1928 si
965 1867 1025 1929 lieo
1044 1871 1200 1932 credentes
1218 1882 1249 1934 et
1266 1873 1355 1935 oboe-

348 1953 463 2013 dientes
486 1972 546 2014 non
565 1957 794 2031 committerent,
817 1956 897 2036 quod
920 1974 972 2018 eos
994 1968 1116 2039 cogeret
1137 1963 1268 2040 experiri
1289 1964 1354 2023 inli-

346 2044 451 2106 delites
464 2052 495 2107 et
505 2044 724 2106 inoboedientia
736 2042 808 2123 quid
820 2052 949 2105 noceret.
967 2044 1096 2106 Proinde
1108 2046 1225 2107 confusi
1237 2046 1359 2106 inoboe-

347 2132 456 2194 dientia
485 2136 583 2195 carnis
611 2149 695 2208 suae,
723 2139 874 2209 tamquam
901 2140 976 2192 teste
1003 2152 1097 2208 poena
1121 2133 1361 2194 inoboedientiae

349 2234 436 2298 suae,
468 2224 654 2278 consuerunt
681 2214 759 2291 solia
783 2218 842 2289 fici
868 2223 898 2277 ct
916 2214 1061 2291 fecerunt
1081 2217 1142 2275 sibi
1163 2220 1358 2297 campestria,

294 2319 329 2367 20
349 2305 380 2366 id
408 2314 456 2367 est
481 2305 677 2365 succinctoria
706 2303 885 2382 genitalium.
930 2302 1004 2363 Nam
1030 2302 1149 2381 quidam
1175 2305 1358 2382 interpretes

348 2386 584 2474 ,‚snccinctoria“
600 2400 773 2470 posuerunt.
809 2390 904 2450 Porro
922 2400 1020 2453 autem
1042 2386 1256 2472 „campestria“
1277 2390 1356 2451 bati-

350 2500 422 2542 num
440 2480 559 2560 quidem
577 2478 701 2540 verbum
719 2488 774 2561 est,
797 2479 849 2539 sed
869 2498 904 2540 ex
924 2497 959 2539 eo
977 2478 1099 2560 dictum,
1121 2479 1201 2558 quod
1224 2482 1358 2561 iuvenes,

351 2572 402 2648 qui
435 2567 507 2629 nudi
538 2567 754 2629 exercebantur
784 2569 815 2627 in
848 2585 969 2648 campo,
1000 2566 1138 2646 pudenda
1168 2567 1357 2649 operiebant;
1458 2565 1459 2568 '

350 2656 428 2718 unde
452 2659 503 2735 qui
525 2660 565 2718 ita
588 2657 734 2717 succincti
756 2664 836 2736 sunt,
858 2663 1070 2734 campestratos
1092 2654 1198 2735 vulgus
1220 2656 1357 2735 appellat.

293 2743 434 2816 ediltrud
471 2747 570 2824 itaque
612 2744 752 2805 adversus
795 2744 961 2804 damnatam
997 2743 1083 2823 culpa
1119 2742 1357 2805 inoboedientiae

350 2833 528 2893 voluntatem
556 2831 646 2893 libido
674 2831 899 2892 inoboedienter
921 2830 1069 2906 movebat,
1101 2832 1278 2892 verecundia
1301 2851 1356 2910 pu·

350 2921 456 2982 denter
484 2920 609 2999 tegebat.
654 2919 697 2980 Ex
726 2920 782 2980 boc
808 2938 913 2980 omnes
940 2927 1058 2999 gentes,
1085 2921 1224 2999 quoniam
1246 2919 1283 2979 ab
1306 2920 1358 2981 illa

350 3011 443 3087 stirpe
461 3016 634 3088 procreatae
653 3017 732 3088 sunt,
755 3008 939 3087 usqueadeo
957 3016 1061 3069 tenent
1077 3009 1200 3069 insitum
1217 3007 1359 3087 pudenda

350 3096 464 3176 velare,
497 3104 531 3156 ut
561 3095 681 3175 quidam
712 3095 831 3156 barbari
862 3096 927 3156 illas
954 3098 1089 3175 corporis
1117 3105 1217 3175 partes
1246 3098 1358 3157 necin

295 3194 330 3244 ³0
351 3182 462 3245 balneis
486 3183 579 3243 nudas
602 3183 742 3263 babeant,
765 3184 817 3243 sed
841 3202 909 3244 cum
933 3202 1034 3245 earum
1057 3187 1227 3262 tegimentis
1249 3183 1357 3245 lavent„

349 3272 407 3333 Per
430 3290 535 3351 opacas
562 3290 681 3352 qttoque
705 3272 804 3332 lndiae
834 3271 1021 3352 solitudines,
1051 3290 1119 3333 cum
1141 3272 1260 3351 quidam
1283 3271 1359 3333 nudi

349 3358 604 3442 philosophentur,
622 3361 700 3421 unde
719 3359 976 3439 gymnosophistae
994 3361 1194 3441 nominantur,
1216 3358 1359 3422 adhibent

418 3514 445 3582 4)
465 3510 532 3565 Gen.
552 3517 577 3579 3,
593 3518 616 3565 7.
654 3513 698 3582 25)
716 3513 834 3581 August.
855 3512 889 3565 de
907 3513 986 3582 nupt.
1006 3515 1036 3567 eb
1053 3527 1168 3582 concup.
1189 3529 1212 3567 c.
1227 3516 1270 3567 80.

346 3620 559 3631 -—

419 3693 435 3741 3
458 3690 680 3758 cognoveruntc
700 3690 746 3759 ll⁸
769 3673 875 3743 dinosc.
896 3689 1059 3757 VAFeeu
1081 3690 1206 3761 dignosc.
1229 3692 1360 3761 citet

348 3775 382 3812 ex
402 3758 459 3815 V'l
471 3760 480 3829 ll
495 3765 528 3814 17
546 3761 679 3814 nocerent
696 3762 782 3829 ollio
800 3761 896 3829 begim.
919 3761 987 3827 Veh
1005 3762 1110 3830 tagum
1129 3761 1245 3816 Amce
