3284 4459
352 479 414 546 118
751 492 951 535 sunonsrmr

350 648 440 708 genes
464 647 524 690 non
547 628 729 708 ineleganter
756 629 895 708 astruxit,
924 625 1044 706 Moysen
1067 627 1182 688 scilicet
1204 626 1356 687 bominem

350 718 403 778 Dei
433 720 599 792 eruditum,
626 718 705 777 sicut
727 718 870 794 scriptum
894 723 952 795 est,
978 719 1061 777 omni
1081 718 1232 791 sapientia
1255 716 1355 792 Aepy·

347 810 497 885 pliorem,
526 807 578 883 qui
604 805 813 883 geometricam
843 803 1025 882 dilexerunt,
1054 804 1232 882 geometrica
1255 802 1357 864 cubita

351 895 516 973 significare
539 894 681 971 potuisse,
703 890 755 952 ubi
776 909 871 951 unum
893 897 1036 969 quantum
1058 909 1110 950 sex
1133 898 1236 951 nostra
1257 890 1356 951 valere

316 981 541 1061 aadseverant,
571 982 637 1058 quis
669 997 728 1038 non
758 979 855 1039 videat
884 986 1026 1056 quantum
1053 996 1156 1038 rerum
1177 996 1284 1059 capere
1307 979 1357 1039 illa

351 1072 447 1149 potuit
465 1063 656 1148 magnitudo?
687 1066 761 1127 Nam
777 1066 851 1126 illud
865 1065 944 1145 quod
958 1065 1110 1144 disputant
1127 1074 1225 1127 tantae
1244 1069 1356 1146 magni·

352 1157 462 1218 tudinis
492 1174 590 1216 arcam
622 1172 681 1214 non
711 1156 843 1233 potuisse
874 1156 1026 1234 conpingi,
1061 1156 1244 1232 ineptissime
1275 1155 1354 1215 calu·

351 1247 514 1323 mniantur,
542 1261 610 1304 cum
636 1244 732 1303 sciant
759 1245 908 1303 inmensas
931 1240 1021 1302 urbes
1044 1242 1135 1302 luisse
1159 1250 1356 1324 constructas,

351 1351 407 1394 nec
434 1330 597 1392 adtendunt
623 1338 743 1391 centum
769 1347 876 1410 annos,
906 1328 1014 1408 quibus
1037 1347 1105 1389 arca
1126 1329 1175 1390 illa
1197 1339 1244 1390 est
1266 1329 1356 1391 labri·

300 1435 334 1484 ιο
352 1429 428 1500 cata;
459 1421 517 1480 nisi
545 1419 621 1480 sorte
651 1418 725 1497 lapis
753 1417 843 1496 lapidi
872 1417 1032 1478 adhaerere
1058 1425 1157 1496 potest
1184 1417 1245 1479 sola
1275 1419 1355 1479 calce

353 1511 538 1588 coniunctus,
552 1514 586 1567 nt
603 1523 707 1566 murus
726 1523 780 1585 per
794 1513 839 1565 tot
852 1505 930 1565 milia
949 1507 1175 1586 circumagatur,
1194 1514 1225 1566 et
1242 1505 1355 1584 lignum

351 1597 430 1675 ligno
453 1613 506 1674 per
529 1593 713 1674 suscudines,
735 1595 844 1673 epiros,
866 1593 973 1673 clavos,
994 1593 1097 1671 gluten
1120 1591 1273 1654 bituminis
1295 1613 1355 1654 uon

350 1691 449 1765 potest
466 1681 636 1762 adhaerere,
658 1689 692 1742 ut
709 1680 870 1742 fabricetur
887 1698 955 1740 arca
977 1699 1037 1740 uon
1059 1683 1168 1761 curvis,
1190 1682 1241 1742 sed
1265 1684 1356 1742 rectis

351 1772 437 1832 lineis
460 1771 546 1848 longe
565 1769 681 1848 lateque
700 1776 846 1848 porrecta,
869 1786 958 1846 quam
979 1768 1078 1829 nullus
1100 1770 1131 1828 in
1155 1786 1235 1829 marc
1259 1771 1357 1830 mittat

301 1874 333 1922 15
352 1867 474 1920 conatus
497 1857 662 1940 bominum,
690 1858 742 1917 sed
764 1856 842 1917 levet
864 1856 956 1936 unda,
984 1859 1202 1936 cumvenerit,
1229 1858 1356 1919 naturali

351 1947 454 2007 ordine
468 1944 641 2025 ponderum,
656 1947 806 2024 magisque
820 1943 918 2004 divina
931 1943 1114 2022 providentia
1127 1961 1215 2022 quam
1228 1943 1356 2006 bumana

351 2033 508 2114 prudentia
543 2041 693 2093 natantem
728 2031 893 2111 gubernet,
932 2049 970 2091 ne
1005 2033 1139 2092 incurrat
1175 2031 1356 2111 ubicumque

352 2123 545 2200 naufragium.

440 2209 524 2280 Quod
552 2216 650 2269 autern
677 2207 934 2286 scrupulosissime
961 2210 1065 2286 quaeri
1091 2207 1167 2268 solet
1193 2207 1230 2268 de
1261 2211 1356 2269 minu·

298 2309 333 2358 20
352 2299 474 2358 tissimis
492 2295 634 2376 bestiolis,
656 2313 716 2356 non
735 2294 831 2356 solum
853 2295 954 2373 quales
977 2304 1049 2356 sunt
1070 2313 1171 2356 mures
1194 2304 1225 2356 et
1247 2296 1357 2356 stellio·

352 2403 415 2465 nes,
437 2402 541 2444 verum
563 2386 652 2444 etiam
674 2383 775 2462 quales
798 2383 946 2463 lucustae,
969 2382 1109 2457 scarabei,
1132 2401 1251 2443 muscae
1274 2383 1357 2444 deni-

351 2490 409 2551 que
433 2479 463 2532 et
484 2471 613 2552 pulices,
639 2479 742 2531 utrum
769 2487 828 2530 non
851 2469 1001 2550 amplioris
1024 2473 1141 2532 numeri
1162 2473 1194 2531 in
1217 2489 1285 2532 arca
1307 2471 1356 2532 illa

352 2561 471 2639 luerint,
493 2576 581 2638 quam
604 2561 655 2638 qui
678 2567 724 2618 est
746 2557 893 2637 delinitus,
916 2576 985 2618 cum
1007 2558 1063 2619 boc
1086 2561 1246 2637 imperaret
1268 2559 1358 2640 Deus,

352 2649 435 2727 prius
454 2645 629 2706 admonendi
647 2654 726 2726 sunt,
749 2663 824 2723 quos
841 2645 915 2706 baec
938 2655 1064 2724 movent,
1087 2649 1130 2706 sic
1152 2647 1358 2726 accipiendum

299 2745 333 2794 25
352 2752 418 2794 esse
450 2732 529 2812 quod
559 2733 670 2794 dictum
700 2740 758 2793 est:
795 2735 880 2806 Quae
905 2741 1017 2810 repunt
1041 2752 1135 2810 super
1163 2741 1293 2809 terram,
1324 2745 1359 2797 ut

351 2839 473 2882 necesse
506 2838 565 2880 non
594 2820 685 2881 luerit
711 2823 881 2882 conservari
906 2824 937 2882 in
967 2839 1048 2902 arca,
1079 2840 1154 2900 quae
1176 2832 1303 2902 possunt
1325 2826 1357 2884 in

350 2911 435 2987 aquis
453 2911 560 2989 vivere,
583 2927 643 2968 non
666 2908 763 2970 solum
784 2927 891 2989 mersa,
913 2911 992 2970 sicut
1013 2912 1120 2990 pisces,
1142 2928 1246 2971 verum
1268 2914 1358 2972 etiam

352 2998 585 3075 supernatantia,
617 2998 694 3057 sicut
721 2995 831 3056 multae
858 2996 951 3056 alites.
996 2995 1108 3057 Deinde
1136 3016 1205 3058 cum
1234 2999 1358 3061 dicitur:

351 3085 509 3146 Masculus
531 3092 562 3144 et
579 3081 695 3158 femina
717 3091 820 3157 munt,
854 3085 988 3163 prolecto
1010 3085 1192 3164 intellegitur
1215 3087 1250 3147 ad
1273 3105 1357 3168 repa·

297 3185 334 3234 80
352 3171 476 3232 randum
506 3188 600 3250 genus
632 3171 702 3252 dici,
735 3189 768 3232 ac
795 3190 850 3250 per
876 3170 933 3232 boc
960 3190 1016 3232 nec
1043 3171 1092 3232 illa
1115 3191 1238 3234 necesse
1260 3175 1360 3236 iuerat

351 3257 393 3320 ibi
410 3277 486 3338 esse,
509 3276 583 3337 quae
602 3267 727 3337 possunt
745 3261 809 3319 sine
833 3258 993 3320 concubitu
1016 3260 1053 3320 de
1076 3259 1243 3340 quibusque
1267 3261 1359 3324 rebus

350 3347 397 3407 vel
423 3363 525 3407 rerum
552 3345 793 3428 corruptionibus
821 3349 918 3426 nasci3
944 3347 991 3406 vel
1013 3349 1040 3408 si
1062 3348 1200 3427 luerunt,
1226 3351 1305 3410 sicut
1327 3353 1360 3411 in

423 3471 449 3540 1)
467 3469 568 3523 Homil.
584 3475 608 3523 2.
627 3470 658 3523 in
676 3470 775 3525 Gener.
831 3474 858 3541 3)
876 3471 937 3523 Aac.
958 3476 983 3537 ⁹1,
998 3475 1040 3523 22.

347 3603 349 3616 '
423 3616 438 3664 9
457 3612 607 3668 attendant
627 3611 673 3671 Vl
686 3613 696 3680 ΙΙ
715 3616 747 3666 12
767 3611 878 3665 suscud.
896 3627 962 3676 mem
981 3611 1073 3666 subsc.
1090 3629 1107 3666 o
1123 3613 1134 3680 ll
1151 3611 1245 3680 epiros
1261 3627 1316 3666 mss
1330 3627 1360 3678 υς

347 3682 463 3751 epigros
485 3683 526 3738 oel
549 3683 660 3752 epiuros
673 3683 840 3751 ‘maguum
858 3682 1000 3738 Meorsius
1021 3685 1032 3752 ll
1055 3687 1088 3738 15
1109 3682 1147 3736 od
1164 3681 1290 3736 naturali
1309 3683 1362 3752 Vl

351 3757 385 3807 19
405 3753 476 3807 solet
494 3755 523 3808 et
541 3755 569 3809 R
586 3755 595 3824 {l
613 3759 647 3806 21
666 3753 793 3808 lucustae
813 3753 896 3822 1⁷3¹,
914 3752 967 3808 loc.
985 3770 1002 3809 o
