3284 4459
558 533 599 574 nu
613 533 755 575 ermanus
769 533 823 574 nn1
835 534 861 572 n.
875 535 923 576 xv.
937 533 961 573 e.
974 534 1025 574 ee
1244 517 1289 580 65

278 673 348 748 qnia
372 669 415 729 iili
433 667 504 729 boni
527 677 605 748 sunt,
626 669 670 728 ilii
693 668 769 728 maii.
815 667 902 729 Nullo
925 670 1004 728 enim
1026 667 1113 727 modo
1136 667 1169 726 iit
1192 667 1288 725 minor

278 758 440 818 accedente
473 776 526 818 seu
557 765 751 836 permanente
786 766 924 818 consorte
955 758 1104 835 possessio
1140 753 1288 835 bonitatis,

278 851 370 906 immo
390 848 538 924 possessio
555 845 681 926 bonitas,
704 863 792 924 qnam
810 854 892 906 tanto
914 845 1011 924 iatius,
1033 851 1144 924 quanto
1166 860 1288 903 eoncor-

278 935 348 995 dius
378 934 526 994 individua
557 936 707 994 sociorum
739 932 871 1012 possidet
905 937 1021 994 ceritas.
1073 932 1139 992 Non
1169 930 1289 991 habebit

279 1023 410 1101 denique
447 1025 533 1084 istam
566 1025 802 1102 possessionem,
839 1024 891 1100 qui
923 1038 987 1082 eam
1019 1021 1149 1081 noluerit
1178 1019 1323 1080 haberet

278 1129 486 1190 communem,
518 1118 550 1171 ct
580 1117 662 1170 tanto
695 1127 759 1170 eam
791 1113 922 1189 reperiet
953 1108 1142 1188 ampliorem,
1177 1117 1288 1186 quanto

279 1199 408 1278 amplius
431 1199 472 1259 ibi
489 1201 621 1278 potuerit
644 1217 742 1258 amare
766 1206 943 1261 consortem.
989 1197 1063 1258 {lind
1086 1199 1186 1275 igitur,
1209 1197 1288 1274 quod

278 1291 360 1348 inter
383 1287 508 1348 Remum
532 1295 562 1348 ct
579 1286 737 1347 Romulum
760 1295 897 1347 exortum
919 1295 974 1366 est,
998 1304 1086 1364 quem
1109 1285 1145 1344 ad
1168 1285 1288 1345 modum

280 1377 422 1437 adversus
441 1379 585 1455 seipsam
604 1385 722 1435 terrena
741 1377 844 1435 civitas
867 1375 1022 1455 dividatur,
1044 1373 1186 1452 ostendit3
1210 1372 1289 1452 quod

282 1473 380 1524 antem
403 1467 482 1524 inter
505 1463 576 1524 Cain
600 1472 630 1523 et
652 1458 737 1542 ribei,
767 1465 847 1522 inter
869 1462 942 1523 duas
964 1466 1043 1541 ipsas
1066 1463 1213 1542 civitates,
1236 1459 1290 1520 liei
1309 1473 1343 1523 10

283 1561 312 1612 et
330 1552 492 1632 hominum,
516 1553 684 1611 inimicitias
704 1551 924 1612 demonstravit
968 1551 1104 1629 Pugnant
1121 1566 1193 1627 ergo
1211 1552 1290 1608 inter

282 1661 314 1701 se
335 1641 403 1701 maii
423 1647 453 1700 et
466 1640 548 1720 mali3
570 1643 641 1700 item
661 1647 793 1718 pugnant
810 1643 890 1700 inter
913 1658 945 1699 se
969 1639 1036 1698 mali
1058 1646 1089 1699 et
1110 1637 1197 1698 boui:
1218 1636 1290 1696 boni

281 1747 352 1789 voro
375 1736 406 1788 et
428 1727 507 1808 boni,
530 1730 556 1788 si
578 1729 704 1807 perfecti
726 1735 805 1808 sunt,
828 1730 906 1788 inter
929 1745 961 1788 se
984 1743 1116 1806 pugnare
1140 1743 1199 1786 uon
1222 1744 1289 1804 pos-

280 1825 361 1877 sunt.
406 1815 600 1876 Proficientes
618 1823 716 1876 autem
736 1816 927 1894 nondumque
946 1816 1071 1894 perfecti
1093 1817 1133 1875 ita
1156 1822 1291 1893 possunt,

280 1915 315 1966 nt
333 1904 430 1965 bonus
449 1907 575 1982 quisque
594 1923 630 1964 cx
653 1923 686 1964 oa
710 1911 793 1982 parte
816 1912 928 1983 pugnet
950 1912 1053 1964 contra
1075 1903 1209 1982 aiterum,
1233 1919 1290 1980 qua
1309 1911 1344 1961 tt

284 1997 373 2054 etiam
392 2002 495 2052 contra
515 2001 608 2052 semet
626 1995 738 2072 ipsum;
761 2000 791 2052 et
808 1995 838 2052 in
857 2011 917 2052 nno
941 1995 1049 2070 qnippe
1073 1991 1190 2050 homine
1214 2007 1290 2050 caro

278 2084 471 2157 concupiscit
499 2083 646 2142 advmsus
672 2084 812 2158 spiritum
840 2091 870 2142 et
894 2080 1022 2158 'spiritus
1049 2082 1196 2140 adversus
1219 2097 1288 2139 cor·

265 2189 357 2231 vcerm
405 2168 650 2248 Concupiscentia
669 2187 740 2247 ergo
759 2169 898 2248 spiritalis
921 2177 1025 2229 contra
1048 2167 1170 2228 alterius
1192 2175 1291 2245 potest

280 2276 414 2338 pugnare
442 2257 589 2317 carnalem
616 2256 662 2317 vel
685 2260 925 2336 concupiscentia
947 2256 1072 2316 carnaiis
1094 2263 1197 2316 contra
1221 2254 1290 2315 aite-

280 2348 346 2407 rius
374 2345 548 2425 spiritalem,
576 2348 653 2406 sicut
681 2349 759 2406 inter
789 2364 821 2405 se
845 2353 978 2425 pugnant
999 2345 1070 2405 boni
1092 2352 1123 2404 et
1141 2343 1221 2423 maii3
1244 2343 1290 2403 vei
1308 2354 1344 2404 20

283 2443 364 2494 certe
388 2437 469 2513 ipsae
493 2436 749 2513 concupiscentiae
778 2434 910 2495 carnales
933 2437 1011 2494 inter
1034 2453 1067 2493 se
1090 2432 1216 2502 duorum
1239 2431 1289 2491 bo-

284 2541 405 2602 norum,
434 2522 565 2582 nondum
593 2525 696 2600 utique
724 2523 942 2601 perfectorum,
969 2524 1047 2582 sicut
1075 2523 1152 2581 inter
1181 2538 1214 2579 se
1236 2539 1290 2598 pn-

282 2619 374 2688 gnant
396 2610 465 2670 mali
488 2621 518 2671 et
540 2610 621 2689 maii,
648 2610 742 2671 donec
766 2628 884 2690 corum,
912 2612 963 2689 qui
985 2617 1142 2688 curantur,
1164 2607 1201 2668 ad
1223 2607 1290 2668 nlti-

280 2716 362 2758 mam
384 2701 535 2758 victoriam
559 2701 668 2760 sanitas
690 2698 880 2778 perducatur.

691 2885 809 2952 Garun
832 2887 889 2952 VI.
1309 2917 1344 2967 25

282 3002 330 3060 Dc
352 2999 560 3073 tremoribus,
573 3004 656 3072 'quos
679 3016 719 3057 ex
738 3015 839 3073 poeno
858 3002 982 3073 peccati
1003 3001 1093 3058 etiam
1116 3001 1196 3059 cives
1218 3001 1290 3058 civi-

328 3091 400 3148 tatis
418 3087 478 3146 Dei
499 3090 531 3146 in
553 3089 643 3147 huius
665 3089 746 3146 vitoe
763 3089 1015 3161 pereprinotione
1034 3090 1195 3162 potiuntur
1218 3093 1248 3146 et

501 3193 520 3234 a
543 3176 652 3250 quibus
674 3175 738 3235 Deo
761 3177 898 3235 medente
919 3182 1078 3235 sanantur.

373 3281 509 3362 Languor
528 3291 574 3341 est
592 3282 701 3359 qnippe
725 3282 790 3360 iste,
813 3280 842 3340 id
867 3289 912 3340 est
935 3280 981 3340 iiia
1004 3279 1231 3358 inoboedientia,
1253 3279 1290 3340 de

242 3405 247 3416 ·
280 3390 341 3450 qna
372 3373 402 3430 in
430 3370 505 3431 iihro
534 3379 638 3448 quarto
662 3368 776 3428 decimo
801 3368 1008 3448 disseruimus,
1036 3371 1147 3447 primae
1170 3367 1290 3427 inoboe·
1309 3377 1344 3426 30

280 3459 411 3520 dientiae
436 3457 622 3538 supplicium,
645 3465 675 3517 et
698 3457 764 3516 ideo
788 3474 846 3515 non
871 3466 984 3538 natura,
1007 3456 1060 3517 sed
1082 3458 1199 3535 vitium3
1222 3473 1290 3533 pro·

279 3554 351 3626 pter
380 3548 457 3626 quod
487 3547 594 3606 dicitur
623 3543 847 3625 proficientibus
877 3543 962 3604 bonis
990 3553 1021 3605 et
1043 3563 1079 3604 ex
1101 3543 1158 3603 fide
1181 3546 1212 3602 iu
1235 3542 1290 3602 hac

357 3668 400 3733 18)
419 3663 479 3719 Gai.
498 3669 524 3728 b,
544 3669 585 3718 17.
623 3665 668 3732 30)
688 3660 716 3716 0.
737 3668 766 3727 13
786 3665 817 3714 11
839 3661 892 3716 etc.

356 3796 389 3843 32
409 3793 438 3844 et
456 3807 506 3844 oon.
527 3791 624 3858 Rem
643 3790 678 3855 ef.
697 3793 774 3856 40,9

339 3898 395 3928 auor
409 3897 442 3928 nl
456 3897 496 3928 crv
515 3897 558 3928 nm
587 3888 617 3926 11.
