3284 4459
336 502 379 565 90
745 515 945 558 succesum

336 658 400 711 tum
423 646 536 711 fuisse?
559 657 593 710 ut
615 649 793 710 admirantes
817 651 923 710 merito
947 651 1148 731 requiramus,
1171 668 1229 729 quo
1253 649 1345 710 modo

336 757 390 818 per
412 745 457 798 tot
483 755 576 798 annos
603 739 732 798 inmunis
751 739 851 799 vfuerit
882 756 898 797 a
930 737 1057 799 conubio
1089 739 1153 801 sine
1185 737 1245 798 ullo
1273 757 1345 817 pro·

335 828 432 906 posito
460 828 657 886 continentiae
687 825 732 886 vel
760 844 818 886 non
846 829 984 905 gennerit
1005 829 1192 907 coniugatus,
1224 826 1346 905 qnando

337 914 456 994 quidem
484 917 571 974 etiam
600 913 638 974 de
666 917 729 994 ipso
759 915 881 994 legitur:
902 917 949 976 -Et
972 918 1179 990 pendamus
1201 918 1345 989 etlilias,

301 1010 366 1064 oet
384 1002 514 1079 sacrant
539 1020 639 1064 omnes
668 1006 731 1064 dies
754 1004 827 1064 Setb
853 1006 1013 1065 duodecim
1040 1011 1071 1064 et
1091 1005 1237 1079 nongenti·
1259 1007 1345 1078 anni,

336 1099 366 1153 et
387 1099 524 1152 mortuas
550 1098 601 1152 est.
646 1093 742 1169 Atque
771 1093 811 1151 ita
838 1092 991 1173 deinceps,
1019 1110 1147 1170 quorum
1170 1092 1240 1152 anni
1262 1110 1344 1151 com·

336 1187 550 1261 memorantur,
578 1197 633 1240 nec
660 1178 736 1239 tilios
763 1179 896 1258 filiasque
919 1181 1057 1258 genuisse
1081 1183 1254 1241 reticentur.
1300 1181 1345 1240 dc

334 1286 389 1347 per
411 1268 468 1328 hoc
491 1285 550 1328 non
568 1276 690 1347 apparet
712 1270 842 1349 omnino,
863 1275 974 1349 uuum,
996 1270 1048 1347 qui
1071 1270 1239 1328 nominatur
1261 1270 1345 1346 geni·

335 1365 393 1436 tuS,
415 1358 479 1435 ipse
502 1357 593 1417 suerit
614 1357 842 1436 primogenitus3
864 1357 954 1416 immo
977 1375 1061 1436 vero,
1084 1359 1223 1436 qnoniam
1247 1355 1344 1416 credi·

284 1455 317 1504 10
336 1443 393 1504 bile
422 1463 481 1504 non
509 1453 555 1505 est
582 1452 682 1523 patres
709 1443 775 1504 ilios
798 1451 892 1504 aetate
916 1455 976 1505 tam
998 1444 1086 1525 longa
1108 1453 1159 1505 aut
1181 1443 1345 1523 inpuberes

335 1533 427 1593 inisse
446 1540 497 1593 ant
515 1531 690 1611 coniugibus
709 1534 839 1594 caruisse
860 1531 907 1593 vel
929 1531 1047 1613 fetibus,
1069 1552 1126 1595 nec
1148 1532 1214 1593 illos
1237 1550 1345 1592 eorum

335 1620 410 1680 iiiios
432 1622 544 1699 primos
568 1623 611 1681 eis
634 1617 727 1681 natos
746 1622 837 1681 fuisse
861 1621 1001 1681 credibile
1024 1630 1078 1683 est,
1123 1620 1182 1682 Sed
1206 1639 1281 1683 cnm·
1297 1639 1344 1681 sa·

335 1727 402 1770 crae
417 1711 544 1788 scriptor
562 1709 701 1769 historiae
716 1708 752 1768 ad
775 1718 874 1770 ortum
896 1710 1044 1787 vitamque
1062 1709 1135 1790 Noe,
1157 1711 1244 1770 cuius
1268 1716 1343 1770 tem·

335 1813 406 1877 pore
430 1797 571 1858 diluvium
594 1799 704 1857 iactum
728 1804 787 1877 est,
810 1815 865 1876 per
887 1800 1094 1859 successiones
1116 1800 1344 1878 generationum

284 1897 316 1947 15
336 1888 443 1947 notatis
466 1884 649 1965 temporibus
677 1885 845 1946 intenderet
867 1888 1036 1967 pervenire,
1064 1904 1113 1947 eas
1136 1889 1239 1965 utique
1262 1904 1343 1946 com-

335 1976 522 2055 memoravit,
552 1992 609 2034 non
633 1992 707 2053 qnae
730 1975 843 2052 primae
866 1975 928 2034 suis
950 1974 1123 2053 parentibus
1146 1977 1266 2055 suerint,
1289 1974 1343 2035 sed

335 2080 410 2140 quac
433 2064 464 2122 in
486 2064 703 2140 propagationis
727 2061 861 2122 ordinem
884 2063 1027 2124 venerint.

423 2149 556 2229 Exempli
583 2152 688 2231 gratia,
718 2168 776 2229 quo
806 2149 837 2210 id
859 2150 910 2210 iiat
938 2153 1084 2231 apertius,
1112 2151 1221 2230 aliquid
1250 2153 1344 2212 inter-

335 2257 457 2319 ponam,
489 2238 567 2299 unde
600 2237 698 2298 nuilus
735 2237 863 2316 ambigat
896 2240 961 2299 deri
989 2241 1122 2318 potuisse
1154 2239 1232 2318 quod
1265 2239 1343 2301 dieo.

283 2339 316 2388 20
335 2325 519 2406 Evangelista
542 2325 706 2386 Matthaeus
729 2329 950 2404 generationem
979 2327 1142 2387 dominicae
1166 2329 1264 2387 carnis
1286 2346 1343 2406 per

335 2417 443 2475 seriem
470 2422 626 2494 parentum
653 2413 754 2475 volens
783 2414 988 2475 commendare
1019 2417 1191 2495 memoriae,
1221 2416 1343 2476 ordiens

335 2522 351 2563 a
377 2511 460 2581 patre
483 2501 629 2562 Abrabam
656 2513 743 2581 atque
772 2503 808 2562 ad
832 2502 921 2563 iiavid
950 2505 1086 2582 primitus
1116 2512 1149 2564 nt
1171 2506 1344 2584 perveniret

334 2590 506 2651 intendens:
528 2592 698 2671 Abrabam,
720 2592 826 2672 inquit,
846 2595 954 2666 pendit
975 2593 1085 2663 [saac;
1108 2610 1162 2652 cur
1185 2609 1244 2653 non
1268 2591 1344 2655 dixit

334 2678 452 2758 lsmael,
481 2696 570 2757 quem
592 2681 729 2758 primitus
752 2676 876 2758 genuit?
907 2681 1001 2741 Isaac
1024 2687 1138 2761 autem,
1161 2682 1267 2761 inquit,
1288 2698 1342 2755 pe·

283 2781 315 2828 25
335 2770 402 2827 nait
428 2768 539 2837 Iacob;
571 2784 625 2826 cur
652 2785 711 2827 non
739 2768 812 2828 dixit
839 2767 931 2847 Esau,
959 2769 1011 2847 qui
1038 2770 1103 2828 eius
1125 2770 1342 2847 primogenitus

335 2852 412 2915 snit?
442 2853 517 2925 Quia
539 2854 653 2916 scilieet
675 2873 729 2934 per
751 2855 817 2915 ilios
840 2856 876 2916 ad
899 2855 990 2916 David
1011 2859 1167 2935 pervenire
1190 2874 1250 2916 nou
1272 2875 1342 2936 pos·

335 2951 390 3004 set.
425 2942 537 3003 Deinde
551 2945 699 3021 sequitur:
723 2945 816 3005 Iacob
840 2951 940 3005 autem
959 2948 1068 3020 genuit
1090 2945 1199 3005 Iudam
1222 2951 1253 3005 et
1271 2944 1341 3020 sra-

332 3038 397 3092 tres
420 3034 502 3102 eias;
528 3031 670 3110 numquid
694 3030 780 3092 iudas
807 3033 1021 3111 primogenitus
1049 3029 1127 3093 init?
1163 3034 1272 3107 Iudas,
1296 3035 1341 3093 in·

335 3121 414 3199 quit,
439 3123 546 3194 pendit
573 3121 690 3181 Pheres
717 3127 747 3181 et
774 3121 887 3191 Zarat;
919 3138 974 3180 nec
1001 3123 1127 3182 istorum
1154 3123 1341 3200 geminorum

282 3221 316 3270 30
335 3207 441 3286 aliquis
469 3208 524 3268 suit
551 3209 764 3286 primogenitus
792 3207 894 3290 ltrdae,
924 3208 977 3269 sed
1004 3216 1071 3269 ante
1099 3208 1165 3269 ilios
1192 3211 1249 3269 iam
1277 3217 1341 3270 tres

334 3303 485 3374 genuerat.
529 3295 589 3355 Eos
612 3298 710 3374 itaque
733 3298 830 3356 tenuit
851 3298 882 3357 in
904 3297 1008 3357 ordine
1031 3299 1263 3379 generationum,
1285 3316 1342 3376 per

335 3402 410 3463 quos
447 3382 483 3443 ad
515 3382 605 3444 David
644 3391 732 3463 atque
763 3383 832 3444 inde
865 3403 924 3464 quo
958 3384 1125 3446 intenderat
1162 3387 1341 3467 perveniret.

405 3507 431 3568 6)
451 3503 518 3558 Gen.
538 3510 563 3570 b,
578 3511 664 3573 dsqq.
721 3510 764 3576 29)
783 3506 833 3562 Me.
855 3513 879 3575 1,
893 3514 960 3578 isq.

405 3633 421 3682 ὅ
438 3645 524 3710 nung.
541 3629 616 3684 VRe
630 3631 639 3698 ΙΙ
654 3633 686 3680 17
706 3628 803 3684 ordine
818 3630 860 3697 F;
878 3632 913 3698 cf.
928 3631 973 3686 tu.
988 3634 1007 3686 5
1024 3648 1045 3686 c.
1061 3636 1079 3687 9
1093 3633 1171 3699 ned,
1189 3635 1207 3687 i.
1221 3637 1258 3688 12
1270 3651 1291 3688 c.
1304 3639 1341 3691 21

333 3733 400 3788 meu.
420 3734 430 3803 ιι
451 3739 484 3788 1s
503 3733 578 3802 quoa
600 3733 631 3787 aa
648 3751 674 3801 03
697 3712 766 3802 quia
787 3735 825 3802 εὴ
847 3735 878 3788 aa
897 3753 947 3791 on.
963 3737 1015 3806 up
1034 3739 1044 3807 p
1065 3742 1098 3791 ao
1117 3741 1195 3793 zarae
1215 3741 1341 3811 ream

334 3804 432 3858 zareth
450 3805 508 3872 Fe3
527 3804 612 3857 zared
630 3805 658 3873 ὸς
679 3821 771 3859 zerem
789 3822 829 3860 aa
846 3807 856 3874 ΙΙ
875 3811 908 3859 32
927 3808 993 3878 quo]
1013 3808 1089 3876 quod
1108 3811 1138 3863 V

384 4083 519 4150 A
