3284 4459
344 458 412 521 424
568 532 573 541 Ο
750 468 950 512 ε..ι.υ6υετῐηι

345 614 376 669 et
402 607 531 667 comedit
557 622 624 675 cos,·
654 612 686 666 et
714 606 864 677 diadolus,
892 608 946 679 qut
966 606 1133 666 seducebat
1154 623 1217 679 eos,
1244 610 1353 667 missus

345 701 390 756 est
408 698 440 754 iu
457 701 598 767 stupeum
616 695 697 768 ipsuis
714 699 744 753 ct
759 694 923 768 rupturis,
946 694 1000 753 ubi
1017 701 1045 753 et
1064 693 1159 753 bestia
1178 701 1208 755 ct
1223 698 1352 771 pseudo·

341 784 511 859 propitum
549 788 579 843 ct
609 782 833 842 cruciabuntur
868 783 918 841 dic
957 788 987 841 et
1023 790 1112 843 nocte
1150 786 1183 844 itt
1227 788 1354 845 soeculo

343 874 543 931 sacculorum.
590 868 648 930 Sed
675 869 731 929 hoc
758 871 817 928 iam
848 868 882 928 od
906 869 1048 929 indicium
1072 871 1262 931 novissimum
1285 888 1352 950 per·

310 961 435 1039 stinet,
464 958 542 1037 quod
570 976 650 1018 nunc
677 965 834 1036 propterea
858 958 1147 1019 commemorandum
1169 962 1285 1038 putori,
1315 978 1352 1020 ne

344 1049 412 1125 quis
436 1048 584 1107 existimet
611 1065 647 1106 eo
674 1049 739 1124 ipso
762 1063 852 1124 parvo
876 1054 1023 1125 tempore,
1051 1064 1109 1124 quo
1138 1047 1269 1108 solvetur
1293 1047 1351 1107 dio·

345 1135 444 1216 bolus,
471 1138 503 1195 in
525 1135 581 1195 hac
608 1142 688 1195 terro
711 1133 866 1194 eeclesiam
889 1152 948 1193 non
973 1135 1115 1215 futuram,
1142 1134 1192 1195 iilo
1216 1135 1265 1196 hic
1288 1154 1351 1196 eam

344 1223 390 1284 vei
421 1243 481 1285 non
508 1225 690 1302 inveniente,
722 1240 790 1281 cnm
819 1221 911 1282 iuerit
937 1220 1064 1303 solutus,
1097 1223 1142 1283 vel
1169 1222 1352 1304 absumente,

344 1331 413 1373 cum
441 1313 532 1373 inerit
558 1311 653 1371 modis
681 1309 818 1370 omnibus
845 1319 1029 1389 persecutus.
1075 1310 1140 1371 Non
1168 1314 1268 1389 itaque
1298 1330 1352 1391 per

294 1415 326 1462 ιο
343 1410 440 1461 totum
463 1400 519 1460 hoc
543 1408 675 1479 tempus,
699 1399 776 1477 quod
800 1397 876 1458 liber
897 1400 954 1459 iste
978 1400 1193 1479 complectitur,
1216 1418 1232 1460 a
1255 1403 1351 1479 primo

344 1489 458 1549 scilicet
485 1488 611 1548 adventu
634 1486 745 1548 Christi
775 1488 923 1565 usquein
947 1488 1056 1547 soeculi
1080 1488 1183 1568 tinem,
1212 1491 1265 1567 qui
1295 1491 1352 1549 erit

343 1577 493 1638 secundus
512 1579 577 1636 eius
595 1575 747 1656 adventus,
769 1577 809 1635 ito
828 1573 962 1635 diabolus
978 1575 1124 1655 alligatur,
1142 1585 1177 1636 ut
1195 1579 1259 1637 eius
1279 1576 1351 1638 hoec

342 1668 405 1744 ipso
425 1667 464 1725 sit
481 1664 618 1745 alligatio,
639 1682 694 1743 per
712 1663 769 1724 hoc
787 1662 982 1744 intervallum,
1005 1664 1083 1742 quod
1104 1664 1181 1725 miiie
1205 1683 1351 1726 annorum

343 1772 468 1814 numero
491 1752 625 1832 appellat,
648 1770 707 1811 non
731 1751 874 1812 seducere
897 1752 1067 1832 ecclesiam,
1091 1752 1207 1831 quando
1231 1754 1351 1832 quidem

292 1841 422 1904 millam
450 1860 506 1901 nec
534 1840 648 1902 solutus
678 1842 780 1918 utique
809 1840 989 1901 seducturus
1016 1850 1070 1901 est.
1110 1840 1189 1909 ,Nom
1215 1843 1350 1921 proiecto

344 1932 372 1989 ei
399 1932 426 1990 si
454 1929 566 2009 alligari
593 1936 639 1990 cst
666 1947 725 1988 non
755 1947 842 2007 posse
871 1928 1013 1989 seducere
1038 1930 1098 1989 sive
1122 1948 1181 1989 non
1205 1933 1351 2009 permitti:

344 2017 414 2096 quid
438 2020 495 2079 erit
518 2017 591 2078 solvi
618 2018 675 2077 nisi
702 2035 789 2095 posse
812 2016 956 2077 seducere
981 2019 1041 2077 sive
1064 2015 1218 2096 permitti?
1264 2018 1350 2089 Quod

344 2106 420 2167 absit
437 2115 472 2167 ut
489 2108 552 2187 dat,
575 2105 627 2167 sed
645 2105 772 2184 alligatio
790 2104 898 2164 dioboli
917 2114 1040 2165 estnon
1059 2108 1192 2184 permitti
1211 2125 1350 2168 exserere
1453 2116 1455 2129 ⁴

343 2204 433 2256 totam
470 2196 710 2274 temptationem,
746 2211 833 2272 quom
865 2201 963 2272 potest
1001 2193 1046 2253 vel
1079 2196 1105 2253 vi
1137 2194 1182 2255 rel
1214 2195 1281 2255 dolo
1314 2195 1350 2255 ad

291 2298 325 2347 20
344 2284 529 2345 seducendos
560 2282 694 2343 homines
726 2284 757 2342 io
784 2290 898 2361 partem
929 2299 1011 2341 snam
1045 2282 1175 2361 cogendo
1206 2282 1351 2344 violenter

343 2372 582 2434 fraudulenterve
615 2369 749 2430 fallendo.
805 2368 889 2440 Quod
923 2372 946 2430 si
975 2372 1199 2449 permitteretur
1228 2374 1258 2432 in
1290 2380 1350 2431 tam

343 2460 430 2540 longo
459 2467 592 2540 tempore
623 2467 653 2519 et
682 2466 762 2519 tanta
797 2459 966 2518 infirmitate
998 2458 1172 2539 multorum,
1205 2457 1352 2538 plurimos

343 2548 431 2629 tales,
461 2548 563 2627 quoles
591 2546 670 2607 Deus
700 2546 729 2606 id
758 2548 873 2626 perpeti
901 2564 961 2606 non
992 2546 1068 2627 vult,
1099 2556 1128 2607 et
1155 2547 1257 2607 fideles
1287 2547 1349 2608 dei·

344 2646 426 2696 ceret
455 2646 485 2697 et
512 2654 549 2697 ne
577 2636 734 2696 crederent
762 2634 931 2715 impediret,
959 2635 1037 2714 quod
1066 2654 1103 2695 ne
1136 2636 1260 2715 iaceret,
1287 2636 1350 2697 alii-

290 2737 324 2787 to
342 2733 428 2801 gatus
450 2732 503 2784 est„

431 2811 515 2872 Ttrnc
542 2820 640 2872 eutem
668 2812 811 2891 solvetur,
840 2812 957 2890 quondo
986 2820 1015 2872 et
1039 2811 1126 2872 breve
1151 2820 1268 2891 tempus
1291 2816 1351 2875 erit

343 2894 426 2981 (num
449 2899 546 2960 tribus
569 2902 653 2959 annis
671 2907 701 2960 ct
719 2918 771 2960 sex
794 2899 946 2960 mensibus
969 2899 1077 2978 legitur
1100 2902 1171 2961 totis
1194 2902 1255 2961 suis
1279 2920 1349 2962 suo-

342 3006 468 3067 rumque
487 2987 599 3048 viribus
626 2982 807 3068 saeviturus)
831 2997 861 3047 et
880 2988 953 3048 tales
977 2996 1074 3069 erunt,
1097 3006 1165 3049 cnm
1188 2988 1296 3067 quihus
1320 2992 1349 3050 ei

342 3075 575 3155 belligerandum
603 3085 660 3156 est,
687 3084 722 3135 ut
743 3078 819 3136 vinci
844 3078 1014 3136 tantocius
1038 3078 1149 3155 impetn
1173 3077 1348 3157 insidiisque

290 3178 401 3227 eonon
420 3166 542 3243 possint.
589 3163 621 3224 Si
639 3172 735 3223 autem
759 3182 919 3241 numquam
944 3163 1117 3245 solveretur,
1140 3168 1237 3225 minus
1261 3184 1348 3245 appa·

407 3278 434 3345 4)
452 3279 539 3343 Apoc.
558 3279 632 3340 20,8
651 3278 740 3342 (9)sq.

409 3440 424 3486 2
444 3432 582 3502 scalpuris
601 3432 641 3487 R¹
659 3434 668 3500 ΙΙ
685 3430 948 3501 pseudoprophetae
967 3430 1068 3486 uene
1086 3433 1095 3501 ΙΙ
1114 3437 1129 3485 3
1149 3434 1178 3486 ei
1196 3440 1259 3487 aute
1277 3450 1350 3487 cruc.

338 3520 388 3560 oot.
401 3504 491 3586 qnep
505 3504 551 3571 (cs.
562 3506 664 3571 439,4)
679 3505 688 3571 ΙΙ
702 3518 735 3584 uc
748 3504 831 3585 nocte
846 3519 884 3556 ae
895 3504 910 3623 ip
922 3507 953 3556 11
970 3502 1164 3573 quitto-rep
1180 3520 1235 3572 quo
1249 3505 1352 3574 obpofl
1454 3528 1455 3550 t

339 3581 373 3629 16
392 3591 419 3628 er
437 3591 461 3627 si
480 3574 635 3643 RGbepp3
660 3576 780 3639 eis1c3
802 3590 894 3643 e1pro

908 3574 969 3626 ecio
989 3573 1015 3626 oi
1034 3574 1074 3639 A3
1098 3573 1122 3626 si
1141 3574 1167 3627 ei
1185 3590 1202 3628 o
1221 3576 1231 3643 ΙΙ
1253 3579 1285 3627 18
1305 3591 1351 3629 ex·
1454 3596 1455 3607 ἢ

340 3660 430 3699 serere
449 3644 477 3699 R
496 3644 557 3710 (tib.
573 3648 591 3696 5
609 3659 630 3697 c.
644 3646 707 3710 24);
731 3642 862 3697 exherere
881 3645 921 3709 A;
941 3659 1051 3697 exerere
1070 3642 1171 3699 G‘nbc
1198 3666 1205 3710 ;
1224 3660 1352 3700 exercerc
1454 3682 1455 3707 2

342 3716 473 3784 G¹apon
487 3716 496 3781 ΙΙ
510 3719 544 3765 26
562 3713 700 3784 culparem
716 3714 856 3767 verborum
870 3715 1069 3769 distinctionem
1083 3715 1144 3769 erit.
1187 3731 1233 3770 um
1246 3717 1352 3771 mutavi
1454 3718 1455 3725 ’
