3284 4459
349 473 415 538 542
751 485 952 528 annonarum

350 625 402 702 qui
424 621 538 683 nullum
561 639 665 682 eorum
683 620 811 703 damnet,
834 620 885 681 sed
910 640 1002 681 unum
1025 621 1107 700 ditet,
1130 620 1257 682 alterum
1279 620 1362 682 dam·

350 712 459 790 nidoet,
482 709 584 770 ambos
606 709 721 788 probet

439 798 472 859 Si
494 806 593 859 autem
614 801 714 876 ignem
736 797 820 859 illum
842 797 907 858 loco
929 799 987 857 isto
1010 797 1191 858 voluerimus
1214 800 1362 880 accipere,

351 887 387 948 de
406 905 466 965 quo
483 886 627 947 Dominus
644 885 724 946 dicet
742 887 884 947 sinistris:
906 887 1062 947 Discedite
1080 903 1100 946 c
1118 903 1172 965 me,
1194 889 1360 963 maledieti,

317 979 383 1036 ain
406 979 506 1051 ipaem
528 982 702 1045 aeternam
728 982 763 1033 ut
788 976 821 1034 in
848 975 892 1034 eis
915 975 1004 1033 etiam
1026 975 1076 1034 isti
1099 991 1166 1033 esse
1189 973 1361 1054 credantur,

352 1066 403 1142 qui
426 1062 582 1124 aedificant
603 1080 695 1141 super
717 1061 941 1123 tundamentum
963 1060 1056 1143 ligna,
1078 1061 1188 1142 lenum,
1211 1061 1361 1143 stipulam,

351 1170 462 1231 eosque
485 1150 590 1212 exilio
608 1152 676 1228 igne
699 1158 766 1229 post
788 1159 906 1228 tempus
929 1167 984 1228 pro
1008 1149 1090 1210 malis
1113 1152 1229 1211 meritis
1250 1153 1359 1229 imper·

350 1243 438 1302 titum
456 1238 563 1301 liberet
580 1237 651 1298 boni
673 1240 812 1298 meritum
836 1238 1032 1298 fundamenti:
1055 1236 1125 1316 quid
1148 1237 1361 1300 arbitrabimur

351 1328 473 1389 dextros
505 1326 614 1406 quibus
650 1326 779 1388 dicetur:
823 1326 941 1400 Venite,
978 1328 1132 1388 benedicti
1158 1330 1260 1403 patris
1291 1331 1360 1402 mei,

301 1429 333 1476 10
347 1419 499 1494 possidete
517 1423 664 1493 paratum
686 1416 769 1476 coba's
790 1432 928 1495 renuam,
951 1416 1010 1473 nisi
1031 1432 1091 1494 eos,
1114 1417 1166 1493 qui
1188 1414 1359 1475 aedificave-

350 1513 422 1566 runt
449 1522 540 1584 super
567 1504 791 1563 fundamentum
814 1520 934 1583 aurum,
961 1511 1129 1583 argentum,
1156 1502 1269 1581 lapides
1290 1521 1359 1583 pre-

351 1589 466 1654 tiosos?
511 1591 569 1652 Sed
601 1594 632 1651 in
663 1591 748 1651 illum
779 1594 891 1670 ignem,
924 1589 960 1651 de
987 1609 1046 1669 quo
1074 1590 1186 1651 dictum
1214 1600 1274 1652 est:
1305 1592 1360 1654 Sic

350 1689 452 1743 tamea
477 1683 569 1755 quasi
589 1698 649 1756 per
676 1683 791 1754 ipnem,
818 1682 846 1740 si
872 1679 928 1739 hoc
956 1678 1042 1738 modo
1065 1687 1111 1739 est
1133 1678 1360 1762 intellegendus,

350 1772 471 1847 utrique
498 1766 634 1828 mittendi
662 1777 745 1846 sunt,
772 1777 803 1828 et
825 1766 923 1828 dextri
945 1766 1058 1828 scilicet
1080 1776 1111 1827 et
1138 1769 1260 1828 sinistri.
1305 1768 1359 1829 illo

300 1868 332 1916 to
352 1859 460 1936 quippe
487 1858 556 1935 igne
582 1858 703 1933 utrique
730 1855 875 1936 probandi
902 1864 987 1936 sunt,
1016 1854 1053 1915 de
1082 1872 1140 1933 quo
1163 1855 1360 1919 dictumest:

351 1947 425 2005 Dies
453 1948 533 2005 enim
559 1946 748 2018 declarabit,
774 1947 917 2019 quoniam
944 1947 976 2004 ia
1003 1946 1075 2017 ipae
1096 1945 1297 2018 revelabitur,
1330 1955 1361 2007 et

350 2036 589 2108 uniuscuiusque
620 2050 695 2108 opas
723 2036 814 2107 quale
840 2035 892 2105 sit,
924 2035 1004 2107 ionis
1027 2033 1179 2107 probabit.
1225 2032 1258 2093 Si
1286 2052 1358 2113 ergo

350 2130 512 2200 utrumque
539 2119 676 2199 probabit
703 2123 794 2201 ignis,
823 2129 870 2200 ut,
898 2122 922 2179 si
946 2122 1032 2179 ouius
1055 2138 1130 2199 opus
1152 2125 1359 2201 permanserit,

350 2209 381 2270 id
405 2218 532 2269 estnon
556 2209 647 2270 tuerit
668 2211 736 2287 igne
764 2216 981 2288 consumptum,
1004 2208 1082 2286 quod
1106 2210 1361 2287 superaedificavit

299 2308 333 2358 ‘ao
351 2296 521 2359 mercedem
543 2299 679 2378 accipiat3
703 2299 729 2357 si
750 2299 837 2358 cuiuis
860 2305 958 2356 autem
982 2314 1057 2376 opus
1080 2298 1196 2378 arserit,
1218 2297 1358 2359 damnum

351 2388 493 2467 patiatur:
524 2387 659 2465 proiecto
691 2403 751 2445 non
779 2394 827 2445 est
855 2387 918 2463 ipse
949 2393 1088 2445 aeternus
1117 2384 1166 2445 ille
1193 2388 1279 2464 ignis.
1324 2386 1358 2448 ln

351 2474 435 2536 illum
457 2476 537 2535 enirn
559 2473 615 2534 soli
637 2475 751 2533 sinistri
772 2475 931 2532 novissima
954 2480 984 2533 et
1005 2481 1150 2553 perpetua
1172 2472 1358 2535 damnatione

351 2565 521 2643 mittentur,
548 2564 605 2622 iste
632 2570 731 2623 autem
759 2560 880 2621 dextros
906 2559 1021 2640 probat.
1067 2559 1126 2621 Sed
1153 2561 1226 2621 alios
1253 2580 1358 2623 eorum

352 2652 395 2711 sic
413 2649 528 2730 probat,
549 2659 585 2711 ut
602 2649 777 2730 aediticium,
799 2649 878 2727 quod
903 2666 994 2728 super
1012 2647 1162 2709 Christum
1185 2649 1358 2711 fundamen·

300 2749 333 2795 25
352 2747 417 2798 tum
438 2737 476 2798 ab
499 2739 543 2797 eis
564 2739 712 2797 invenerit
733 2754 800 2798 esse
821 2744 1037 2817 constructum,
1059 2754 1118 2796 non
1142 2746 1247 2797 exurat
1269 2748 1358 2818 atque

352 2834 520 2906 consumat3
547 2824 619 2884 alios
642 2834 741 2885 autem
763 2824 862 2906 aliter,
890 2823 920 2885 id
944 2833 1003 2905 est,
1030 2832 1064 2885 ut
1087 2825 1166 2903 quod
1189 2826 1358 2904 superaedi-

352 2915 515 2973 ficaverunt
541 2911 643 2973 ardeat
671 2913 870 2992 damnumque
897 2912 965 2973 inde
992 2915 1157 2994 patiantur,
1186 2914 1258 2973 salvi
1287 2915 1360 2977 fiant

352 3009 465 3082 autem,
492 3002 630 3079 quoniam
661 2999 811 3062 Christum
838 3004 868 3061 in
897 3001 1089 3062 fundamento
1113 3001 1258 3062 stabiliter
1280 3006 1359 3082 posi·

352 3098 416 3151 tum
438 3088 631 3169 praecellenti
648 3091 768 3150 caritate
793 3098 963 3151 tenuerunt.
1009 3088 1041 3150 Si
1063 3097 1162 3151 autem
1185 3089 1256 3151 salvi
1278 3092 1360 3171 fient,

299 3189 333 3237 so
351 3179 487 3258 proiecto
514 3187 546 3238 et
573 3175 610 3236 ad
633 3177 784 3237 dexteram
807 3177 927 3238 stabunt
950 3187 1070 3239 etcum
1093 3179 1202 3239 ceteris
1225 3179 1359 3242 audient:

359 3266 471 3345 Venite,
494 3267 646 3328 benedicti
658 3269 759 3341 patris
781 3269 848 3339 mei,
867 3269 1019 3343 possidete
1037 3273 1183 3342 paratam
1206 3270 1289 3330 vobis
1310 3287 1358 3331 re·

350 3372 460 3431 paam,
489 3372 549 3414 non
576 3352 611 3414 ad
640 3355 805 3435 sinistram,
837 3353 888 3413 ubi
916 3353 958 3414 illi
985 3362 1087 3432 erunt,
1119 3357 1170 3432 qui
1198 3355 1269 3416 salvi
1299 3374 1359 3417 non

353 3451 442 3503 erunt
460 3450 491 3503 et
508 3441 575 3502 ideo
593 3440 727 3502 audient:
750 3442 904 3502 discedite
918 3460 938 3503 a
952 3459 1006 3517 me,
1028 3445 1190 3517 maledicti,
1209 3446 1241 3505 in
1259 3447 1360 3518 ianam

353 3539 520 3593 acimum.
564 3527 658 3589 Nemo
680 3531 790 3608 quippe
813 3529 849 3589 ab
872 3529 922 3590 illo
945 3531 1013 3608 igne
1037 3528 1208 3611 salvabitur,
1237 3534 1306 3610 quia
1329 3535 1359 3591 in

300 3629 333 3678 35
354 3616 531 3697 supplicium
558 3624 712 3676 aeternum
734 3614 821 3677 ibunt
842 3616 885 3675 illi
907 3634 1023 3697 omnes,
1051 3615 1102 3677 ubi
1124 3620 1233 3678 vermis
1256 3636 1360 3680 eorum

420 3728 846 3801 mmmm.mmm
903 3730 1173 3800 mamam

420 3834 1363 3922 antecedetaeaanacaeppmbpsoonimaaafunaa-

351 3943 475 3995 mentum
493 3936 547 4003 E'3
566 3938 613 3990 sed
630 3938 665 4000 cf.
681 3941 743 4001 541,
757 3941 792 4002 8;
810 3941 872 4004 543,
885 3941 938 4004 27;
957 3944 993 3993 30
