3284 4459
586 510 1037 554 onomraunnmuxmoc
1250 495 1313 561 357

310 643 441 724 quando,
469 642 533 726 ubi,
561 662 619 723 quo
648 645 734 706 modo
758 654 817 707 tam
840 646 917 708 bene
940 665 972 708 se
995 646 1105 707 habere
1127 648 1159 707 iu
1180 645 1236 706 hac
1258 647 1316 706 rita

309 740 449 812 possunt,
481 740 515 793 ut
547 751 606 793 non
639 732 694 794 soh
725 736 849 795 incertis
881 734 999 796 casibus
1027 731 1198 796 fluctuent?
1244 733 1317 805 Quis

311 821 390 880 enim
409 819 492 880 dolor
511 823 677 882 contrarius
701 822 851 904 voluptati,
874 842 949 902 quae
972 823 1146 902 inquietudo
1169 823 1317 883 contraria

310 909 404 988 quieti
422 910 453 968 in
472 927 581 988 corpus
599 911 705 971 cadere
724 913 865 991 sapientis
883 930 943 973 oon
966 908 1085 991 potest?
1116 910 1318 971 Membrorum

311 1005 393 1058 certe
417 999 577 1076 amputatio
605 999 651 1059 vel
678 997 812 1059 debilitas
842 999 970 1061 hominis
993 1007 1142 1079 expugnat
1163 998 1352 1060 incolumi-o

314 1092 418 1168 tatem,
449 1085 620 1146 deformitas
652 1087 920 1169 pulchritudinem,
951 1088 1126 1149 inbecillitas
1154 1090 1318 1166 sanitatem,

312 1176 391 1234 vires
419 1173 574 1255 lassitudo,
603 1174 795 1236 mobilitatem
821 1184 926 1256 torpor
951 1184 1003 1237 aut
1030 1176 1168 1256 tarditas3
1195 1175 1318 1254 etquid

311 1263 419 1323 borum
447 1271 507 1344 est,
539 1263 619 1341 quod
646 1273 774 1342 nequeat
801 1266 833 1325 in
861 1283 980 1325 carnem
1008 1267 1149 1344 sapientis
1176 1258 1319 1325 inruere?

314 1349 415 1411 Status
445 1369 562 1431 quoque
593 1355 726 1432 eorporis
756 1360 846 1432 atque
879 1363 992 1434 motus,
1023 1371 1091 1414 cum
1121 1351 1260 1413 decentes
1289 1357 1321 1411 et

313 1447 512 1518 congruentes
542 1447 627 1521 sunt,
656 1443 735 1502 inter
762 1449 885 1501 naturae
915 1444 1009 1520 prima
1031 1448 1240 1519 numerantur3
1267 1439 1319 1498 sed
1339 1451 1373 1500 lo

313 1526 386 1607 quid
409 1529 435 1588 si
462 1527 559 1606 aliqua
588 1529 662 1589 mala
685 1529 820 1589 valetudo
844 1529 976 1590 membra
998 1539 1127 1591 tremore
1150 1523 1321 1589 concutiat?

314 1614 385 1694 quid
414 1617 440 1676 si
467 1633 562 1695 usque
590 1617 625 1676 ad
653 1618 804 1696 ponendas
832 1619 864 1678 in
891 1626 971 1679 terra
998 1635 1103 1679 manus
1129 1617 1211 1678 dorsi
1237 1619 1321 1694 spina

314 1711 456 1765 curvetur
478 1711 509 1764 et
532 1703 681 1764 hominem
708 1704 835 1785 quodam
859 1706 945 1765 modo
969 1706 1190 1785 quadrupedem
1213 1700 1322 1765 iaciat?

314 1791 419 1852 Nonne
442 1810 561 1852 omnem
581 1793 729 1853 statuendi
751 1796 885 1873 corporis
909 1801 939 1854 et
960 1793 1097 1855 morendi
1119 1795 1249 1874 speciem
1272 1792 1321 1853 de-

316 1898 429 1958 cosque
465 1877 636 1959 pervertet?
681 1880 758 1952 Quid
794 1883 889 1961 ipsius
920 1885 1010 1943 animi
1040 1884 1215 1962 primigenia
1246 1898 1321 1959 quae
1341 1891 1374 1941 16

315 1967 500 2048 appellantur
522 1967 612 2049 bona,
642 1967 694 2030 ubi
716 1969 775 2030 doo
799 1971 893 2049 prima
916 1979 1031 2050 ponunt
1052 1979 1175 2051 propter
1198 1987 1322 2048 oonpre-

315 2057 489 2118 hensionem
526 2059 807 2136 perceptionemque
845 2060 975 2120 veritatis
1016 2076 1136 2120 sensum
1172 2064 1203 2119 et
1237 2056 1323 2119 intel·

315 2139 447 2207 lectum?
493 2143 552 2206 Sed
578 2144 672 2223 qualis
700 2154 887 2225 quantusque
915 2155 1048 2207 remanet
1075 2164 1194 2227 sensus,
1221 2147 1259 2225 si,
1290 2152 1324 2206 ut

316 2235 371 2296 alia
395 2242 521 2313 taceam,
551 2233 601 2295 liat
624 2233 711 2294 homo
735 2233 844 2295 surdus
867 2243 898 2295 et
919 2231 1047 2296 caecus?
1091 2234 1176 2295 ilatio
1199 2252 1269 2294 vero
1293 2241 1324 2294 et

315 2321 515 2402 intellegentia
543 2340 602 2401 quo
630 2321 767 2401 recedet,
797 2322 848 2384 ubi
876 2326 1022 2403 sopietur,
1050 2325 1076 2384 si
1098 2322 1196 2402 aliquo
1219 2320 1323 2382 morbo
1342 2335 1376 2385 20

316 2413 462 2474 efficiatur
484 2405 627 2472 insanus?
675 2409 846 2472 Phrenetici
868 2412 959 2473 multa
982 2410 1108 2471 absurda
1131 2428 1198 2472 oum
1222 2408 1325 2470 dicunt

317 2501 364 2561 vel
388 2500 512 2579 iaciunt,
540 2498 715 2579 plerumque
739 2517 756 2560 a
778 2498 856 2560 bono
880 2518 933 2562 suo
962 2502 1115 2579 proposito
1138 2506 1169 2560 et
1190 2497 1324 2559 moribus

317 2588 425 2668 aliena,
452 2591 542 2649 immo
575 2605 629 2648 suo
660 2585 738 2648 bono
768 2591 920 2667 proposito
947 2587 1138 2667 moribusque
1168 2589 1324 2661 contraria,

317 2681 378 2738 sive
401 2677 450 2737 illa
472 2678 637 2755 cogitemus
660 2678 720 2736 sive
744 2675 908 2757 videamus,
934 2679 960 2737 si
982 2675 1070 2756 digne
1094 2674 1325 2757 consideremus,

318 2765 453 2826 lacrimas
489 2773 593 2826 tenere
619 2766 667 2825 rix
694 2783 853 2844 possumus
884 2773 935 2825 aut
970 2765 1047 2825 lorte
1074 2782 1130 2825 nec
1157 2781 1324 2843 possumus.
1343 2774 1377 2825 at

319 2852 397 2925 Quid
426 2852 521 2913 dicam
550 2852 587 2914 de
617 2851 677 2933 his,
704 2854 756 2932 qui
783 2853 960 2913 daemonum
986 2855 1140 2931 patiuntur
1163 2848 1327 2913 incursus?

317 2941 376 3003 Ubi
398 2940 507 3002 habent
529 2940 731 3003 absconditam
753 2940 799 3002 rel
822 2940 958 3003 obrutam
981 2940 1210 3019 intellegentiam
1233 2959 1326 3020 soom,

320 3029 437 3110 quando
468 3030 632 3091 secondum
662 3047 745 3091 stram
775 3028 954 3091 voluntatem
982 3037 1013 3091 et
1039 3031 1135 3089 anima
1165 3041 1269 3089 eorum
1297 3036 1327 3088 et

320 3136 446 3198 corpore
474 3118 619 3197 malignus
647 3120 741 3179 utitur
773 3114 918 3197 spiritus?
961 3115 1000 3179 Et
1026 3118 1093 3195 quis
1121 3117 1242 3177 confidit
1270 3116 1326 3176 hoc

320 3207 429 3268 malum
456 3208 487 3268 in
514 3206 568 3268 hac
596 3208 654 3268 vita
682 3207 800 3266 evenire
830 3224 889 3266 non
912 3224 999 3286 posse
1022 3199 1170 3285 sapienti?
1214 3204 1326 3264 Deinde
1344 3215 1379 3266 80

319 3298 472 3377 perceptio
500 3297 631 3355 veritatis
661 3296 692 3354 in
722 3293 776 3354 hac
806 3312 895 3355 earne
925 3294 1020 3372 qualis
1052 3301 1104 3354 aut
1136 3299 1244 3371 quanta
1272 3301 1327 3373 est,

321 3385 452 3466 quando,
482 3385 560 3444 sicut
582 3381 706 3462 legimus
734 3383 764 3442 in
792 3384 889 3443 veraci
911 3381 987 3443 libro
1010 3383 1184 3460 sapientiae,
1215 3397 1327 3456 corpus

321 3473 519 3551 corruptibile
551 3473 704 3546 adoraret
731 3473 863 3533 enimam
893 3479 925 3534 et
951 3472 1093 3547 deprimit
1123 3475 1248 3530 terrena
1281 3470 1326 3528 tn·

393 3709 407 3758 i
424 3702 555 3771 eoqoido
572 3703 582 3772 l
601 3707 633 3755 11
647 3699 777 3754 ualitudo
792 3699 842 3768 Rq
859 3700 870 3768 ll
888 3703 921 3752 12
934 3700 1009 3752 terra
1022 3695 1208 3765 naseam
1226 3696 1330 3748 terrem

321 3777 388 3832 Aee
405 3775 415 3844 ΙΙ
433 3779 466 3827 ll
485 3772 635 3841 obruptam
653 3769 694 3838 R;
712 3771 746 3824 ub
764 3772 877 3838 ruptam
895 3785 909 3822 e
