<?xml version="1.0" encoding="UTF-8"?>
<!DOCTYPE html PUBLIC "-//W3C//DTD XHTML 1.0 Transitional//EN"
    "http://www.w3.org/TR/xhtml1/DTD/xhtml1-transitional.dtd">
<html xmlns="http://www.w3.org/1999/xhtml" xml:lang="en" lang="en">
 <head>
  <title>
</title>
<meta http-equiv="Content-Type" content="text/html;charset=utf-8" />
  <meta name='ocr-system' content='tesseract 3.04.00' />
  <meta name='ocr-capabilities' content='ocr_page ocr_carea ocr_par ocr_line ocrx_word'/>
</head>
<body>
  <div class='ocr_page' id='page_1' title='image "./sanctiaureliiau11augugoog_0354.png"; bbox 0 0 3284 4459; ppageno 0'>
   <div class='ocr_carea' id='block_1_1' title="bbox 323 481 930 547">
    <p class='ocr_par' dir='ltr' id='par_1_1' title="bbox 323 481 930 547">
     <span class='ocr_line' id='line_1_1' title="bbox 323 481 930 547; baseline 0.002 -16"><span class='ocrx_word' id='word_1_1' title='bbox 323 481 388 547; x_wconf 84' lang='lat'><strong>334</strong></span> <span class='ocrx_word' id='word_1_2' title='bbox 729 491 930 533; x_wconf 59' lang='lat' dir='ltr'><strong>amoenamus</strong></span> 
     </span>
    </p>
   </div>
   <div class='ocr_carea' id='block_1_2' title="bbox 288 625 1332 1237">
    <p class='ocr_par' dir='ltr' id='par_1_2' title="bbox 288 625 1332 1237">
     <span class='ocr_line' id='line_1_2' title="bbox 324 625 1331 709; baseline 0 -19"><span class='ocrx_word' id='word_1_3' title='bbox 324 629 516 709; x_wconf 83' lang='lat' dir='ltr'><strong>quadraginta</strong></span> <span class='ocrx_word' id='word_1_4' title='bbox 543 627 606 687; x_wconf 92' lang='lat' dir='ltr'><strong>dies</strong></span> <span class='ocrx_word' id='word_1_5' title='bbox 634 645 703 687; x_wconf 89' lang='lat' dir='ltr'><strong>eom</strong></span> <span class='ocrx_word' id='word_1_6' title='bbox 730 625 883 705; x_wconf 85' lang='lat' dir='ltr'><strong>discipulis</strong></span> <span class='ocrx_word' id='word_1_7' title='bbox 910 626 973 686; x_wconf 87' lang='lat' dir='ltr'><strong>suis</strong></span> <span class='ocrx_word' id='word_1_8' title='bbox 1000 636 1087 705; x_wconf 89' lang='lat' dir='ltr'><strong>atque</strong></span> <span class='ocrx_word' id='word_1_9' title='bbox 1111 629 1184 706; x_wconf 90' lang='lat' dir='ltr'><strong>ipsis</strong></span> <span class='ocrx_word' id='word_1_10' title='bbox 1206 629 1331 690; x_wconf 86' lang='lat' dir='ltr'><strong>ridenti·</strong></span> 
     </span>
     <span class='ocr_line' id='line_1_3' title="bbox 322 714 1329 797; baseline 0 -20"><span class='ocrx_word' id='word_1_11' title='bbox 322 717 379 797; x_wconf 83' lang='lat' dir='ltr'><strong>bus</strong></span> <span class='ocrx_word' id='word_1_12' title='bbox 402 716 535 777; x_wconf 89' lang='lat' dir='ltr'><strong>ascendit</strong></span> <span class='ocrx_word' id='word_1_13' title='bbox 556 717 588 776; x_wconf 93' lang='lat' dir='ltr'><strong>in</strong></span> <span class='ocrx_word' id='word_1_14' title='bbox 611 714 724 774; x_wconf 85' lang='lat' dir='ltr'><strong>eaelum</strong></span> <span class='ocrx_word' id='word_1_15' title='bbox 747 724 777 775; x_wconf 91' lang='lat' dir='ltr'><strong>et</strong></span> <span class='ocrx_word' id='word_1_16' title='bbox 799 723 868 793; x_wconf 89' lang='lat' dir='ltr'><strong>post</strong></span> <span class='ocrx_word' id='word_1_17' title='bbox 890 714 954 775; x_wconf 89' lang='lat' dir='ltr'><strong>dies</strong></span> <span class='ocrx_word' id='word_1_18' title='bbox 977 715 1079 775; x_wconf 86' lang='lat' dir='ltr'><strong>decem</strong></span> <span class='ocrx_word' id='word_1_19' title='bbox 1103 719 1183 777; x_wconf 86' lang='lat' dir='ltr'><strong>misit</strong></span> <span class='ocrx_word' id='word_1_20' title='bbox 1205 721 1329 796; x_wconf 91' lang='lat' dir='ltr'><strong>promis·</strong></span> 
     </span>
     <span class='ocr_line' id='line_1_4' title="bbox 324 804 1331 884; baseline 0 -18"><span class='ocrx_word' id='word_1_21' title='bbox 324 823 390 866; x_wconf 92' lang='lat' dir='ltr'><strong>sum</strong></span> <span class='ocrx_word' id='word_1_22' title='bbox 415 804 558 884; x_wconf 90' lang='lat' dir='ltr'><strong>Spiritum</strong></span> <span class='ocrx_word' id='word_1_23' title='bbox 581 811 729 883; x_wconf 81' lang='lat' dir='ltr'><strong>sanetum3</strong></span> <span class='ocrx_word' id='word_1_24' title='bbox 753 805 840 863; x_wconf 89' lang='lat' dir='ltr'><strong>ouius</strong></span> <span class='ocrx_word' id='word_1_25' title='bbox 862 805 1008 863; x_wconf 86' lang='lat' dir='ltr'><strong>venientis</strong></span> <span class='ocrx_word' id='word_1_26' title='bbox 1030 806 1062 864; x_wconf 92' lang='lat' dir='ltr'><strong>in</strong></span> <span class='ocrx_word' id='word_1_27' title='bbox 1085 823 1137 864; x_wconf 92' lang='lat' dir='ltr'><strong>eos</strong></span> <span class='ocrx_word' id='word_1_28' title='bbox 1160 807 1214 884; x_wconf 87' lang='lat' dir='ltr'><strong>qui</strong></span> <span class='ocrx_word' id='word_1_29' title='bbox 1233 806 1331 866; x_wconf 91' lang='lat' dir='ltr'><strong>oredi-</strong></span> 
     </span>
     <span class='ocr_line' id='line_1_5' title="bbox 325 893 1332 976; baseline 0.001 -23"><span class='ocrx_word' id='word_1_30' title='bbox 325 893 429 954; x_wconf 90' lang='lat' dir='ltr'><strong>derant</strong></span> <span class='ocrx_word' id='word_1_31' title='bbox 447 901 519 953; x_wconf 87' lang='lat' dir='ltr'><strong>tono</strong></span> <span class='ocrx_word' id='word_1_32' title='bbox 537 893 654 970; x_wconf 85' lang='lat' dir='ltr'><strong>signum</strong></span> <span class='ocrx_word' id='word_1_33' title='bbox 669 901 733 950; x_wconf 88' lang='lat' dir='ltr'><strong>erat</strong></span> <span class='ocrx_word' id='word_1_34' title='bbox 752 893 910 950; x_wconf 84' lang='lat' dir='ltr'><strong>maximum</strong></span> <span class='ocrx_word' id='word_1_35' title='bbox 929 899 959 951; x_wconf 91' lang='lat' dir='ltr'><strong>et</strong></span> <span class='ocrx_word' id='word_1_36' title='bbox 978 893 1101 953; x_wconf 80' lang='lat' dir='ltr'><strong>maxime</strong></span> <span class='ocrx_word' id='word_1_37' title='bbox 1121 897 1332 976; x_wconf 84' lang='lat' dir='ltr'><strong>necessarium,</strong></span> 
     </span>
     <span class='ocr_line' id='line_1_6' title="bbox 288 979 1331 1061; baseline 0.001 -19"><span class='ocrx_word' id='word_1_38' title='bbox 288 991 360 1042; x_wconf 83' lang='lat' dir='ltr'><strong>out</strong></span> <span class='ocrx_word' id='word_1_39' title='bbox 381 982 586 1059; x_wconf 88' lang='lat' dir='ltr'><strong>unusquisque</strong></span> <span class='ocrx_word' id='word_1_40' title='bbox 615 996 719 1039; x_wconf 92' lang='lat' dir='ltr'><strong>eorum</strong></span> <span class='ocrx_word' id='word_1_41' title='bbox 747 979 856 1057; x_wconf 83' lang='lat' dir='ltr'><strong>linguis</strong></span> <span class='ocrx_word' id='word_1_42' title='bbox 886 981 1018 1039; x_wconf 90' lang='lat' dir='ltr'><strong>omnium</strong></span> <span class='ocrx_word' id='word_1_43' title='bbox 1040 983 1173 1059; x_wconf 83' lang='lat' dir='ltr'><strong>gentium</strong></span> <span class='ocrx_word' id='word_1_44' title='bbox 1195 981 1331 1061; x_wconf 86' lang='lat' dir='ltr'><strong>loquere·</strong></span> 
     </span>
     <span class='ocr_line' id='line_1_7' title="bbox 324 1066 1332 1150; baseline 0.001 -20"><span class='ocrx_word' id='word_1_45' title='bbox 324 1077 387 1150; x_wconf 88' lang='lat' dir='ltr'><strong>tur;</strong></span> <span class='ocrx_word' id='word_1_46' title='bbox 409 1071 451 1129; x_wconf 87' lang='lat' dir='ltr'><strong>ila</strong></span> <span class='ocrx_word' id='word_1_47' title='bbox 468 1067 636 1148; x_wconf 77' lang='lat' dir='ltr'><strong>significans</strong></span> <span class='ocrx_word' id='word_1_48' title='bbox 654 1069 797 1128; x_wconf 84' lang='lat' dir='ltr'><strong>unitatem</strong></span> <span class='ocrx_word' id='word_1_49' title='bbox 816 1066 976 1130; x_wconf 88' lang='lat' dir='ltr'><strong>catholicae</strong></span> <span class='ocrx_word' id='word_1_50' title='bbox 995 1068 1137 1129; x_wconf 82' lang='lat' dir='ltr'><strong>ecelesiae</strong></span> <span class='ocrx_word' id='word_1_51' title='bbox 1156 1087 1211 1148; x_wconf 92' lang='lat' dir='ltr'><strong>per</strong></span> <span class='ocrx_word' id='word_1_52' title='bbox 1224 1089 1332 1131; x_wconf 89' lang='lat' dir='ltr'><strong>omnes</strong></span> 
     </span>
     <span class='ocr_line' id='line_1_8' title="bbox 323 1154 1192 1237; baseline 0.002 -19"><span class='ocrx_word' id='word_1_53' title='bbox 323 1167 427 1237; x_wconf 83' lang='lat' dir='ltr'><strong>gentes</strong></span> <span class='ocrx_word' id='word_1_54' title='bbox 451 1157 580 1218; x_wconf 86' lang='lat' dir='ltr'><strong>loturam</strong></span> <span class='ocrx_word' id='word_1_55' title='bbox 603 1172 637 1217; x_wconf 88' lang='lat' dir='ltr'><strong>ao</strong></span> <span class='ocrx_word' id='word_1_56' title='bbox 661 1157 704 1216; x_wconf 90' lang='lat' dir='ltr'><strong>sio</strong></span> <span class='ocrx_word' id='word_1_57' title='bbox 727 1155 836 1234; x_wconf 83' lang='lat' dir='ltr'><strong>linguis</strong></span> <span class='ocrx_word' id='word_1_58' title='bbox 858 1154 996 1216; x_wconf 90' lang='lat' dir='ltr'><strong>omuibus</strong></span> <span class='ocrx_word' id='word_1_59' title='bbox 1018 1156 1192 1219; x_wconf 84' lang='lat' dir='ltr'><strong>locuturam.</strong></span> 
     </span>
    </p>
   </div>
   <div class='ocr_carea' id='block_1_3' title="bbox 741 1377 994 1448">
    <p class='ocr_par' dir='ltr' id='par_1_3' title="bbox 741 1377 994 1448">
     <span class='ocr_line' id='line_1_9' title="bbox 741 1377 994 1448; baseline 0.004 -4"><span class='ocrx_word' id='word_1_60' title='bbox 741 1377 858 1445; x_wconf 76' lang='lat' dir='ltr'><strong>Garun</strong></span> <span class='ocrx_word' id='word_1_61' title='bbox 881 1379 916 1448; x_wconf 87' lang='lat' dir='ltr'><strong>L.</strong></span> <span class='ocrx_word' id='word_1_62' title='bbox 990 1405 994 1410; x_wconf 67' lang='grc'>’</span> 
     </span>
    </p>
   </div>
   <div class='ocr_carea' id='block_1_4' title="bbox 273 1510 1300 1673">
    <p class='ocr_par' dir='ltr' id='par_1_4' title="bbox 273 1510 1300 1673">
     <span class='ocr_line' id='line_1_10' title="bbox 354 1510 1300 1589; baseline 0.004 -19"><span class='ocrx_word' id='word_1_63' title='bbox 354 1511 399 1572; x_wconf 86' lang='lat' dir='ltr'><strong>De</strong></span> <span class='ocrx_word' id='word_1_64' title='bbox 417 1511 652 1588; x_wconf 81' lang='lat' dir='ltr'><strong>praedieatione</strong></span> <span class='ocrx_word' id='word_1_65' title='bbox 675 1510 834 1584; x_wconf 79' lang='lat' dir='ltr'><strong>evanpelii,</strong></span> <span class='ocrx_word' id='word_1_66' title='bbox 855 1525 934 1583; x_wconf 85' lang='lat' dir='ltr'><strong>quoe</strong></span> <span class='ocrx_word' id='word_1_67' title='bbox 952 1527 1011 1585; x_wconf 87' lang='lat' dir='ltr'><strong>per</strong></span> <span class='ocrx_word' id='word_1_68' title='bbox 1029 1511 1188 1585; x_wconf 80' lang='lat' dir='ltr'><strong>passiones</strong></span> <span class='ocrx_word' id='word_1_69' title='bbox 1207 1530 1300 1589; x_wconf 82' lang='lat' dir='ltr'><strong>prae·</strong></span> 
     </span>
     <span class='ocr_line' id='line_1_11' title="bbox 273 1595 1185 1673; baseline 0 -15"><span class='ocrx_word' id='word_1_70' title='bbox 273 1610 305 1660; x_wconf 91' lang='lat'><strong>10</strong></span> <span class='ocrx_word' id='word_1_71' title='bbox 470 1600 639 1659; x_wconf 82' lang='lat' dir='ltr'><strong>dicentium</strong></span> <span class='ocrx_word' id='word_1_72' title='bbox 662 1599 779 1657; x_wconf 84' lang='lat' dir='ltr'><strong>clarior</strong></span> <span class='ocrx_word' id='word_1_73' title='bbox 801 1603 833 1657; x_wconf 85' lang='lat' dir='ltr'><strong>ei</strong></span> <span class='ocrx_word' id='word_1_74' title='bbox 848 1600 1002 1673; x_wconf 89' lang='lat' dir='ltr'><strong>potentior</strong></span> <span class='ocrx_word' id='word_1_75' title='bbox 1022 1595 1111 1672; x_wconf 82' lang='lat' dir='ltr'><strong>saeta</strong></span> <span class='ocrx_word' id='word_1_76' title='bbox 1132 1605 1185 1660; x_wconf 81' lang='lat' dir='ltr'><strong>est.</strong></span> 
     </span>
    </p>
   </div>
   <div class='ocr_carea' id='block_1_5' title="bbox 272 1718 1333 3386">
    <p class='ocr_par' dir='ltr' id='par_1_5' title="bbox 320 1718 1333 2065">
     <span class='ocr_line' id='line_1_12' title="bbox 412 1718 1333 1798; baseline 0.004 -17"><span class='ocrx_word' id='word_1_77' title='bbox 412 1718 523 1782; x_wconf 88' lang='lat' dir='ltr'><strong>Ileinde</strong></span> <span class='ocrx_word' id='word_1_78' title='bbox 553 1719 717 1780; x_wconf 87' lang='lat' dir='ltr'><strong>seeundum</strong></span> <span class='ocrx_word' id='word_1_79' title='bbox 748 1719 827 1780; x_wconf 89' lang='lat' dir='ltr'><strong>illam</strong></span> <span class='ocrx_word' id='word_1_80' title='bbox 857 1719 1057 1798; x_wconf 80' lang='lat' dir='ltr'><strong>prophetiam:</strong></span> <span class='ocrx_word' id='word_1_81' title='bbox 1093 1722 1144 1782; x_wconf 75' lang='lat' dir='ltr'><strong>Ea</strong></span> <span class='ocrx_word' id='word_1_82' title='bbox 1175 1722 1250 1784; x_wconf 90' lang='lat' dir='ltr'><strong>Sion</strong></span> <span class='ocrx_word' id='word_1_83' title='bbox 1280 1728 1333 1785; x_wconf 84' lang='lat' dir='ltr'><strong>lex</strong></span> 
     </span>
     <span class='ocr_line' id='line_1_13' title="bbox 320 1809 1331 1886; baseline 0.003 -16"><span class='ocrx_word' id='word_1_84' title='bbox 320 1812 444 1886; x_wconf 86' lang='lat' dir='ltr'><strong>prodiet</strong></span> <span class='ocrx_word' id='word_1_85' title='bbox 469 1816 500 1870; x_wconf 86' lang='lat' dir='ltr'><strong>et</strong></span> <span class='ocrx_word' id='word_1_86' title='bbox 527 1809 650 1870; x_wconf 71' lang='lat' dir='ltr'><strong>omium</strong></span> <span class='ocrx_word' id='word_1_87' title='bbox 672 1809 795 1869; x_wconf 82' lang='lat' dir='ltr'><strong>Domini</strong></span> <span class='ocrx_word' id='word_1_88' title='bbox 816 1826 857 1868; x_wconf 82' lang='lat' dir='ltr'><strong>ea</strong></span> <span class='ocrx_word' id='word_1_89' title='bbox 879 1809 1084 1883; x_wconf 79' lang='lat' dir='ltr'><strong>Hierusalem,</strong></span> <span class='ocrx_word' id='word_1_90' title='bbox 1113 1819 1144 1870; x_wconf 89' lang='lat' dir='ltr'><strong>et</strong></span> <span class='ocrx_word' id='word_1_91' title='bbox 1166 1812 1331 1873; x_wconf 85' lang='lat' dir='ltr'><strong>seeundum</strong></span> 
     </span>
     <span class='ocr_line' id='line_1_14' title="bbox 323 1895 1330 1977; baseline 0.003 -19"><span class='ocrx_word' id='word_1_92' title='bbox 323 1899 417 1977; x_wconf 92' lang='lat' dir='ltr'><strong>ipsius</strong></span> <span class='ocrx_word' id='word_1_93' title='bbox 446 1896 561 1957; x_wconf 85' lang='lat' dir='ltr'><strong>Domini</strong></span> <span class='ocrx_word' id='word_1_94' title='bbox 584 1895 695 1956; x_wconf 80' lang='lat' dir='ltr'><strong>Christi</strong></span> <span class='ocrx_word' id='word_1_95' title='bbox 722 1895 885 1977; x_wconf 84' lang='lat' dir='ltr'><strong>praedicta,</strong></span> <span class='ocrx_word' id='word_1_96' title='bbox 913 1895 965 1956; x_wconf 89' lang='lat' dir='ltr'><strong>ubi</strong></span> <span class='ocrx_word' id='word_1_97' title='bbox 988 1906 1056 1976; x_wconf 88' lang='lat' dir='ltr'><strong>post</strong></span> <span class='ocrx_word' id='word_1_98' title='bbox 1078 1903 1330 1961; x_wconf 81' lang='lat' dir='ltr'><strong>resurrectionem</strong></span> 
     </span>
     <span class='ocr_line' id='line_1_15' title="bbox 323 1983 1330 2065; baseline 0.006 -20"><span class='ocrx_word' id='word_1_99' title='bbox 323 1984 512 2065; x_wconf 87' lang='lat' dir='ltr'><strong>stupentibus</strong></span> <span class='ocrx_word' id='word_1_100' title='bbox 535 1983 780 2064; x_wconf 83' lang='lat' dir='ltr'><strong>eum-discipulis</strong></span> <span class='ocrx_word' id='word_1_101' title='bbox 804 1986 867 2044; x_wconf 90' lang='lat' dir='ltr'><strong>suis</strong></span> <span class='ocrx_word' id='word_1_102' title='bbox 889 1989 1013 2061; x_wconf 88' lang='lat' dir='ltr'><strong>aperuit</strong></span> <span class='ocrx_word' id='word_1_103' title='bbox 1033 2003 1165 2060; x_wconf 72' lang='lat' dir='ltr'><strong>smmum,</strong></span> <span class='ocrx_word' id='word_1_104' title='bbox 1188 1994 1223 2048; x_wconf 86' lang='lat' dir='ltr'><strong>ut</strong></span> <span class='ocrx_word' id='word_1_105' title='bbox 1245 1993 1330 2051; x_wconf 86' lang='lat' dir='ltr'><strong>intel-</strong></span> 
     </span>
    </p>

    <p class='ocr_par' dir='ltr' id='par_1_6' title="bbox 272 2074 1333 2499">
     <span class='ocr_line' id='line_1_16' title="bbox 272 2074 1333 2153; baseline 0.004 -19"><span class='ocrx_word' id='word_1_106' title='bbox 272 2085 304 2134; x_wconf 78' lang='lat'><strong>15</strong></span> <span class='ocrx_word' id='word_1_107' title='bbox 323 2078 459 2150; x_wconf 69' lang='lat' dir='ltr'><strong>leonem</strong></span> <span class='ocrx_word' id='word_1_108' title='bbox 474 2076 670 2149; x_wconf 79' lang='lat' dir='ltr'><strong>scripturas,</strong></span> <span class='ocrx_word' id='word_1_109' title='bbox 698 2079 728 2132; x_wconf 90' lang='lat' dir='ltr'><strong>et</strong></span> <span class='ocrx_word' id='word_1_110' title='bbox 754 2074 835 2133; x_wconf 69' lang='lat' dir='ltr'><strong>deaii</strong></span> <span class='ocrx_word' id='word_1_111' title='bbox 859 2076 918 2147; x_wconf 84' lang='lat' dir='ltr'><strong>eis,</strong></span> <span class='ocrx_word' id='word_1_112' title='bbox 943 2077 1086 2148; x_wconf 85' lang='lat' dir='ltr'><strong>quoniam</strong></span> <span class='ocrx_word' id='word_1_113' title='bbox 1111 2078 1158 2136; x_wconf 88' lang='lat' dir='ltr'><strong>sie</strong></span> <span class='ocrx_word' id='word_1_114' title='bbox 1184 2081 1333 2153; x_wconf 87' lang='lat' dir='ltr'><strong>seriptum</strong></span> 
     </span>
     <span class='ocr_line' id='line_1_17' title="bbox 324 2161 1331 2237; baseline 0.003 -14"><span class='ocrx_word' id='word_1_115' title='bbox 324 2169 382 2236; x_wconf 89' lang='lat' dir='ltr'><strong>est,</strong></span> <span class='ocrx_word' id='word_1_116' title='bbox 408 2168 440 2222; x_wconf 84' lang='lat' dir='ltr'><strong>el</strong></span> <span class='ocrx_word' id='word_1_117' title='bbox 459 2165 505 2222; x_wconf 86' lang='lat' dir='ltr'><strong>sie</strong></span> <span class='ocrx_word' id='word_1_118' title='bbox 528 2161 685 2237; x_wconf 82' lang='lat' dir='ltr'><strong>oportebat</strong></span> <span class='ocrx_word' id='word_1_119' title='bbox 710 2161 862 2221; x_wconf 70' lang='lat' dir='ltr'><strong>dirutum</strong></span> <span class='ocrx_word' id='word_1_120' title='bbox 880 2165 949 2236; x_wconf 87' lang='lat' dir='ltr'><strong>pati</strong></span> <span class='ocrx_word' id='word_1_121' title='bbox 970 2169 1001 2221; x_wconf 81' lang='lat' dir='ltr'><strong>et</strong></span> <span class='ocrx_word' id='word_1_122' title='bbox 1023 2180 1188 2237; x_wconf 80' lang='lat' dir='ltr'><strong>reserpere</strong></span> <span class='ocrx_word' id='word_1_123' title='bbox 1209 2183 1229 2224; x_wconf 88' lang='lat' dir='ltr'><strong>a</strong></span> <span class='ocrx_word' id='word_1_124' title='bbox 1252 2183 1331 2226; x_wconf 91' lang='lat' dir='ltr'><strong>mor·</strong></span> 
     </span>
     <span class='ocr_line' id='line_1_18' title="bbox 324 2251 1332 2327; baseline 0.005 -17"><span class='ocrx_word' id='word_1_125' title='bbox 324 2253 384 2312; x_wconf 90' lang='lat' dir='ltr'><strong>tuis</strong></span> <span class='ocrx_word' id='word_1_126' title='bbox 406 2253 496 2311; x_wconf 84' lang='lat' dir='ltr'><strong>tertio</strong></span> <span class='ocrx_word' id='word_1_127' title='bbox 515 2252 565 2310; x_wconf 91' lang='lat' dir='ltr'><strong>die</strong></span> <span class='ocrx_word' id='word_1_128' title='bbox 583 2257 612 2310; x_wconf 85' lang='lat' dir='ltr'><strong>el</strong></span> <span class='ocrx_word' id='word_1_129' title='bbox 626 2251 811 2326; x_wconf 80' lang='lat' dir='ltr'><strong>praedicari</strong></span> <span class='ocrx_word' id='word_1_130' title='bbox 832 2251 863 2308; x_wconf 93' lang='lat' dir='ltr'><strong>in</strong></span> <span class='ocrx_word' id='word_1_131' title='bbox 886 2253 1005 2310; x_wconf 89' lang='lat' dir='ltr'><strong>nomine</strong></span> <span class='ocrx_word' id='word_1_132' title='bbox 1027 2254 1093 2312; x_wconf 87' lang='lat' dir='ltr'><strong>eius</strong></span> <span class='ocrx_word' id='word_1_133' title='bbox 1110 2256 1332 2327; x_wconf 81' lang='lat' dir='ltr'><strong>paenitentiam</strong></span> 
     </span>
     <span class='ocr_line' id='line_1_19' title="bbox 324 2341 1331 2418; baseline 0.003 -18"><span class='ocrx_word' id='word_1_134' title='bbox 324 2345 355 2400; x_wconf 84' lang='lat' dir='ltr'><strong>el</strong></span> <span class='ocrx_word' id='word_1_135' title='bbox 375 2341 580 2400; x_wconf 82' lang='lat' dir='ltr'><strong>remissionem</strong></span> <span class='ocrx_word' id='word_1_136' title='bbox 598 2344 797 2414; x_wconf 83' lang='lat' dir='ltr'><strong>peecatorum</strong></span> <span class='ocrx_word' id='word_1_137' title='bbox 817 2354 876 2412; x_wconf 90' lang='lat' dir='ltr'><strong>per</strong></span> <span class='ocrx_word' id='word_1_138' title='bbox 898 2355 999 2398; x_wconf 89' lang='lat' dir='ltr'><strong>omnes</strong></span> <span class='ocrx_word' id='word_1_139' title='bbox 1019 2346 1137 2414; x_wconf 80' lang='lat' dir='ltr'><strong>pentes,</strong></span> <span class='ocrx_word' id='word_1_140' title='bbox 1159 2344 1331 2418; x_wconf 64' lang='lat' dir='ltr'><strong>incipienti·</strong></span> 
     </span>
     <span class='ocr_line' id='line_1_20' title="bbox 325 2423 1331 2499; baseline 0.005 -12"><span class='ocrx_word' id='word_1_141' title='bbox 325 2427 380 2488; x_wconf 78' lang='lat' dir='ltr'><strong>bus</strong></span> <span class='ocrx_word' id='word_1_142' title='bbox 409 2428 448 2487; x_wconf 81' lang='lat' dir='ltr'><strong>ab</strong></span> <span class='ocrx_word' id='word_1_143' title='bbox 478 2425 685 2499; x_wconf 80' lang='lat' dir='ltr'><strong>Hierusalem,</strong></span> <span class='ocrx_word' id='word_1_144' title='bbox 714 2432 744 2484; x_wconf 92' lang='lat' dir='ltr'><strong>et</strong></span> <span class='ocrx_word' id='word_1_145' title='bbox 774 2423 825 2484; x_wconf 88' lang='lat' dir='ltr'><strong>uhi</strong></span> <span class='ocrx_word' id='word_1_146' title='bbox 854 2442 960 2486; x_wconf 89' lang='lat' dir='ltr'><strong>rursus</strong></span> <span class='ocrx_word' id='word_1_147' title='bbox 989 2428 1033 2487; x_wconf 86' lang='lat' dir='ltr'><strong>eis</strong></span> <span class='ocrx_word' id='word_1_148' title='bbox 1054 2426 1092 2487; x_wconf 88' lang='lat' dir='ltr'><strong>de</strong></span> <span class='ocrx_word' id='word_1_149' title='bbox 1114 2427 1242 2490; x_wconf 87' lang='lat' dir='ltr'><strong>adventu</strong></span> <span class='ocrx_word' id='word_1_150' title='bbox 1265 2433 1331 2492; x_wconf 88' lang='lat' dir='ltr'><strong>eius</strong></span> 
     </span>
    </p>

    <p class='ocr_par' dir='ltr' id='par_1_7' title="bbox 273 2511 1333 3386">
     <span class='ocr_line' id='line_1_21' title="bbox 273 2511 1333 2593; baseline 0.008 -20"><span class='ocrx_word' id='word_1_151' title='bbox 273 2516 483 2575; x_wconf 73' lang='lat' dir='ltr'><strong>sonorissimo</strong></span> <span class='ocrx_word' id='word_1_152' title='bbox 519 2511 741 2591; x_wconf 89' lang='lat' dir='ltr'><strong>requirentibus</strong></span> <span class='ocrx_word' id='word_1_153' title='bbox 778 2513 932 2590; x_wconf 87' lang='lat' dir='ltr'><strong>respondit</strong></span> <span class='ocrx_word' id='word_1_154' title='bbox 968 2524 1059 2593; x_wconf 90' lang='lat' dir='ltr'><strong>atque</strong></span> <span class='ocrx_word' id='word_1_155' title='bbox 1093 2518 1147 2578; x_wconf 88' lang='lat' dir='ltr'><strong>ait:</strong></span> <span class='ocrx_word' id='word_1_156' title='bbox 1185 2518 1251 2580; x_wconf 88' lang='lat' dir='ltr'><strong>Non</strong></span> <span class='ocrx_word' id='word_1_157' title='bbox 1286 2527 1333 2581; x_wconf 82' lang='lat' dir='ltr'><strong>esi</strong></span> 
     </span>
     <span class='ocr_line' id='line_1_22' title="bbox 325 2601 1332 2682; baseline 0.007 -21"><span class='ocrx_word' id='word_1_158' title='bbox 325 2609 455 2663; x_wconf 89' lang='lat' dir='ltr'><strong>oestrum</strong></span> <span class='ocrx_word' id='word_1_159' title='bbox 473 2603 555 2662; x_wconf 86' lang='lat' dir='ltr'><strong>seire</strong></span> <span class='ocrx_word' id='word_1_160' title='bbox 568 2610 704 2678; x_wconf 83' lang='lat' dir='ltr'><strong>tempora</strong></span> <span class='ocrx_word' id='word_1_161' title='bbox 717 2618 797 2674; x_wconf 86' lang='lat' dir='ltr'><strong>quae</strong></span> <span class='ocrx_word' id='word_1_162' title='bbox 815 2601 911 2662; x_wconf 85' lang='lat' dir='ltr'><strong>Pater</strong></span> <span class='ocrx_word' id='word_1_163' title='bbox 925 2606 1028 2678; x_wconf 84' lang='lat' dir='ltr'><strong>posuit</strong></span> <span class='ocrx_word' id='word_1_164' title='bbox 1044 2607 1077 2664; x_wconf 88' lang='lat' dir='ltr'><strong>in</strong></span> <span class='ocrx_word' id='word_1_165' title='bbox 1093 2621 1153 2666; x_wconf 85' lang='lat' dir='ltr'><strong>suo</strong></span> <span class='ocrx_word' id='word_1_166' title='bbox 1165 2612 1332 2682; x_wconf 81' lang='lat' dir='ltr'><strong>potestate,-</strong></span> 
     </span>
     <span class='ocr_line' id='line_1_23' title="bbox 323 2688 1332 2768; baseline 0.006 -17"><span class='ocrx_word' id='word_1_167' title='bbox 323 2692 380 2751; x_wconf 86' lang='lat' dir='ltr'><strong>sed</strong></span> <span class='ocrx_word' id='word_1_168' title='bbox 400 2691 557 2766; x_wconf 75' lang='lat' dir='ltr'><strong>accipietis</strong></span> <span class='ocrx_word' id='word_1_169' title='bbox 580 2690 719 2749; x_wconf 84' lang='lat' dir='ltr'><strong>uirtutem</strong></span> <span class='ocrx_word' id='word_1_170' title='bbox 742 2688 875 2764; x_wconf 85' lang='lat' dir='ltr'><strong>Spiritus</strong></span> <span class='ocrx_word' id='word_1_171' title='bbox 896 2694 998 2751; x_wconf 84' lang='lat' dir='ltr'><strong>sancti</strong></span> <span class='ocrx_word' id='word_1_172' title='bbox 1018 2697 1276 2768; x_wconf 68' lang='lat' dir='ltr'><strong>supervenientem</strong></span> <span class='ocrx_word' id='word_1_173' title='bbox 1299 2701 1332 2758; x_wconf 88' lang='lat' dir='ltr'><strong>in</strong></span> 
     </span>
     <span class='ocr_line' id='line_1_24' title="bbox 325 2777 1331 2850; baseline 0.008 -12"><span class='ocrx_word' id='word_1_174' title='bbox 325 2794 389 2850; x_wconf 88' lang='lat' dir='ltr'><strong>uos,</strong></span> <span class='ocrx_word' id='word_1_175' title='bbox 417 2784 447 2838; x_wconf 88' lang='lat' dir='ltr'><strong>et</strong></span> <span class='ocrx_word' id='word_1_176' title='bbox 473 2779 559 2837; x_wconf 86' lang='lat' dir='ltr'><strong>eritis</strong></span> <span class='ocrx_word' id='word_1_177' title='bbox 582 2777 656 2836; x_wconf 84' lang='lat' dir='ltr'><strong>milti</strong></span> <span class='ocrx_word' id='word_1_178' title='bbox 678 2783 766 2837; x_wconf 85' lang='lat' dir='ltr'><strong>testes</strong></span> <span class='ocrx_word' id='word_1_179' title='bbox 788 2779 819 2836; x_wconf 89' lang='lat' dir='ltr'><strong>in</strong></span> <span class='ocrx_word' id='word_1_180' title='bbox 843 2777 1034 2840; x_wconf 83' lang='lat' dir='ltr'><strong>Hierusalem</strong></span> <span class='ocrx_word' id='word_1_181' title='bbox 1056 2787 1087 2840; x_wconf 86' lang='lat' dir='ltr'><strong>et</strong></span> <span class='ocrx_word' id='word_1_182' title='bbox 1108 2784 1140 2841; x_wconf 90' lang='lat' dir='ltr'><strong>in</strong></span> <span class='ocrx_word' id='word_1_183' title='bbox 1163 2790 1256 2844; x_wconf 87' lang='lat' dir='ltr'><strong>totam</strong></span> <span class='ocrx_word' id='word_1_184' title='bbox 1279 2785 1331 2845; x_wconf 91' lang='lat' dir='ltr'><strong>Iu-</strong></span> 
     </span>
     <span class='ocr_line' id='line_1_25' title="bbox 326 2865 1332 2949; baseline 0.008 -23"><span class='ocrx_word' id='word_1_185' title='bbox 326 2867 434 2926; x_wconf 88' lang='lat' dir='ltr'><strong>daeam</strong></span> <span class='ocrx_word' id='word_1_186' title='bbox 457 2872 486 2926; x_wconf 86' lang='lat' dir='ltr'><strong>et</strong></span> <span class='ocrx_word' id='word_1_187' title='bbox 504 2865 677 2925; x_wconf 86' lang='lat' dir='ltr'><strong>Samariam</strong></span> <span class='ocrx_word' id='word_1_188' title='bbox 695 2871 837 2948; x_wconf 81' lang='lat' dir='ltr'><strong>eiusque</strong></span> <span class='ocrx_word' id='word_1_189' title='bbox 859 2869 891 2926; x_wconf 90' lang='lat' dir='ltr'><strong>in</strong></span> <span class='ocrx_word' id='word_1_190' title='bbox 910 2869 989 2939; x_wconf 80' lang='lat' dir='ltr'><strong>fines</strong></span> <span class='ocrx_word' id='word_1_191' title='bbox 1011 2875 1124 2944; x_wconf 86' lang='lat' dir='ltr'><strong>terrae,</strong></span> <span class='ocrx_word' id='word_1_192' title='bbox 1145 2872 1276 2949; x_wconf 88' lang='lat' dir='ltr'><strong>primum</strong></span> <span class='ocrx_word' id='word_1_193' title='bbox 1298 2891 1332 2934; x_wconf 86' lang='lat' dir='ltr'><strong>se</strong></span> 
     </span>
     <span class='ocr_line' id='line_1_26' title="bbox 273 2951 1331 3040; baseline 0.009 -27"><span class='ocrx_word' id='word_1_194' title='bbox 273 2965 306 3013; x_wconf 80' lang='lat' dir='ltr'><strong>ao</strong></span> <span class='ocrx_word' id='word_1_195' title='bbox 326 2951 362 3014; x_wconf 89' lang='lat' dir='ltr'><strong>ab</strong></span> <span class='ocrx_word' id='word_1_196' title='bbox 387 2951 571 3014; x_wconf 82' lang='lat' dir='ltr'><strong>Hierusalem</strong></span> <span class='ocrx_word' id='word_1_197' title='bbox 600 2952 715 3012; x_wconf 81' lang='lat' dir='ltr'><strong>diffudit</strong></span> <span class='ocrx_word' id='word_1_198' title='bbox 745 2952 884 3034; x_wconf 83' lang='lat' dir='ltr'><strong>ecelesia,</strong></span> <span class='ocrx_word' id='word_1_199' title='bbox 910 2963 942 3015; x_wconf 94' lang='lat' dir='ltr'><strong>et</strong></span> <span class='ocrx_word' id='word_1_200' title='bbox 968 2974 1036 3016; x_wconf 91' lang='lat' dir='ltr'><strong>oum</strong></span> <span class='ocrx_word' id='word_1_201' title='bbox 1058 2959 1089 3017; x_wconf 92' lang='lat' dir='ltr'><strong>in</strong></span> <span class='ocrx_word' id='word_1_202' title='bbox 1112 2956 1220 3019; x_wconf 83' lang='lat' dir='ltr'><strong>iudaea</strong></span> <span class='ocrx_word' id='word_1_203' title='bbox 1242 2970 1331 3040; x_wconf 84' lang='lat' dir='ltr'><strong>atque</strong></span> 
     </span>
     <span class='ocr_line' id='line_1_27' title="bbox 326 3039 1333 3132; baseline 0.009 -31"><span class='ocrx_word' id='word_1_204' title='bbox 326 3040 456 3101; x_wconf 86' lang='lat' dir='ltr'><strong>Samaria</strong></span> <span class='ocrx_word' id='word_1_205' title='bbox 479 3039 599 3119; x_wconf 90' lang='lat' dir='ltr'><strong>plurimi</strong></span> <span class='ocrx_word' id='word_1_206' title='bbox 619 3039 831 3121; x_wconf 69' lang='lat' dir='ltr'><strong>credidissent,</strong></span> <span class='ocrx_word' id='word_1_207' title='bbox 853 3050 884 3103; x_wconf 91' lang='lat' dir='ltr'><strong>et</strong></span> <span class='ocrx_word' id='word_1_208' title='bbox 904 3043 936 3101; x_wconf 94' lang='lat' dir='ltr'><strong>in</strong></span> <span class='ocrx_word' id='word_1_209' title='bbox 959 3043 1030 3104; x_wconf 92' lang='lat' dir='ltr'><strong>alias</strong></span> <span class='ocrx_word' id='word_1_210' title='bbox 1052 3053 1157 3123; x_wconf 81' lang='lat' dir='ltr'><strong>gentes</strong></span> <span class='ocrx_word' id='word_1_211' title='bbox 1179 3049 1254 3108; x_wconf 92' lang='lat' dir='ltr'><strong>itum</strong></span> <span class='ocrx_word' id='word_1_212' title='bbox 1277 3060 1333 3132; x_wconf 81' lang='lat' dir='ltr'><strong>est,</strong></span> 
     </span>
     <span class='ocr_line' id='line_1_28' title="bbox 326 3128 1333 3220; baseline 0.009 -31"><span class='ocrx_word' id='word_1_213' title='bbox 326 3132 370 3189; x_wconf 89' lang='lat' dir='ltr'><strong>eis</strong></span> <span class='ocrx_word' id='word_1_214' title='bbox 393 3128 634 3190; x_wconf 90' lang='lat' dir='ltr'><strong>adnuntiantibos</strong></span> <span class='ocrx_word' id='word_1_215' title='bbox 657 3129 849 3208; x_wconf 82' lang='lat' dir='ltr'><strong>evangelium,</strong></span> <span class='ocrx_word' id='word_1_216' title='bbox 871 3147 947 3208; x_wconf 90' lang='lat' dir='ltr'><strong>qnos</strong></span> <span class='ocrx_word' id='word_1_217' title='bbox 969 3134 1047 3213; x_wconf 87' lang='lat' dir='ltr'><strong>ipse,</strong></span> <span class='ocrx_word' id='word_1_218' title='bbox 1069 3136 1145 3195; x_wconf 87' lang='lat' dir='ltr'><strong>siout</strong></span> <span class='ocrx_word' id='word_1_219' title='bbox 1168 3133 1333 3220; x_wconf 80' lang='lat' dir='ltr'><strong>luminaria,</strong></span> 
     </span>
     <span class='ocr_line' id='line_1_29' title="bbox 325 3215 1333 3297; baseline 0.009 -19"><span class='ocrx_word' id='word_1_220' title='bbox 325 3226 357 3279; x_wconf 91' lang='lat' dir='ltr'><strong>et</strong></span> <span class='ocrx_word' id='word_1_221' title='bbox 379 3223 529 3296; x_wconf 88' lang='lat' dir='ltr'><strong>aptaverat</strong></span> <span class='ocrx_word' id='word_1_222' title='bbox 551 3215 642 3277; x_wconf 86' lang='lat' dir='ltr'><strong>verbo</strong></span> <span class='ocrx_word' id='word_1_223' title='bbox 669 3226 699 3277; x_wconf 90' lang='lat' dir='ltr'><strong>et</strong></span> <span class='ocrx_word' id='word_1_224' title='bbox 721 3216 898 3278; x_wconf 85' lang='lat' dir='ltr'><strong>accenderat</strong></span> <span class='ocrx_word' id='word_1_225' title='bbox 921 3218 1033 3297; x_wconf 89' lang='lat' dir='ltr'><strong>Spiritu</strong></span> <span class='ocrx_word' id='word_1_226' title='bbox 1056 3232 1167 3284; x_wconf 86' lang='lat' dir='ltr'><strong>sancto.</strong></span> <span class='ocrx_word' id='word_1_227' title='bbox 1212 3223 1333 3288; x_wconf 75' lang='lat' dir='ltr'><strong>flixerat</strong></span> 
     </span>
     <span class='ocr_line' id='line_1_30' title="bbox 326 3304 1332 3386; baseline 0.011 -22"><span class='ocrx_word' id='word_1_228' title='bbox 326 3307 405 3366; x_wconf 87' lang='lat' dir='ltr'><strong>enim</strong></span> <span class='ocrx_word' id='word_1_229' title='bbox 423 3307 480 3365; x_wconf 90' lang='lat' dir='ltr'><strong>eis:</strong></span> <span class='ocrx_word' id='word_1_230' title='bbox 503 3304 601 3366; x_wconf 86' lang='lat' dir='ltr'><strong>Nolite</strong></span> <span class='ocrx_word' id='word_1_231' title='bbox 619 3309 801 3380; x_wconf 72' lang='lat' dir='ltr'><strong>timorosus,</strong></span> <span class='ocrx_word' id='word_1_232' title='bbox 824 3309 877 3382; x_wconf 83' lang='lat' dir='ltr'><strong>qui</strong></span> <span class='ocrx_word' id='word_1_233' title='bbox 894 3323 1006 3383; x_wconf 86' lang='lat' dir='ltr'><strong>corpus</strong></span> <span class='ocrx_word' id='word_1_234' title='bbox 1023 3313 1175 3386; x_wconf 82' lang='lat' dir='ltr'><strong>occidunt,</strong></span> <span class='ocrx_word' id='word_1_235' title='bbox 1197 3316 1332 3376; x_wconf 88' lang='lat' dir='ltr'><strong>animam</strong></span> 
     </span>
    </p>
   </div>
   <div class='ocr_carea' id='block_1_6' title="bbox 394 3425 1225 3500">
    <p class='ocr_par' dir='ltr' id='par_1_8' title="bbox 394 3425 1225 3500">
     <span class='ocr_line' id='line_1_31' title="bbox 394 3425 1225 3500; baseline 0.005 -19"><span class='ocrx_word' id='word_1_236' title='bbox 394 3428 437 3496; x_wconf 81' lang='lat' dir='ltr'><strong>ta)</strong></span> <span class='ocrx_word' id='word_1_237' title='bbox 455 3425 529 3479; x_wconf 81' lang='lat' dir='ltr'><strong>Esai.</strong></span> <span class='ocrx_word' id='word_1_238' title='bbox 550 3431 574 3493; x_wconf 76' lang='lat'><strong>2,</strong></span> <span class='ocrx_word' id='word_1_239' title='bbox 590 3432 613 3480; x_wconf 81' lang='lat'><strong>3.</strong></span> <span class='ocrx_word' id='word_1_240' title='bbox 662 3428 705 3496; x_wconf 88' lang='grc'><strong>19)</strong></span> <span class='ocrx_word' id='word_1_241' title='bbox 724 3427 769 3480; x_wconf 88' lang='lat' dir='ltr'><strong>Lo.</strong></span> <span class='ocrx_word' id='word_1_242' title='bbox 790 3432 833 3494; x_wconf 77' lang='lat'><strong>24,</strong></span> <span class='ocrx_word' id='word_1_243' title='bbox 847 3432 929 3496; x_wconf 76' lang='lat' dir='ltr'><strong>idsq.</strong></span> <span class='ocrx_word' id='word_1_244' title='bbox 977 3431 1021 3498; x_wconf 77' lang='lat'><strong>24)</strong></span> <span class='ocrx_word' id='word_1_245' title='bbox 1039 3429 1100 3483; x_wconf 78' lang='lat' dir='ltr'><strong>Aoi.</strong></span> <span class='ocrx_word' id='word_1_246' title='bbox 1122 3436 1146 3497; x_wconf 86' lang='lat'><strong>1,</strong></span> <span class='ocrx_word' id='word_1_247' title='bbox 1161 3435 1225 3500; x_wconf 77' lang='lat' dir='ltr'><strong>laq.</strong></span> 
     </span>
    </p>
   </div>
   <div class='ocr_carea' id='block_1_7' title="bbox 317 3609 1336 3820">
    <p class='ocr_par' dir='ltr' id='par_1_9' title="bbox 317 3609 1336 3820">
     <span class='ocr_line' id='line_1_32' title="bbox 394 3609 1336 3689; baseline 0.01 -26"><span class='ocrx_word' id='word_1_248' title='bbox 394 3615 408 3663; x_wconf 93' lang='lat'>1</span> <span class='ocrx_word' id='word_1_249' title='bbox 424 3609 522 3664; x_wconf 85' lang='lat' dir='ltr'><strong>diebus</strong></span> <span class='ocrx_word' id='word_1_250' title='bbox 531 3611 610 3665; x_wconf 77' lang='lat' dir='ltr'><strong>Fue</strong></span> <span class='ocrx_word' id='word_1_251' title='bbox 622 3613 632 3680; x_wconf 77' lang='lat' dir='ltr'><strong>ll</strong></span> <span class='ocrx_word' id='word_1_252' title='bbox 647 3615 679 3664; x_wconf 78' lang='lat'><strong>17</strong></span> <span class='ocrx_word' id='word_1_253' title='bbox 694 3610 779 3665; x_wconf 77' lang='lat' dir='ltr'><strong>lertio</strong></span> <span class='ocrx_word' id='word_1_254' title='bbox 788 3611 837 3664; x_wconf 65' lang='lat' dir='ltr'><strong>Fa</strong></span> <span class='ocrx_word' id='word_1_255' title='bbox 851 3613 861 3680; x_wconf 76' lang='lat' dir='ltr'>ss</span> <span class='ocrx_word' id='word_1_256' title='bbox 875 3617 907 3664; x_wconf 80' lang='lat'><strong>21</strong></span> <span class='ocrx_word' id='word_1_257' title='bbox 922 3614 1050 3682; x_wconf 69' lang='lat' dir='ltr'><strong>tempora</strong></span> <span class='ocrx_word' id='word_1_258' title='bbox 1063 3615 1109 3669; x_wconf 75' lang='lat' dir='ltr'><strong>nel</strong></span> <span class='ocrx_word' id='word_1_259' title='bbox 1120 3619 1263 3670; x_wconf 73' lang='lat' dir='ltr'><strong>momenta</strong></span> <span class='ocrx_word' id='word_1_260' title='bbox 1277 3621 1336 3689; x_wconf 77' lang='lat' dir='ltr'><strong>ool</strong></span> 
     </span>
     <span class='ocr_line' id='line_1_33' title="bbox 317 3679 1335 3820; baseline 0.012 -89"><span class='ocrx_word' id='word_1_261' title='bbox 317 3679 484 3820; x_wconf 34' lang='lat' dir='ltr'><strong>patinae?</strong></span> <span class='ocrx_word' id='word_1_262' title='bbox 501 3679 606 3734; x_wconf 87' lang='lat' dir='ltr'><strong>Iudaea</strong></span> <span class='ocrx_word' id='word_1_263' title='bbox 624 3683 653 3734; x_wconf 80' lang='lat' dir='ltr'><strong>ei</strong></span> <span class='ocrx_word' id='word_1_264' title='bbox 669 3681 795 3736; x_wconf 80' lang='lat' dir='ltr'><strong>Samaria</strong></span> <span class='ocrx_word' id='word_1_265' title='bbox 814 3691 865 3746; x_wconf 77' lang='lat' dir='ltr'><strong>&#39;to3</strong></span> <span class='ocrx_word' id='word_1_266' title='bbox 884 3682 941 3738; x_wconf 87' lang='lat' dir='ltr'><strong>reli.</strong></span> <span class='ocrx_word' id='word_1_267' title='bbox 961 3691 993 3738; x_wconf 81' lang='lat' dir='ltr'><strong>ut</strong></span> <span class='ocrx_word' id='word_1_268' title='bbox 1010 3685 1101 3739; x_wconf 86' lang='lat' dir='ltr'><strong>editur</strong></span> <span class='ocrx_word' id='word_1_269' title='bbox 1118 3689 1128 3755; x_wconf 79' lang='lat' dir='ltr'><strong>ll</strong></span> <span class='ocrx_word' id='word_1_270' title='bbox 1146 3691 1180 3740; x_wconf 77' lang='lat'><strong>2⁸</strong></span> <span class='ocrx_word' id='word_1_271' title='bbox 1199 3687 1335 3743; x_wconf 79' lang='lat' dir='ltr'><strong>aseende-</strong></span> 
     </span>
    </p>
   </div>
   <div class='ocr_carea' id='block_1_8' title="bbox 0 0 1647 4459">
    <p class='ocr_par' dir='ltr' id='par_1_10' title="bbox 0 0 1647 4459">
     <span class='ocr_line' id='line_1_34' title="bbox 0 0 1647 4459; baseline 0 0"><span class='ocrx_word' id='word_1_272' title='bbox 0 0 1647 4459; x_wconf 95' lang='lat' dir='ltr'><strong> </strong></span> 
     </span>
    </p>
   </div>
  </div>
 </body>
</html>
