3284 4459
325 476 392 541 540
731 487 754 531 s
770 487 939 531 auousunu

325 628 416 700 quoti
432 643 492 701 per
514 618 636 700 Quem?
675 621 771 683 Simul
793 624 861 701 quis
883 625 940 685 isto
963 624 1011 700 sit,
1033 625 1234 705 inquiramus,
1255 624 1340 686 hunc

327 723 426 774 tamen
447 730 508 772 non
531 729 597 773 esse
619 713 821 771 castissimum
845 718 899 791 est,
922 729 960 771 no
983 710 1112 771 duorum
1135 711 1342 791 apostolorum

327 803 488 861 sententias
506 802 658 861 mittamus
674 801 707 859 in
725 801 830 878 rixam,
852 801 878 859 si
896 816 975 859 unus
992 798 1079 861 dicit:
1100 799 1244 881 ,Etiamsi
1261 801 1342 862 mala

327 907 418 968 opera
439 889 507 967 quis
529 886 676 967 hahuerit,
698 886 821 947 salvabit
842 904 912 947 eum
934 889 1111 966 perignem
1133 883 1240 969 lides“;
1262 888 1340 950 alius

292 986 440 1039 cautem:
462 978 499 1037 Si
518 994 614 1054 opero
636 992 697 1037 ooo
719 977 844 1055 haheat,
875 978 1023 1051 numquid
1039 979 1158 1052 poterit
1175 979 1255 1050 fides
1276 982 1339 1039 sol·

327 1084 402 1127 core
424 1062 513 1127 eum?

415 1153 604 1214 Inveniemus
635 1169 707 1231 ergo
740 1153 807 1229 quis
836 1154 931 1230 possit
954 1151 1059 1213 salvari
1084 1170 1138 1232 per
1167 1155 1280 1231 ignem
1313 1156 1342 1214 si

327 1245 412 1323 prius
440 1243 642 1303 invenerimus
669 1238 741 1318 quid
768 1242 807 1300 sit
834 1238 945 1301 habere
972 1242 1004 1301 in
1031 1240 1223 1301 fundamento
1253 1240 1340 1302 Chri·

328 1340 416 1393 stum.
462 1329 548 1401 Quod
574 1337 609 1389 ut
634 1327 671 1389 de
699 1330 762 1408 ipsa
791 1326 983 1389 similitudine
1006 1330 1184 1406 quantocius
1206 1328 1340 1391 adverta-

276 1434 310 1483 to
328 1437 408 1481 mus:
435 1417 509 1479 nihil
536 1418 567 1477 in
596 1416 729 1478 aedificio
758 1418 953 1495 praeponitur
974 1415 1180 1497 laudamento;
1203 1418 1342 1497 quisquis

328 1510 428 1586 itaque
451 1508 495 1566 sio
512 1504 602 1565 hahet
618 1506 651 1565 in
669 1502 759 1564 corde
778 1502 939 1585 Christum,
962 1512 996 1565 ut
1018 1506 1047 1565 ei
1070 1514 1190 1567 terrena
1212 1514 1243 1567 ot
1264 1514 1342 1568 tem·

328 1598 447 1675 poraria
470 1612 528 1655 nec
558 1611 594 1653 ea
630 1610 705 1670 quae
738 1591 818 1653 licita
855 1601 926 1653 sunt
960 1600 1050 1670 atque
1081 1610 1223 1654 concessa
1254 1612 1341 1674 prae·

328 1692 427 1764 ponat,
450 1681 674 1742 fundamentum
696 1679 786 1740 hahet
809 1678 975 1760 Christum,
1002 1683 1028 1741 si
1050 1689 1149 1742 autem
1172 1684 1342 1764 praeponit,

329 1773 386 1832 etsi
413 1769 547 1830 videatur
573 1767 683 1829 hahere
710 1768 798 1829 tidem
821 1767 945 1848 Christi,
975 1786 1036 1829 non
1058 1778 1104 1830 est
1127 1773 1281 1831 tamenin
1304 1790 1343 1831 eo

279 1874 311 1923 15
330 1857 554 1919 tundamentum
586 1856 741 1936 Christus,
777 1858 827 1916 oui
858 1856 927 1917 talio
958 1866 1196 1938 praeponuntur,
1228 1869 1343 1937 quanto

329 1948 431 2027 magis,
448 1947 475 2005 si
492 1944 631 2005 salutaria
649 1952 807 2023 praecepta
826 1951 1019 2005 contemnens
1037 1947 1203 2009 committat
1219 1946 1345 2029 inlicita,

329 2052 389 2094 non
411 2034 619 2113 praeposuisse
642 2031 806 2112 Christum,
836 2030 887 2092 sed
916 2034 1119 2112 postposuisse
1143 2036 1343 2117 convincitur,

330 2140 419 2202 quem
436 2120 607 2201 posthabuit
625 2122 819 2198 imperantem
843 2122 904 2180 sive
929 2119 1152 2202 concedentem,
1173 2120 1246 2182 dum
1268 2141 1341 2183 oon·

330 2221 375 2272 tra
405 2212 470 2271 eius
499 2211 643 2288 imperata
672 2209 734 2267 sive
762 2225 903 2267 concessa
930 2225 1015 2268 suam
1043 2226 1098 2287 per
1125 2208 1234 2287 flagitia
1261 2210 1342 2271 dele—

277 2314 311 2363 20
330 2301 373 2379 git
398 2298 518 2377 explere
548 2293 714 2356 libidinem!
747 2295 779 2355 Si
810 2298 878 2373 quis
905 2296 1004 2374 itaque
1035 2295 1219 2358 Christianus
1247 2298 1345 2378 diligit

329 2388 518 2448 meretricem
546 2387 633 2463 eique
661 2382 824 2444 adhaerens
851 2402 945 2444 uinum
972 2401 1082 2463 eorpus
1110 2385 1251 2467 eflicitur,
1283 2389 1344 2447 iam

329 2478 360 2536 in
388 2474 580 2536 fundamento
608 2489 668 2533 non
694 2471 784 2532 hahet
810 2470 970 2533 Christum.
1016 2471 1048 2532 Si
1075 2474 1142 2552 quis
1171 2480 1270 2535 autem
1298 2474 1343 2535 di-

329 2564 394 2642 ligit
419 2579 544 2625 uxorem
573 2579 673 2640 suam,
700 2562 727 2620 si
753 2559 918 2620 secundum
946 2558 1113 2641 Christum,
1141 2564 1208 2639 quis
1232 2565 1260 2622 ei
1288 2563 1344 2623 du-

330 2652 406 2713 bitet
430 2652 462 2711 in
490 2649 681 2711 fundamento
713 2666 780 2708 esse
811 2644 984 2709 Christum?
1016 2650 1042 2708 si
1074 2666 1144 2709 vero
1176 2650 1345 2713 secundum

277 2754 312 2803 25
330 2738 387 2799 hoo
414 2737 578 2818 saeculum,
605 2739 632 2797 si
654 2735 824 2815 carnaliter,
855 2738 881 2796 si
907 2738 938 2796 in
962 2734 1066 2795 morbo
1089 2740 1344 2815 concupiscentia·

331 2844 412 2905 rum,
446 2826 523 2886 siout
556 2832 587 2884 et
620 2832 724 2902 gentes
757 2841 831 2902 quae
863 2825 1000 2902 ignorant
1028 2824 1135 2906 Deum,
1165 2828 1253 2887 etiam
1285 2827 1345 2889 hoc

332 2912 494 2973 secundum
525 2913 640 2971 veniam
670 2911 806 2971 concedit
833 2910 997 2992 apostolus,
1028 2914 1118 2973 immo
1147 2932 1202 2991 per
1225 2923 1345 2993 aposto-

331 3001 393 3061 lum
419 2999 563 3060 Christus.
601 2998 704 3059 Potest
728 3017 799 3077 ergo
825 3008 856 3060 et
879 3000 936 3061 iste
964 3000 996 3059 in
1018 2999 1210 3061 fundamento
1232 3002 1345 3064 hahere

333 3088 492 3151 Christum.
539 3086 570 3147 Si
601 3089 680 3148 enim
703 3086 775 3147 nihil
798 3089 827 3147 ei
849 3086 915 3148 talis
938 3088 1102 3148 allectionis
1126 3088 1346 3169 voluptatisque

280 3192 314 3241 oo
332 3183 508 3256 praeponat,
535 3176 668 3253 quamvis
691 3173 918 3253 superaedificet
939 3174 1032 3256 ligna,
1054 3175 1172 3257 lenum,
1196 3178 1347 3260 stipulam,

333 3263 468 3326 Christus
498 3271 545 3324 est
570 3262 811 3343 fundamentum,
838 3271 961 3342 propter
987 3262 1044 3323 hoc
1078 3262 1175 3325 salvus
1204 3268 1262 3327 erit
1289 3285 1348 3346 per

404 3380 429 3447 1)
453 3383 476 3430 1.
502 3376 561 3431 cor.
586 3383 616 3445 a,
636 3383 676 3432 1o.
736 3382 781 3448 21)
805 3385 828 3432 1.
853 3378 912 3433 eor.
937 3384 1028 3448 o,1o.
1088 3382 1134 3450 aa>
1156 3380 1226 3449 nph.
1251 3387 1281 3447 a,
1302 3388 1347 3436 eo.

332 3450 376 3517 26)
396 3454 419 3501 1.
438 3448 534 3503 Thess.
552 3455 579 3516 t,
593 3454 618 3504 ὁ.

402 3592 418 3639 9
437 3587 473 3641 de
490 3605 540 3642 om.
555 3589 604 3643 Rh
617 3592 628 3659 fl
641 3595 674 3642 11
693 3592 726 3643 ut
743 3606 799 3643 non
816 3590 843 3645 ei
856 3591 896 3659 Ας
915 3593 949 3645 ut
962 3590 988 3646 ei
1001 3608 1058 3645 non
1071 3592 1088 3647 h
1101 3593 1110 3661 ΙΙ
1126 3597 1158 3645 ta
1171 3592 1349 3661 temporaria

331 3663 481 3798 gagg
496 3678 574 3799 2516,
588 3680 632 3763 o);
649 3675 817 3745 temporalia
831 3678 911 3733 AGo
929 3680 938 3747 ΙΙ
959 3684 991 3733 18
1008 3681 1074 3747 post
1091 3680 1161 3734 heco
1178 3678 1280 3733 hahuit
1294 3681 1347 3752 Al
