3284 4459
542 529 973 573 nnmvmannnmn.xx11.o.
987 531 1066 573 rare
1232 516 1298 581 595

289 666 359 728 dum
378 668 504 747 quisque
523 683 628 727 eorum
646 665 734 727 vellet
755 665 888 726 defuncti
911 683 1021 740 semen,
1045 668 1122 727 siout
1143 665 1191 726 lex
1213 685 1297 745 prae-

289 764 423 836 ceperat,
451 756 593 815 excitare:
626 755 763 829 Erratis,
790 756 901 833 iuquit,
927 756 1095 816 nescientes
1117 758 1298 831 scripturos,

289 860 386 919 neque
408 845 549 905 virtutem
571 844 646 915 Ilei,·
672 851 793 904 etcum
815 842 900 903 locus
924 851 1010 922 esset,
1033 850 1067 903 ut
1089 842 1215 903 diceret:
1237 842 1297 923 „lle

290 950 348 1011 qna
367 932 446 991 euim
465 949 511 993 me
530 933 729 1011 interrogatis,
751 932 795 990 vir
814 932 872 991 erit
890 932 978 991 etiam
995 932 1068 1009 ipsa,
1087 948 1146 991 non
1164 926 1299 1012 mulier“,

290 1038 349 1080 non
377 1019 434 1081 hoc
460 1019 548 1100 dixit,
575 1018 628 1081 sed
654 1018 742 1080 dixit:
774 1019 812 1079 In
840 1021 1066 1080 resurrectione
1093 1022 1172 1080 enim
1201 1031 1333 1095 nequeo

289 1110 404 1169 nudent
425 1126 523 1184 nepne
544 1125 660 1171 uxores
682 1109 808 1181 ducent,
829 1109 886 1168 sed
906 1113 998 1167 erum
1018 1109 1099 1168 sient
1120 1110 1225 1183 onpeli
1241 1109 1300 1169 Dei
1343 1101 1346 1105 ’

291 1201 323 1259 in
351 1199 454 1269 coelo;
480 1196 618 1276 aequales
645 1198 748 1275 utique
776 1194 887 1273 angelis
917 1194 1127 1255 inmortalitate
1150 1212 1184 1256 ac
1207 1196 1298 1256 ielici-

291 1292 367 1366 tate,
396 1302 457 1345 non
480 1302 583 1366 carne3
611 1286 690 1345 sicut
717 1301 772 1345 neo
798 1284 1033 1363 resurrectione,
1060 1301 1119 1362 qua
1141 1301 1201 1345 non
1224 1284 1298 1345 indi·

290 1380 421 1453 puerunt
450 1373 560 1454 angeli,
592 1374 732 1452 quoniam
762 1389 818 1432 nec
847 1373 924 1431 mori
953 1379 1123 1451 potuerrmt.
1174 1370 1300 1451 Nuptias

292 1479 363 1541 ergo
385 1460 528 1523 Dominus
550 1461 667 1522 luturas
690 1477 756 1521 esee
783 1462 900 1539 negarit
921 1462 952 1520 iu
975 1461 1211 1542 resurrectione,
1239 1478 1299 1521 non
1319 1472 1352 1523 10

292 1549 430 1629 seminas,
453 1558 483 1610 et
504 1548 546 1610 ibi
569 1552 701 1629 negavit,
728 1547 781 1609 ubi
807 1548 874 1609 talis
898 1551 1031 1628 quaestio
1054 1547 1239 1631 vertebatur,
1266 1555 1301 1611 ut

293 1654 356 1699 cam
386 1645 492 1717 negato
516 1655 588 1698 sexu
616 1636 756 1699 muliebri
783 1636 927 1697 celeriore
957 1636 1095 1697 lacilitate
1119 1636 1301 1719 dissolveret,

291 1727 318 1787 si
345 1743 413 1786 eum
439 1724 483 1786 ibi
504 1733 715 1805 praenosceret
737 1742 797 1785 non
820 1725 968 1805 iuturum;
997 1727 1087 1786 immo
1110 1726 1199 1786 etiam
1222 1726 1300 1787 lutu-

292 1832 360 1875 rum
382 1832 448 1875 esse
471 1813 597 1874 firmarit
621 1813 761 1875 dicendo:
782 1814 849 1874 Non
871 1815 992 1887 nudent,
1016 1814 1094 1891 quod
1118 1812 1153 1873 ad
1177 1814 1301 1875 seminas

292 1904 430 1982 pertinet,
452 1919 509 1963 neo
531 1920 646 1963 uxores
665 1904 785 1976 docent,
808 1900 887 1979 quod
910 1900 946 1961 ad
969 1903 1056 1963 viros.
1101 1900 1198 1963 Erunt
1221 1921 1301 1983 ergo,
1321 1912 1353 1962 to

293 2008 367 2070 quae
398 1989 445 2050 vel
474 1988 587 2050 nubere
615 1989 663 2051 hic
692 1988 803 2070 solent,
832 1988 878 2049 vel
906 1988 1016 2049 ducere
1039 2008 1162 2071 uxores3
1185 1990 1236 2051 sed
1260 1989 1302 2050 ibi

291 2096 352 2139 non
375 2079 492 2139 socient.

668 2212 787 2280 Garun
808 2213 929 2279 XVIII.

293 2344 340 2405 De
362 2345 428 2403 oiro
447 2340 596 2419 perfecto,
619 2344 654 2404 id
674 2348 720 2403 est
744 2342 879 2416 Christo,
902 2348 932 2403 et
954 2358 1084 2418 corpore
1106 2344 1180 2416 eins,
1203 2343 1238 2401 id
1258 2348 1303 2402 cst

496 2434 634 2512 ecclesio,
657 2447 736 2505 punc
759 2437 803 2492 est
825 2434 919 2507 ipsius
938 2432 1102 2506 plenitudo.
1321 2477 1355 2526 20

382 2553 511 2615 Proinde
542 2554 621 2633 quod
651 2555 692 2614 ait
721 2552 887 2635 apostolus,
914 2570 1093 2614 occursuros
1121 2570 1175 2613 nos
1198 2570 1301 2615 omnes

295 2646 325 2703 in
349 2645 444 2704 virum
463 2643 639 2723 perlectum,
661 2644 754 2702 totius
774 2643 868 2722 ipsius
891 2643 1144 2703 circumstantiam
1166 2640 1301 2701 lectionis

294 2731 482 2791 considerare
505 2730 665 2810 debemus,
698 2747 773 2808 quae
800 2732 841 2789 ita
865 2728 1021 2790 sehabet:
1057 2731 1117 2803 Qui
1137 2731 1300 2803 descendit,

293 2822 404 2901 inquit,
432 2823 496 2897 ipse
523 2827 568 2881 est
595 2828 625 2881 et
650 2823 704 2895 qni
733 2821 872 2880 ascendit
892 2836 986 2895 super
1007 2834 1109 2880 ornnes
1131 2821 1245 2893 coelos,
1268 2825 1302 2878 nt

294 2909 475 2984 adimpleret
500 2910 609 2969 omnio.
655 2908 696 2967 Et
721 2911 785 2984 ipse
814 2909 898 2967 dedit
919 2908 1064 2981 pnosdom
1086 2909 1207 2982 quidem
1230 2924 1301 2982 opo·
1321 2920 1354 2968 25

293 2999 397 3069 stolos,
419 2996 565 3070 pnosdom
592 3003 692 3057 notem
711 2996 890 3072 prophetas,
913 2997 1058 3070 pnosdnm
1081 3012 1152 3057 nero
1175 3012 1301 3068 evonpe-

294 3087 393 3158 listcs,
421 3085 566 3157 quosdam
593 3091 694 3145 antem
718 3090 858 3160 pastores
884 3089 915 3145 et
941 3086 1080 3145 doctmes
1101 3084 1145 3144 od
1166 3100 1302 3143 consom-

296 3175 456 3233 mationem
473 3178 648 3232 sanctornm
666 3174 699 3232 in
717 3188 792 3247 opus
815 3173 982 3246 ministerii,
1005 3174 1037 3232 in
1060 3172 1302 3243 aedificationem

295 3263 433 3336 corporis
464 3259 589 3333 Christi,
619 3261 715 3320 donec
744 3276 946 3320 occurramus
972 3276 1072 3321 omnes
1102 3262 1133 3318 in
1157 3261 1302 3318 unitatem

294 3350 368 3420 fidei
384 3355 414 3408 et
431 3350 616 3423 aperitionem
631 3349 692 3419 filii
708 3347 775 3421 Dei,
798 3349 947 3408 invirum
964 3345 1145 3425 perfectum,
1168 3349 1200 3407 in
1222 3362 1301 3406 nen·
1321 3358 1355 3408 30

294 3451 399 3495 suram
426 3437 536 3496 aetatis
558 3436 758 3511 plenitudinis
788 3434 917 3507 Christi;
947 3442 983 3495 nt
1010 3438 1093 3496 nltrn
1120 3450 1181 3495 non
1210 3436 1302 3495 simne

360 3557 387 3625 e)
405 3554 455 3609 ile.
475 3559 518 3623 aa,
533 3560 575 3608 ee.
626 3556 653 3625 r)
670 3553 721 3608 Mt.
740 3558 784 3623 aa,
798 3558 841 3607 eo.

360 3701 377 3751 d
400 3699 482 3751 erunt
500 3696 528 3750 it
547 3699 628 3764 (602,
642 3699 675 3763 6;
698 3694 744 3749 loli.
763 3700 798 3749 11
820 3697 985 3763 e.13;32);
1010 3695 1076 3747 suni
1092 3691 1154 3748 Ao
1175 3693 1232 3747 rell.
1251 3692 1304 3746 oE

290 3765 380 3838 (siolo)
396 3769 407 3836 ll
426 3773 459 3821 15
481 3783 573 3836 neque
590 3784 607 3822 o
623 3768 633 3835 ΙΙ
652 3770 684 3819 16
707 3764 755 3820 uel
777 3766 827 3834 qui
847 3764 948 3819 ducere
966 3781 992 3833 e;
1014 3762 1101 3819 neom?
1118 3766 1128 3833 ll
1149 3766 1182 3816 ll
1200 3780 1256 3817 non
1274 3762 1303 3817 R

291 3843 349 3908 (34,
363 3842 452 3907 deq.);
469 3837 523 3892 hoc
542 3854 598 3892 non
611 3837 668 3892 rell.
682 3854 699 3892 o
711 3838 721 3906 p
734 3834 844 3891 faciunt
857 3836 906 3907 e¹p
918 3838 927 3907 ΙΙ
942 3841 975 3889 24
990 3835 1039 3905 qni
1053 3837 1082 3889 ei
1098 3836 1138 3902 R,
1157 3836 1186 3888 ei
1200 3850 1250 3889 oen.
1260 3835 1302 3902 A3

290 3912 336 3966 sed
353 3911 388 3977 ef.
402 3914 499 3978 211,2

1037 3994 1089 4048 38⁸
