3284 4459
746 515 768 558 ἃ
783 514 950 557 subustum

744 750 862 818 Oarur
883 752 955 817 XII.

345 901 392 961 De
405 901 613 974 paenitudine
630 902 908 975 praevaricationis
924 901 1052 974 primae,
1071 899 1107 959 ob
1121 915 1212 973 quom
1227 904 1358 959 aeterna

383 1004 486 1062 poena
509 989 646 1049 omnibus
669 988 1015 1134 debeafqszffissextm
1035 990 1172 1061 qratiam
1191 986 1314 1062 suerint

309 1229 326 1279 ὀ
434 1213 493 1275 Sed
516 1232 611 1293 poena
634 1222 752 1274 aeterna
780 1214 847 1273 ideo
871 1214 945 1273 dina
969 1222 999 1275 et
1020 1216 1129 1274 iniusta
1153 1213 1290 1275 sensibus
1316 1218 1357 1275 vi·
1459 1204 1460 1207 ¹

344 1305 432 1365 detur
451 1301 597 1382 humanis,
620 1304 688 1380 qnia
707 1304 737 1361 in
756 1301 811 1362 bac
830 1303 1001 1361 infirmitate
1020 1300 1265 1362 moribundorum
1289 1321 1356 1363 sen·

346 1411 434 1453 suum
461 1391 545 1451 deest
571 1389 620 1450 ille
649 1408 754 1449 sensus
782 1388 941 1449 altissimae
971 1392 1206 1468 purissimaeque
1239 1393 1355 1469 sapien·

345 1483 418 1560 tiae,
454 1497 515 1557 quo
547 1480 653 1538 sentiri
688 1480 783 1556 possit
817 1486 960 1555 quantum
998 1480 1080 1537 nelas
1117 1480 1147 1537 in
1180 1476 1228 1537 illa
1259 1481 1357 1557 prima

345 1569 595 1647 praevaricatione
614 1568 803 1626 commissum
824 1568 870 1626 sit.
916 1564 1033 1635 Quanto
1052 1568 1131 1625 enim
1151 1568 1242 1643 magis
1267 1566 1357 1626 homo

296 1669 327 1717 to
346 1655 500 1716 fruebatur
518 1653 589 1735 Deo,
612 1663 693 1714 tanto
714 1656 825 1714 maiore
848 1655 997 1732 impietate
1021 1652 1180 1731 dereliquit
1207 1653 1303 1715 Deum
1328 1664 1358 1715 et
1460 1652 1461 1665 ³

346 1744 442 1803 iaettrs
470 1750 516 1802 est
543 1741 618 1801 malo
646 1742 753 1820 dignus
780 1750 915 1822 aeterno,
944 1744 995 1821 qui
1021 1741 1078 1801 boc
1106 1744 1137 1802 in
1165 1760 1198 1801 se
1227 1746 1357 1821 peremit

346 1831 473 1909 bonum,
503 1829 581 1908 quod
611 1848 677 1890 esse
705 1838 806 1907 posset
834 1838 996 1890 aeternum.
1041 1829 1118 1890 llinc
1148 1838 1193 1890 est
1216 1832 1355 1890 untrersa

346 1921 465 1998 generis
487 1918 608 1978 humani
626 1936 721 1977 massa
744 1918 893 1998 damnata,
917 1920 1063 1997 quoniam,
1087 1920 1138 1995 qui
1161 1917 1218 1977 hoc
1241 1921 1358 1997 primns

346 2007 477 2086 admisit,
505 2024 573 2066 cum
601 2024 635 2065 ea
665 2024 740 2084 quae
768 2008 799 2065 in
826 2005 876 2065 illo
904 2006 1001 2066 luerat
1028 2005 1157 2067 radicata
1185 2024 1238 2066 sua
1263 2010 1357 2086 stirpe
1461 2078 1462 2085 ἵ

297 2107 328 2156 15
347 2097 470 2174 punitus
498 2103 558 2166 est,
586 2100 620 2153 ut
647 2092 745 2153 ntdlus
774 2093 810 2152 ab
838 2092 894 2153 boc
924 2096 1002 2153 iusto
1026 2092 1185 2172 debitoque
1209 2094 1357 2174 supplicio

348 2185 405 2243 nisi
429 2182 614 2242 misericordi
637 2189 668 2241 et
689 2179 819 2240 indebita
842 2183 933 2258 gratia
953 2180 1097 2241 liberetur
1121 2190 1208 2260 atque
1232 2184 1273 2243 ita
1297 2182 1356 2243 dis-

347 2273 494 2350 pertiatur
515 2288 610 2349 genus
633 2268 803 2349 humanum,
826 2276 860 2328 ut
883 2271 912 2329 in
935 2268 1111 2347 quibusdam
1135 2269 1358 2331 demonstretur

349 2359 418 2437 quid
444 2357 537 2418 valeat
565 2358 734 2417 misericors
761 2358 870 2436 gratia,
898 2357 930 2416 in
958 2359 1066 2417 ceteris
1094 2356 1165 2435 quid
1195 2360 1272 2418 iusta
1294 2360 1357 2419 vin·

349 2448 434 2507 dicta.
480 2445 582 2524 Neque
601 2447 680 2505 enim
699 2452 860 2521 utrumque
879 2444 1134 2505 demonstraretur
1156 2447 1187 2504 in
1210 2446 1358 2528 omuibus,
1462 2441 1463 2463 ¹

295 2548 330 2597 20
349 2537 431 2615 quia,
459 2536 485 2595 si
512 2551 616 2593 omnes
643 2541 831 2592 remanerent
853 2534 883 2592 in
906 2535 1011 2611 poenis
1033 2535 1128 2593 iustae
1152 2533 1358 2615 damnationis,

348 2626 379 2683 in
408 2621 488 2683 nullo
516 2628 672 2700 appareret
701 2621 871 2680 misericors
898 2622 1003 2700 gratia3
1033 2639 1139 2681 rursus
1167 2623 1192 2680 si
1215 2639 1318 2681 omnes
1343 2641 1359 2683 a

349 2710 480 2770 tenebris
516 2710 751 2769 transferrentur
793 2710 823 2767 in
865 2707 980 2788 lucem,
1015 2710 1047 2767 in
1083 2708 1164 2768 nullo
1201 2720 1360 2788 appareret

349 2801 457 2857 veritas
480 2796 610 2857 ultionis.
655 2795 689 2857 ln
712 2813 769 2873 qua
792 2805 951 2875 propterea
974 2796 1067 2856 multo
1090 2796 1192 2874 plures
1215 2816 1303 2874 quam
1327 2801 1359 2858 in

349 2885 396 2945 illa
435 2891 520 2965 sunt,
556 2893 591 2943 ut
626 2886 669 2944 sic
705 2884 880 2944 ostendatur
915 2883 985 2962 quid
1018 2884 1155 2945 omnibus
1188 2884 1360 2946 deberetur.

295 2987 331 3037 25
351 2972 436 3044 Quod
466 2973 492 3032 si
521 2970 659 3031 omnibus
686 2970 876 3052 redderetur,
906 2974 1046 3032 iustitiam
1075 2972 1250 3032 vindicantis
1280 2976 1361 3035 iuste

350 3078 437 3121 nemo
455 3058 701 3140 reprehenderem
725 3061 793 3137 qnia
816 3077 886 3119 vero
910 3067 970 3119 tam
992 3060 1078 3120 multi
1101 3060 1207 3121 exinde
1230 3061 1358 3123 liberan-

349 3159 413 3230 tur,
440 3156 487 3209 est
513 3147 592 3208 unde
620 3156 744 3225 agantur
770 3149 913 3207 maximae
941 3149 1052 3225 gratiae
1080 3150 1210 3226 gratuito
1240 3153 1360 3210 muneri

350 3236 511 3297 liberantis,

419 3466 435 3513 9
454 3460 502 3532 sit]
522 3461 565 3514 esi
584 3456 670 3514 ,Em
684 3462 694 3529 ll
709 3463 741 3512 10
761 3458 932 3527 derelinquit
947 3457 1034 3513 R¹A¹
1047 3460 1057 3527 ΙΙ
1072 3464 1104 3511 12
1123 3460 1253 3513 aeternus
1267 3442 1366 3530 wll

347 3548 469 3602 universi
483 3545 550 3603 Eme
564 3549 573 3616 ΙΙ
588 3552 620 3599 13
639 3546 770 3615 primitus
784 3564 801 3599 o
814 3549 824 3617 ΙΙ
839 3552 872 3600 16
888 3545 1062 3600 misericordi
1076 3546 1235 3618 RA(eq?);
1253 3547 1363 3601 miseri-

349 3618 444 3673 cordia
462 3619 592 3686 anoE
610 3619 656 3684 (of.
675 3622 728 3684 183
745 3620 794 3683 21)
808 3620 818 3687 Ι]
832 3622 864 3670 21
884 3617 979 3687 gratio
996 3634 1062 3683 ures3
1081 3635 1122 3687 gr.
1140 3618 1305 3672 redimentis
1322 3622 1365 3689 vl

348 3706 458 3742 rursum
475 3706 492 3743 o
