3284 4459
327 460 391 524 458
490 412 493 418 Ι
737 471 760 513 s.
779 470 945 513 Anonsrnu

327 618 500 689 putaremus
522 607 570 667 illa
598 606 674 666 bona
702 605 885 666 Hierusalem
913 606 948 665 ad
973 614 1107 666 nostrum
1130 605 1338 667 tantummodo

327 700 464 776 spiritum
488 698 651 774 pertinere:
674 694 714 755 Et
736 712 813 775 assa,
835 696 940 773 inquit,
963 701 1064 755 cestra
1087 702 1122 754 ut
1142 696 1239 755 barba
1263 713 1337 755 eaca-

327 789 465 857 rientur‚·
488 783 539 844 ubi
558 784 807 843 resurrectionem
827 800 984 861 corporum
1003 784 1133 864 strinxit,
1156 782 1235 842 volut
1255 783 1337 861 qnod

327 891 386 934 non
406 872 520 933 dixerat
537 871 678 950 reddens;
701 888 798 950 neque
821 874 899 931 enirn
924 889 991 931 cum
1015 870 1175 931 viderimus
1198 872 1257 945 iret,
1281 871 1336 931 sed

293 974 397 1021 ocrrm
425 961 515 1021 luerit
542 961 617 1020 iacta
644 958 817 1019 ridebimus.
863 958 935 1019 Nam
966 966 996 1019 et
1024 957 1060 1019 de
1089 958 1169 1019 caelo
1200 977 1275 1020 novo
1301 978 1337 1019 ac

328 1058 406 1109 terra
430 1066 504 1109 nova
526 1051 583 1109 iam
607 1065 696 1126 supra
720 1047 846 1125 dixerat,
869 1046 939 1107 dum
963 1064 1011 1123 ea,
1034 1065 1109 1125 quae
1133 1050 1242 1108 sanctis
1266 1066 1337 1126 pro-

330 1141 487 1199 mittuntur
513 1139 544 1197 in
573 1138 645 1216 linc,
673 1153 760 1214 saepe
788 1154 823 1195 ac
847 1135 1066 1196 multiformiter
1090 1135 1211 1196 diceret.
1256 1137 1337 1216 Erit,

329 1228 432 1305 inquit,
456 1230 572 1286 caetum
591 1241 698 1285 nouum
717 1231 747 1284 et
764 1231 851 1284 terra
869 1241 955 1298 nacta,
979 1231 1009 1285 et
1030 1240 1090 1285 nan
1113 1232 1204 1285 arant
1227 1242 1336 1286 memo-

328 1333 378 1376 res
398 1316 546 1390 priorum,
569 1330 626 1374 nec
648 1314 792 1373 ascendet
814 1315 845 1372 in
869 1328 924 1372 car
947 1315 1087 1387 ipsarum,
1110 1314 1166 1372 sed
1187 1316 1337 1373 laetitiam

275 1416 309 1463 10
328 1409 358 1464 et
379 1404 595 1463 exultationem
617 1404 770 1460 invenient
796 1403 828 1461 in
852 1418 897 1461 ea.
943 1401 1025 1461 Ecce
1047 1417 1102 1475 aaa
1122 1398 1240 1474 faciam
1263 1402 1337 1463 Hie-

327 1494 460 1552 rusalem
489 1492 703 1550 exultationem
739 1495 768 1549 et
802 1492 945 1565 papulam
977 1505 1074 1549 meam
1106 1491 1252 1549 laetitiam
1257 1510 1269 1561 ;
1307 1498 1340 1551 et

327 1580 469 1640 exultabo
497 1581 528 1637 in
556 1578 745 1637 Hierusalem
773 1585 804 1638 et
830 1577 968 1638 laetabor
995 1580 1025 1635 in
1052 1580 1163 1654 papula
1193 1594 1274 1649 meo;
1307 1587 1340 1640 et

327 1671 410 1727 altra
440 1684 499 1726 non
532 1668 676 1725 audietur
708 1669 739 1725 in
768 1668 820 1726 itta
848 1682 907 1725 con
930 1666 1034 1739 fletus,
1063 1673 1092 1725 et
1119 1672 1231 1746 cetera,
1259 1685 1338 1744 quae

329 1754 447 1833 quidam
480 1752 515 1813 ad
548 1752 613 1813 illos
645 1753 777 1813 carnales
809 1752 887 1812 rnille
917 1771 1009 1813 annos
1036 1754 1149 1814 reierre
1180 1764 1337 1816 conantur.

276 1855 309 1904 15
328 1842 507 1902 Locutiones
534 1844 612 1901 enim
640 1843 771 1920 tropicae
798 1842 927 1920 propriis
955 1842 1128 1920 prophetico
1159 1860 1242 1903 more
1265 1845 1337 1903 nris·

328 1939 447 2010 centur,
477 1938 510 1989 ut
538 1929 572 1989 ad
603 1929 785 1989 intellectum
813 1929 974 2008 spiritalem
998 1931 1121 1989 intentio
1145 1929 1242 1990 sobria
1267 1950 1337 1991 curn

328 2018 453 2097 quodam
487 2018 552 2078 utili
580 2035 613 2077 ac
648 2016 760 2077 salubri
789 2017 888 2078 labore
919 2020 1083 2098 perveniat3
1116 2020 1233 2097 pigritia
1264 2038 1338 2079 vero

327 2106 453 2166 carnalis
476 2106 520 2166 rel
550 2106 714 2167 ineruditae
738 2114 826 2184 atquc
849 2108 1058 2166 inexercitatae
1081 2106 1202 2167 tarditas
1226 2110 1338 2168 mentis

328 2202 466 2255 contenta
495 2194 608 2255 litterae
636 2194 793 2272 superficie
820 2193 892 2254 nibil
920 2202 1003 2272 putat
1032 2196 1158 2255 interius
1182 2197 1338 2273 requiren-

275 2297 309 2344 20
329 2283 408 2345 dnm
454 2282 531 2343 llaec
550 2282 586 2342 de
605 2281 787 2361 propheticis
804 2281 912 2361 verbis,
935 2300 1010 2360 qrrae
1033 2290 1100 2343 ante
1124 2286 1213 2343 istum
1236 2283 1339 2345 locum

328 2374 437 2450 scripta
461 2379 544 2451 sunt,
567 2373 638 2430 satis
661 2369 794 2430 dixerim.
841 2369 873 2429 ln
898 2370 953 2429 boo
977 2378 1075 2430 autem
1099 2370 1172 2453 loco,
1196 2371 1274 2431 unde
1298 2372 1337 2433 ad

328 2460 375 2519 illa
395 2460 519 2537 digressi
539 2477 650 2539 sturnus,
674 2476 741 2519 oum
760 2458 896 2519 dixisset:
919 2460 960 2518 Et
976 2476 1044 2519 ossa
1063 2466 1163 2519 cestra
1182 2467 1217 2520 ut
1237 2462 1338 2521 beroa

328 2551 520 2620 exorientur,
548 2556 581 2607 ut
604 2548 854 2606 resurrectionem
878 2548 975 2606 carnis
999 2546 1131 2627 quidem,
1160 2547 1211 2607 sed
1235 2556 1338 2609 tamen

329 2634 475 2694 bonorum
499 2652 531 2694 se
554 2653 634 2694 nunc
657 2651 887 2694 commemorare
911 2643 1103 2715 monstraret,
1127 2635 1272 2696 adiunxit:
1296 2638 1341 2697 Et

276 2735 310 2783 25
329 2729 529 2797 connascetur
557 2739 664 2782 manus
697 2724 820 2783 Domini
853 2725 1019 2783 calentibus
1054 2740 1128 2783 enm.
1182 2722 1257 2793 Quid
1289 2734 1339 2786 est

329 2810 385 2869 boc
410 2812 466 2870 nisi
484 2828 588 2870 manus
607 2809 815 2889 distinguentis
839 2809 968 2871 cultores
991 2829 1061 2870 suos
1085 2829 1099 2869 a
1124 2816 1336 2892 contemptori-

329 2898 385 2958 bus
409 2894 494 2958 suis?
539 2896 580 2956 De
604 2897 712 2976 quibus
736 2902 889 2977 sequentia
913 2908 1086 2960 contexens:
1110 2901 1151 2959 Et
1172 2905 1336 2961 commina-

329 2988 424 3061 bitur,
447 2987 559 3067 inquit‚
588 2988 828 3061 contumacibus,
860 2989 933 3067 sive,
961 2994 995 3046 ut
1017 2988 1057 3047 ait
1080 2986 1153 3047 alius
1177 2990 1338 3070 interpres

316 3077 504 3135 incredulis.
554 3073 614 3135 Nec
642 3082 713 3134 tuno
737 3074 977 3155 comminabitur,
1005 3074 1056 3134 sed
1085 3093 1159 3153 quae
1188 3094 1267 3137 nuno
1292 3078 1337 3137 di-

275 3176 310 3224 no
329 3170 438 3223 cuntur
457 3164 619 3242 minaciter,
642 3170 713 3222 tunc
731 3158 891 3223 ellicaoi'ter
910 3162 1118 3241 implebuntur.
1156 3164 1238 3225 Ecce
1255 3168 1339 3225 enim

330 3252 486 3324 Dominus,
514 3252 623 3328 inquit,
650 3258 684 3310 ut
712 3253 791 3325 tanis
813 3255 912 3312 veniet
935 3258 964 3311 et
986 3258 1019 3311 at
1042 3258 1200 3326 tempestas
1222 3270 1338 3314 curras

329 3342 406 3414 eius,
436 3340 568 3399 reddere
594 3342 624 3398 in
653 3341 862 3412 indicnatione
888 3341 1052 3400 uindictam
1079 3348 1109 3401 et
1138 3344 1339 3403 vastationem

401 3474 444 3540 13)
463 3471 535 3526 Esai.
556 3477 598 3538 65,
618 3476 649 3524 l'i
670 3488 728 3539 sqq.

328 3736 347 3790 d
383 3670 415 3789 ttt
440 3628 571 3717 descendet
592 3678 646 3717 mss
666 3663 697 3727 (l.
720 3668 761 3718 22
784 3679 806 3718 c.
831 3666 920 3730 3in.;
944 3666 1059 3722 Graece:
1083 3662 1216 3737 tuitdpb
1240 3684 1336 3723 ascen-

348 3753 382 3790 an
412 3750 428 3787 a
