3284 4459
326 477 390 540 622
734 489 754 531 u.
768 489 934 531 cucusum

325 624 483 686 Platonicis
501 624 749 705 disputationibus
768 624 977 703 congruebant.
1022 622 1121 684 Labeo
1144 625 1232 683 etiam
1256 622 1335 684 duos

326 713 397 774 dicit
424 731 483 774 uno
511 713 558 774 die
587 714 677 773 luisse
706 712 861 773 defunctos
889 720 920 773 et
946 714 1114 773 occurrisse
1141 714 1269 772 invicem
1301 714 1334 771 in

326 801 452 881 quodam
475 803 612 881 compito,
635 800 741 883 deinde
764 799 800 861 ad
824 818 949 879 corpora
972 818 1024 861 sua
1047 803 1145 861 iussos
1168 801 1260 860 luisse
1283 818 1333 860 re-

325 908 422 950 meare
440 897 471 950 et
489 894 677 952 constituisse
694 894 774 952 inter
788 911 820 952 se
835 894 945 952 amieos
959 911 991 952 se
1006 909 1072 951 esse
1085 893 1224 967 victuros,
1242 896 1335 968 atque

290 990 306 1038 5
326 981 366 1038 ita
385 996 451 1038 esse
471 979 589 1057 lacuum,
611 978 705 1037 donec
720 985 825 1069 postea
844 985 1040 1037 morerentur.
1086 976 1145 1038 Sed
1162 979 1213 1037 isti
1230 988 1334 1039 aucto-

325 1085 375 1127 res
405 1064 492 1126 talem
524 1066 774 1125 resurrectionem
806 1068 940 1144 corporis
973 1066 1078 1125 laetam
1109 1066 1200 1126 luisse
1230 1084 1334 1126 narra-

326 1163 405 1235 runt,
428 1154 529 1233 quales
548 1154 670 1213 luerunt
688 1171 800 1233 eorum,
824 1172 898 1232 quos
918 1156 1118 1214 resurrexisse
1141 1155 1278 1213 novimus
1302 1162 1335 1214 et

324 1242 394 1304 huic
427 1241 544 1321 quidem
575 1241 706 1302 redditos
736 1244 829 1323 vitae,
859 1240 910 1301 sed
941 1260 1001 1302 non
1031 1260 1067 1302 eo
1094 1242 1181 1302 modo
1208 1250 1243 1302 ut
1271 1260 1334 1302 non

325 1340 514 1391 morerentur
543 1329 676 1391 ulterius.
722 1328 883 1390 Mirabilius
913 1339 1012 1391 autem
1044 1330 1182 1408 quiddam
1211 1329 1334 1391 Marcus

274 1432 306 1478 to
326 1419 416 1479 Varro
449 1421 532 1499 ponit
559 1420 590 1479 in
619 1417 718 1498 libris,
748 1436 823 1496 quos
853 1420 1030 1498 conscripsit
1058 1417 1095 1479 de
1118 1426 1206 1497 gente
1228 1418 1334 1498 populi

325 1507 462 1587 Romani,
489 1509 573 1567 cuius
601 1508 701 1585 putavi
723 1505 812 1567 rerba
839 1508 902 1585 ipsa
930 1506 1075 1586 ponenda.
1125 1505 1334 1587 „Genethliaci

325 1597 443 1674 quidam
462 1597 654 1675 scripserunt,
677 1596 782 1674 inquit,
805 1613 870 1654 esse
893 1597 925 1654 in
947 1594 1138 1655 renascendis
1160 1594 1334 1655 hominihus

325 1702 413 1762 quarn
431 1682 577 1763 appellant
593 1683 816 1764 παλιγγενεσίαν
835 1681 952 1764 Graeci3
974 1682 1029 1743 hac
1053 1685 1237 1763 scripserunt
1260 1702 1332 1743 con-

325 1772 373 1832 fici
395 1775 425 1831 in
449 1774 533 1831 annis
562 1789 685 1831 numero
713 1770 937 1849 quadringentis
963 1771 1168 1852 quadraginta,
1194 1780 1229 1831 ut
1251 1771 1333 1831 idem

272 1870 305 1917 15
326 1877 434 1938 corpus
453 1868 483 1920 et
501 1859 602 1919 eadem
622 1861 726 1940 anima,
750 1877 825 1938 quae
844 1859 955 1919 iruerint
977 1862 1134 1920 coniuncta
1156 1862 1186 1919 in
1210 1859 1331 1920 homine

325 1946 489 2027 aliquando,
512 1946 614 2007 eadem
637 1965 742 2007 rursus
765 1947 887 2007 redeant
909 1950 941 2007 in
964 1942 1231 2008 coniunctionem.“
1270 1947 1332 2009 Iste

325 2035 416 2096 Varro
439 2035 559 2114 quidem
590 2037 651 2095 sive
681 2035 723 2095 illi
755 2035 930 2115 genethliaci
953 2039 1053 2096 neseio
1077 2038 1129 2115 qui
1152 2030 1226 2119 (non
1250 2038 1331 2096 enim

326 2125 442 2184 nomina
462 2142 564 2184 eorum
583 2122 720 2204 prodidit,
739 2142 865 2202 quorum
885 2126 1124 2184 commemoravit
1137 2119 1331 2205 sententiam)

325 2212 434 2291 aliquid
457 2211 608 2293 dixerunt,
636 2209 714 2290 qnod
742 2211 811 2271 licet
839 2212 944 2272 lalsum
967 2214 1006 2272 sit
1029 2206 1113 2293 (eum
1136 2214 1214 2272 euim
1238 2212 1331 2272 semel

272 2312 306 2359 20
325 2300 361 2360 ad
384 2300 486 2360 eadem
510 2317 633 2378 corpora
657 2318 731 2378 quae
755 2309 912 2378 gesserunt
934 2302 1046 2361 animae
1070 2300 1221 2380 redierint,
1243 2319 1331 2362 num·

325 2407 412 2468 quam
441 2406 474 2448 ea
502 2397 571 2448 sunt
597 2396 700 2467 postea
727 2381 917 2469 relicturae),
949 2397 1046 2449 tamen
1069 2388 1160 2449 multa
1183 2388 1262 2449 illius
1285 2391 1330 2449 in-

324 2475 535 2557 possibilitatis‚
559 2494 616 2554 qua
635 2486 738 2536 contra
757 2494 811 2536 nos
829 2479 879 2537 isti
897 2479 1040 2557 garriunt,
1063 2485 1235 2555 argumenta
1259 2496 1330 2538 con-

325 2565 404 2626 vellit
427 2573 457 2626 et
480 2564 614 2625 destruit.
661 2562 718 2634 Qui
741 2566 819 2624 enim
842 2564 899 2624 hoc
922 2566 1054 2625 sentiunt
1077 2566 1138 2624 sive
1160 2573 1331 2646 senserunt,

325 2672 384 2713 non
408 2656 451 2713 eis
474 2656 568 2714 visum
588 2661 634 2713 est
656 2653 721 2712 lieri
744 2670 803 2711 non
826 2670 922 2732 posse,
945 2660 979 2713 ut
1001 2652 1111 2731 dilapsa
1135 2652 1275 2712 cadavera
1297 2656 1330 2713 in

273 2751 305 2800 25
325 2759 411 2801 auras
441 2744 471 2801 ln
499 2740 663 2822 pulverem,
695 2743 725 2800 in
753 2742 883 2801 cinerem
913 2743 943 2801 iu
976 2758 1108 2821 umoreS,
1139 2742 1170 2800 in
1203 2758 1329 2820 corpora

324 2830 508 2889 vescentium
539 2828 700 2889 bestiarum
732 2828 777 2889 vel
804 2832 937 2908 ipsorum
965 2847 1082 2908 quoque
1109 2827 1262 2889 hominum
1291 2830 1328 2889 ad

324 2918 354 2978 id
384 2934 503 2977 rursum
531 2915 665 2996 redeant,
693 2916 771 2996 quod
800 2918 929 2978 luerunt.
975 2916 1161 2997 Quapropter
1187 2916 1270 2977 Plato
1298 2928 1329 2978 et

324 3004 520 3085 Porphyrius,
547 3003 593 3063 vel
620 3007 718 3083 potius
742 3008 921 3084 quicumque
943 3005 1010 3066 illos
1032 3005 1157 3083 dngunt
1179 3014 1210 3066 et
1232 3006 1329 3066 adhuc

325 3096 435 3169 vivunt,
459 3094 484 3152 si
503 3090 588 3151 uobis
607 3096 798 3154 consentiunt
820 3096 907 3154 etiam
932 3103 1047 3155 sanctas
1069 3096 1181 3154 animas
1204 3093 1239 3153 ad
1263 3112 1328 3154 cor-

271 3192 305 3241 30
324 3200 397 3262 pora
424 3180 584 3259 redituras,
612 3182 689 3241 sicut
714 3184 755 3242 ait
776 3181 873 3262 Plato,
903 3200 958 3243 nec
985 3192 1084 3242 tamen
1113 3181 1148 3241 ad
1172 3181 1246 3241 mala
1269 3181 1328 3242 ulla

325 3270 481 3350 redituras,
504 3270 581 3328 sicut
603 3270 644 3328 ait
664 3268 856 3349 Porphyrius,
879 3279 912 3331 ut
934 3289 970 3330 ex
993 3271 1038 3331 his
1061 3271 1111 3330 liat
1133 3288 1329 3352 consequeus,

325 3358 404 3438 quod
427 3356 499 3417 tides
527 3356 676 3436 praedicat
705 3355 882 3439 Christiana,
909 3359 978 3418 talia
1000 3376 1123 3437 corpora
1146 3367 1329 3439 recepturas,

324 3449 355 3506 in
379 3444 487 3525 quihus
511 3447 573 3504 sine
593 3444 653 3504 ullo
672 3444 747 3504 malo
770 3447 800 3504 in
825 3453 978 3508 aeternum
1002 3446 1127 3507 feliciter
1149 3447 1256 3527 vivant,
1278 3445 1327 3506 ad-

391 3560 416 3623 1)
435 3556 475 3609 Pl.
494 3573 551 3625 rep.
573 3562 636 3622 614,
652 3557 682 3609 B.

390 3684 406 3729 4
421 3693 449 3730 se
464 3679 578 3731 alterum
589 3694 639 3732 om.
650 3676 744 3733 atum
757 3683 766 3748 ΙΙ
782 3685 795 3731 l
811 3680 903 3748 qualis
916 3681 1009 3734 fuerat
1020 3681 1046 3735 G
1057 3683 1068 3750 11
1083 3688 1114 3734 11
1130 3698 1190 3736 csse
1199 3682 1333 3751 ponenda

318 3764 369 3816 9²²3
387 3762 448 3801 esse
466 3764 516 3802 om.
536 3749 650 3803 RAGu
669 3750 725 3803 rell.
747 3751 755 3817 ΙΙ
777 3754 810 3803 13
830 3751 883 3803 hac
902 3753 997 3820 scrips.
1016 3769 1066 3822 po3
1093 3752 1166 3806 hunc
1184 3753 1280 3822 scripu.
1300 3771 1330 3821 ας
1372 3748 1375 3755 ’

318 3834 370 3886 has
380 3836 474 3903 serips.
486 3838 525 3902 113
540 3835 668 3904 asscrips.
679 3835 827 3904 RGuE‘l3
842 3837 930 3892 odscr.
939 3828 1051 3907 mmet,
1066 3839 1179 3909 ascrips.
1192 3857 1218 3906 ες
1233 3857 1282 3895 om.
1290 3843 1332 3911 pl!

320 3910 353 3955 22
374 3910 464 3971 quae?
483 3908 491 3972 ll
510 3911 542 3958 at
562 3922 670 3957 rursum
691 3908 717 3958 R
