3284 4459
506 511 547 552 ns
561 509 703 552 emim
716 510 770 551 nm
783 511 809 551 n.
823 511 886 552 m
901 511 924 553 c.
938 513 972 553 ιτ.
984 512 1017 552 18.
1033 512 1065 552 ιε,
1228 495 1292 561 155

284 653 350 705 erat
377 663 473 705 annus
500 647 619 705 circiter
648 644 843 705 millensimus
865 645 1107 706 ducentensimus
1132 654 1199 705 ante
1223 662 1292 705 eon·

282 733 376 794 ditem
400 732 532 815 Romam,
553 732 644 793 veluti
666 732 788 793 alteram
810 735 842 793 in
865 733 1018 793 occidente
1041 731 1238 813 Babyloniam.

657 937 776 1008 CAPUT
800 939 921 1006 XVHI.

283 1072 332 1134 De
359 1074 471 1131 iterato
499 1071 630 1144 alloquio
657 1069 717 1129 liei
742 1071 786 1129 ad
806 1070 975 1147 Abraham,
1002 1085 1063 1144 quo
1086 1072 1117 1128 ei
1136 1074 1169 1129 ei
1188 1071 1297 1145 semini

508 1161 572 1218 eius
598 1158 747 1218 Chanaan
770 1164 857 1218 terra
875 1161 1072 1233 promittitur.
1312 1167 1330 1217 5

374 1279 522 1360 Egressus
558 1298 628 1359 ergo
665 1278 811 1340 Abraham
846 1277 883 1339 de
915 1278 1026 1340 Charra
1058 1281 1294 1360 septuagensimo

286 1373 392 1450 quinto
421 1387 498 1430 anno
526 1371 629 1429 aetatis
659 1385 742 1448 suae,
773 1369 956 1428 centensimo
984 1377 1083 1428 eutem
1112 1368 1295 1447 quadragen-

283 1462 361 1519 simo
385 1466 415 1518 et
439 1459 543 1536 quinto
565 1458 659 1537 patris
682 1457 738 1529 sui,
761 1473 831 1516 cum
848 1453 923 1516 Loth
947 1455 1006 1516 iilio
1030 1457 1129 1516 fratris
1153 1466 1183 1517 et
1206 1455 1295 1516 Sarra

286 1549 412 1625 coniuge
433 1546 566 1624 perrexit
587 1547 618 1604 in
641 1555 752 1606 terram
771 1543 906 1604 Chanaan
929 1553 960 1604 ei
981 1546 1117 1624 pervenit
1140 1562 1234 1622 usque
1258 1543 1294 1604 ad

283 1634 418 1714 Sichem,
449 1634 501 1695 uhi
533 1653 637 1696 rursus
665 1633 796 1697 divinum
825 1639 939 1715 aceepit
966 1633 1134 1715 oraculum,
1171 1634 1207 1696 de
1235 1654 1293 1716 quo
1313 1650 1347 1699 ιο

285 1726 326 1784 ita
354 1726 498 1802 scriptum
526 1733 583 1784 est:
611 1725 651 1784 Et
676 1729 821 1800 apparuit
844 1725 991 1786 Dominus
1012 1727 1130 1801 Abrae,
1162 1731 1191 1784 et
1214 1727 1295 1787 dixit

286 1826 345 1885 ilii:
378 1823 495 1884 Semini
525 1829 576 1884 tuo
608 1823 687 1883 dabo
718 1829 834 1882 terram
861 1822 951 1882 hane.
996 1819 1075 1881 Nihil
1103 1820 1152 1881 hie
1178 1820 1215 1882 de
1245 1821 1294 1881 illo

288 1913 401 1971 semine
425 1909 537 1971 dictum
561 1919 616 1990 est,
639 1912 670 1971 in
694 1927 752 1988 quo
776 1918 860 1988 pater
883 1909 978 1970 iaetus
1002 1918 1048 1970 est
1070 1911 1202 1969 omnium
1224 1926 1294 1988 gen·

285 2001 370 2078 tium,
394 1998 446 2060 sed
465 1999 501 2058 de
520 1998 569 2059 ilio
593 1998 665 2078 solo,
687 1997 724 2058 de
748 2015 807 2076 quo
830 2005 915 2076 pater
936 2006 983 2058 est
1005 1999 1094 2058 unius
1117 1997 1294 2058 israeliticae

285 2090 399 2169 gentis3
423 2085 459 2148 ab
483 2085 540 2147 hoe
563 2087 642 2148 enim
665 2086 777 2146 semine
800 2092 881 2145 terra
904 2084 953 2146 iiia
974 2103 1112 2166 possesse
1135 2094 1188 2149 esi.
1314 2098 1347 2146 15

678 2307 796 2376 cipum
814 2310 902 2376 XIX

312 2442 358 2501 Be
381 2439 501 2500 Sarrae
519 2439 671 2515 pudicitia
695 2440 727 2498 in
749 2438 885 2515 aeqypto
905 2457 964 2516 per
987 2439 1083 2503 licum
1104 2438 1268 2513 custodita,

361 2544 452 2603 quam
473 2526 630 2587 Abraham
652 2543 712 2588 non
735 2543 863 2587 uxorem
885 2544 972 2587 suam
995 2544 1059 2588 esse
1082 2527 1214 2600 diverat,

677 2615 733 2674 sed
753 2631 896 2676 sororem.

375 2737 487 2799 Deinde
510 2736 662 2798 aedificato
684 2736 725 2797 ibi
748 2736 833 2798 altari
854 2746 885 2799 ei
906 2739 1041 2798 invocato
1065 2737 1125 2798 Deo
1148 2735 1295 2798 Abraham
1311 2749 1347 2800 20

284 2827 438 2906 proiectus
465 2835 511 2886 esi
538 2824 606 2886 inde
635 2833 665 2886 et
692 2823 832 2886 habitavit
859 2828 891 2886 in
917 2843 1018 2886 eremo
1046 2836 1134 2905 atque
1157 2825 1225 2885 inde
1248 2828 1293 2886 ire

283 2917 316 2975 in
330 2914 494 2994 Aegyptum
513 2914 597 2974 samis
616 2915 790 2974 necessitate
811 2913 972 2993 conpulsus
991 2922 1044 2974 esi.
1088 2911 1146 2974 Ubi
1168 2932 1292 2976 uxorem

283 3020 368 3063 suam
397 3001 470 3062 dixit
500 3018 649 3081 sororem,
678 3000 750 3062 nihil
777 3004 934 3080 mentitus3
964 3011 1027 3061 erat
1060 3002 1139 3061 enim
1167 3011 1197 3062 et
1226 3001 1293 3083 hoc,

284 3092 354 3170 quia
371 3091 538 3170 propinqua
557 3098 620 3149 erat
638 3092 795 3171 sanguine3
814 3092 892 3151 sicut
911 3092 999 3150 eiiam
1017 3088 1093 3150 Loth
1107 3089 1210 3150 eadem
1223 3109 1291 3170 pro·

282 3180 466 3258 pinquitete,
496 3194 564 3238 cum
591 3177 692 3238 fratris
719 3179 784 3239 eius
811 3186 892 3239 esset
918 3177 1010 3259 filius,
1037 3179 1130 3240 irater
1157 3181 1222 3239 eius
1245 3186 1292 3241 est
1311 3191 1345 3240 25

283 3267 391 3327 dictus.
427 3265 529 3345 ltaque
548 3282 671 3327 uxorem
694 3268 795 3347 tacuit,
817 3284 878 3327 non
900 3268 1026 3347 negavit,
1048 3268 1184 3346 coniugis
1206 3274 1291 3326 tuen-

282 3355 350 3415 dam
369 3353 542 3433 pudicitiam
557 3356 745 3414 committens
759 3351 820 3413 Deo
839 3363 870 3414 et
887 3352 1031 3414 humanas
1044 3354 1166 3414 insidias
1185 3372 1291 3414 cavens

283 3451 318 3524 m
339 3441 441 3522 homo;
470 3444 622 3524 quoniam,
652 3443 678 3502 si
700 3441 866 3522 periculum
889 3451 1032 3521 quantum
1054 3444 1152 3504 caveri
1174 3450 1292 3521 poterat

356 3532 399 3599 12)
418 3527 485 3586 Gen.
507 3537 548 3597 12,
563 3536 587 3586 ⁵1.
643 3535 687 3604 23)
707 3531 774 3588 Gen.
793 3540 937 3608 12‚‘1eqq.

354 3658 370 3706 6
389 3670 516 3724 egressus
535 3658 578 3710 est
594 3657 643 3712 Rs
658 3659 667 3727 [Ι
682 3663 712 3711 11
735 3657 857 3715 abrahae
875 3677 929 3716 mss
944 3679 962 3716 v
974 3664 985 3732 fl
999 3668 1032 3716 13
1051 3663 1158 3718 dictum
1178 3663 1292 3732 70³1„

281 3725 632 3851 fiffiffimfflmpv
645 3730 654 3798 ΙΙ
669 3734 701 3782 17
718 3728 845 3800 ἀῆωΓρ
858 3733 868 3800 ΙΙ
882 3736 914 3785 21
928 3731 1041 3787 heremo
1057 3732 1291 3806 V¹RFGae9p3
