3284 4459
334 493 400 557 394
739 502 940 545 s.auausrm1

334 643 517 702 confinxerit
564 638 658 711 eram
686 637 743 698 sibi
770 646 887 698 constet
909 636 954 697 vel
977 640 1042 716 ipsa
1064 636 1183 698 oracula
1206 638 1287 697 iuter
1308 655 1341 698 se

334 732 422 791 iaciat
451 730 624 808 convenire,
656 736 758 806 postea
789 724 967 806 videbimns3
1000 725 1049 786 hic
1079 734 1178 787 mmeo
1209 724 1343 807 ludaeos,

335 827 484 896 tamquam
503 817 556 876 Ilei
573 824 773 897 susceptores,
795 823 878 875 recte
897 816 969 874 dicit
990 816 1137 876 iudicasse
1160 813 1197 874 de
1217 813 1345 894 Christo,

334 906 413 985 quod
443 923 510 965 eum
537 911 632 965 morte
661 906 787 982 pessima
818 901 1050 963 excruciandum
1073 920 1139 962 esse
1162 905 1345 964 censuerint

300 1004 316 1054 a
334 994 414 1056 Deus
432 997 530 1072 itaque
549 992 733 1070 ludaeorum,
757 993 806 1052 cui
828 990 965 1069 perhibet
988 992 1200 1067 testimonium,
1223 990 1345 1051 audien·

335 1081 391 1143 dus
406 1083 462 1143 luit
480 1081 595 1142 dicens:
614 1081 804 1153 Sacrificant
824 1081 883 1140 diis
901 1080 1115 1140 medicabitur
1141 1081 1204 1140 nisi
1216 1079 1345 1141 Domino

335 1179 459 1232 tantum.
506 1167 564 1230 Sed
582 1168 617 1228 ad
637 1168 837 1228 manifestiora
856 1169 1008 1227 veniamus
1026 1175 1057 1227 et
1079 1167 1233 1228 audiamus
1256 1185 1345 1246 qnam

336 1277 473 1338 magnum
502 1257 596 1317 Deum
620 1257 697 1316 dicat
720 1273 785 1316 esse
813 1255 999 1316 ludaeorum.
1046 1255 1118 1315 ltem
1143 1255 1179 1315 ad
1202 1273 1246 1336 ea,
1269 1274 1346 1335 quae

336 1349 527 1425 interrogavit
550 1344 722 1424 Apollinem,
744 1344 814 1422 quid
840 1343 954 1424 molius,
977 1342 1100 1403 verbum
1123 1346 1184 1404 sive
1207 1346 1284 1405 ratio
1308 1361 1347 1405 au

286 1448 319 1498 to
335 1436 396 1497 lex:
418 1433 611 1517 „Respondit
633 1434 739 1512 inquit,
763 1430 897 1491 versibus
921 1431 993 1492 haec
1012 1427 1143 1492 dioens“
1177 1431 1219 1492 Ac
1238 1431 1347 1493 deinde

337 1523 445 1585 subicit
468 1521 609 1602 Apollinis
633 1539 749 1601 versus,
778 1523 809 1579 in
833 1519 941 1598 quibus
964 1529 995 1580 et
1016 1522 1066 1581 isti
1090 1527 1172 1601 sunt,
1197 1529 1231 1580 ut
1253 1539 1347 1598 quan·

336 1623 400 1673 tum
424 1614 494 1672 satis
518 1617 563 1670 est
586 1608 653 1668 inde
678 1609 850 1687 decerpam:
872 1607 924 1688 „ln
949 1607 1041 1668 lleum
1065 1626 1144 1689 vero,
1167 1611 1273 1690 inquit,
1296 1627 1347 1688 ge·

337 1711 505 1760 neratorem
528 1699 611 1758 etin
635 1714 734 1776 regem
759 1705 826 1757 ante
850 1699 961 1777 omnia,
991 1714 1080 1774 quem
1104 1699 1206 1757 tremit
1228 1705 1258 1760 et
1281 1712 1347 1758 cae·

337 1787 399 1848 lurn
429 1796 459 1848 et
488 1795 567 1847 terra
600 1795 687 1864 atque
718 1801 798 1844 mare
826 1794 857 1846 et
885 1785 1069 1845 infernorum
1099 1783 1198 1845 abdita
1226 1793 1256 1846 et
1283 1788 1349 1865 ipsa

287 1886 319 1936 15
339 1877 458 1936 numina
477 1873 722 1954 perhorrescunt3
746 1891 873 1951 quorum
892 1872 939 1932 lex
962 1882 1009 1934 est
1031 1872 1128 1956 Pater,
1151 1892 1240 1952 quem
1263 1873 1348 1936 valde

339 1965 433 2024 seneli
461 1962 608 2022 honorant
630 1956 785 2022 llebr·aei.“
810 1954 894 2020 'Tali
921 1960 1040 2022 oraculo
1064 1960 1112 2022 dei
1135 1965 1183 2022 sui
1204 1961 1349 2042 Apollinis

338 2051 520 2130 Porphyrius
539 2058 598 2110 tam
618 2067 756 2128 magnum
775 2048 868 2109 Deum
892 2049 966 2109 dixit
985 2048 1197 2130 Hebraeorum,
1220 2058 1254 2110 ut
1278 2069 1347 2111 oum

339 2150 369 2201 et
396 2142 459 2218 ipsa
487 2141 606 2198 numina
634 2137 871 2216 perhorrescant.
918 2135 992 2197 Cum
1022 2155 1092 2215 ergo
1117 2136 1196 2198 [leus
1223 2140 1281 2198 iste
1304 2138 1347 2199 di·
1458 2180 1459 2183 κ

339 2226 428 2289 uerit:
461 2228 650 2301 Sacrificant
682 2228 741 2286 diis
779 2225 1009 2299 eradicabitur,
1046 2228 1138 2285 miror
1170 2225 1249 2304 quod
1266 2229 1347 2306 'ipse

286 2329 320 2380 20
339 2317 520 2396 Porphyrius
549 2333 608 2376 non
635 2314 841 2395 perhorruerit
868 2321 898 2373 et
929 2313 1098 2373 sacrificans
1125 2313 1181 2374 diis
1204 2314 1350 2376 eradicari

339 2423 399 2467 nou
423 2404 631 2465 formidaverit.

428 2493 505 2553 llicit
528 2494 615 2552 etiam
643 2490 719 2550 bona
747 2488 939 2568 philosophus
963 2491 1020 2549 iste
1044 2488 1080 2549 de
1104 2488 1235 2570 Christo‚‘
1263 2493 1350 2570 quasi

340 2580 450 2641 oblitus
468 2580 555 2659 illiue,
578 2578 614 2639 de
633 2597 691 2657 qua
709 2577 795 2656 paulo
815 2587 882 2638 ante
902 2577 993 2638 locuti
1016 2596 1129 2654 sumus,
1152 2580 1349 2641 contumeliae

341 2686 425 2746 strae,
453 2675 504 2728 aut
532 2668 616 2746 qnasi
643 2669 673 2725 iu
702 2668 812 2725 somnis
840 2665 881 2725 dii
913 2667 977 2726 eius
1002 2666 1207 2727 maledixerint
1229 2666 1350 2729 Christo

288 2766 322 2816 aa
341 2764 371 2816 et
394 2754 563 2832 evigilantes
587 2771 654 2813 eum
678 2751 789 2813 bonum
811 2771 877 2814 esse
902 2756 1093 2833 cognoverint
1116 2754 1262 2833 digneque
1286 2755 1351 2818 lau·

342 2843 482 2903 daverint.
529 2840 660 2919 [leuique
680 2848 829 2918 tamquam
853 2841 985 2902 mirabile
1008 2841 1117 2921 aliquid
1142 2851 1229 2922 atque
1253 2846 1352 2905 incre·

342 2930 430 2991 dibile
462 2928 645 3008 prolaturus:
676 2928 823 3010 „Praeter
854 2932 1036 3011 opinionem,
1068 2933 1182 3012 inquit,
1214 2932 1353 3011 prolecto
1459 3004 1460 3009 η

342 3018 518 3098 quibusdam
546 3017 679 3078 videatur
707 3035 771 3078 esse
799 3018 879 3096 quod
907 3018 1017 3079 dicturi
1041 3037 1152 3079 sumus.
1198 3018 1354 3082 Christum

342 3108 420 3167 enim
445 3106 485 3166 dii
504 3107 668 3185 piissimum
687 3109 954 3184 pronuntiaverunt
977 3114 1007 3167 et
1029 3107 1215 3167 inmortalem
1239 3109 1353 3170 lactum

290 3203 373 3264 teet
396 3211 464 3255 cum
491 3193 568 3254 hona
595 3192 811 3272 praedicatione
842 3197 907 3254 eius
930 3197 1144 3277 memineruut3
1167 3195 1354 3259 Christianos

342 3302 412 3344 vero
435 3281 572 3362 pollutos,
594 3283 699 3361 inquit,
723 3290 753 3342 et
771 3285 984 3344 contaminatos
1007 3291 1038 3344 et
1060 3301 1163 3344 errore
1186 3284 1354 3363 implicatos

342 3389 408 3432 esse
441 3371 544 3431 dicunt
576 3378 606 3430 et
639 3370 738 3430 multis
770 3369 878 3430 talibus
908 3370 1048 3431 adversus
1079 3388 1131 3431 eos
1160 3370 1354 3451 blasphemiis

415 3525 458 3592 16)
477 3520 518 3577 cf.
536 3521 662 3575 Lectant.
676 3521 717 3592 ¹de
734 3520 777 3576 iro
794 3520 848 3575 Dei
865 3537 889 3576 c.
908 3527 951 3578 2³.
989 3525 1032 3590 19)
1051 3522 1137 3578 Exod.
1157 3529 1201 3592 22,
1219 3530 1261 3580 20.
1337 3580 1339 3585 .

337 3667 339 3670 Ι
415 3698 428 3744 1
448 3706 533 3758 quom
551 3704 614 3742 vero
634 3687 688 3742 sibi
705 3705 722 3741 o
739 3689 749 3757 ll
767 3691 783 3740 6
803 3686 839 3741 do
858 3689 903 3767 (².
917 3687 976 3769 deo)
992 3685 1071 3810 Rolp
1089 3691 1169 3756 dopo.
1189 3684 1241 3754 dih,
1260 3684 1290 3739 di
1304 3685 1357 3756 Rp

345 3765 377 3817 rt
396 3764 425 3816 et
443 3759 523 3830 cael]
543 3759 572 3812 eh
590 3774 640 3812 om.
659 3757 776 3827 many
793 3757 803 3825 l
822 3761 855 3809 1‘1
875 3756 947 3809 dunt
965 3770 1024 3810 esse

515 4091 657 4158 A
