3284 4459
568 537 608 578 nu
622 537 761 578 orvrrarn
774 539 827 578 nm
840 540 865 579 n.
879 540 940 581 xva
954 541 976 581 o.
990 543 1010 582 a.
1218 528 1280 591 127

379 666 481 729 Restat
503 687 731 731 commemorare
750 672 824 731 tilios
842 671 919 752 Sem,
941 677 1057 734 maximi
1079 675 1130 736 tilii
1148 675 1222 758 Noe3
1245 675 1280 735 ad

290 773 359 816 eum
393 759 501 834 quippe
532 757 673 834 gradatim
705 761 925 836 generationum
955 763 1077 821 istarum
1106 767 1238 840 pervenit
1264 781 1281 824 a

289 845 412 902 minimo
441 852 541 903 exorta
568 847 704 906 narratio.
749 845 806 905 Sed
835 847 912 906 unde
938 849 1082 927 incipiunt
1108 868 1281 910 commemo·

290 931 352 989 rari
379 929 431 990 tilii
459 931 540 1012 Sem,
566 929 653 992 habet
679 933 814 1010 quiddam
837 933 1036 1015 obscuritatis,
1068 937 1145 1014 quod
1168 940 1280 1015 exposi-

290 1019 373 1076 tione
395 1016 608 1078 inlustraudum
632 1028 689 1098 est,
717 1023 784 1097 quia
806 1027 836 1079 et
858 1021 981 1081 muitum
1003 1021 1038 1082 ad
1061 1041 1124 1082 rem
1146 1026 1317 1104 pertineto

292 1121 379 1181 quam
408 1107 596 1182 requirimus.
642 1105 690 1166 Sic
718 1108 794 1166 enim
824 1107 942 1185 iegitur:
968 1111 1009 1168 Et
1030 1111 1097 1170 Sem
1118 1119 1281 1185 natusest,

290 1199 322 1253 et
344 1195 404 1267 e'pst'
420 1195 508 1267 putri
528 1196 657 1253 omnium
671 1197 811 1273 filiorum,
834 1197 942 1270 Heber,
961 1194 1060 1271 [ratri
1073 1199 1198 1272 Iopbetb
1220 1217 1281 1258 mo·

292 1282 360 1338 iori.
398 1277 477 1338 Ordo
495 1278 651 1339 verborum
670 1288 727 1340 est:
749 1279 786 1340 Et
805 1281 873 1341 Sem
896 1291 981 1342 natus
1003 1291 1049 1344 est
1066 1283 1172 1364 Heber,
1195 1289 1282 1344 etiam

291 1367 358 1445 ipsi,
380 1365 410 1425 id
433 1374 478 1426 est
499 1367 555 1444 ipsi
575 1366 651 1446 Sem,
673 1376 759 1427 natus
781 1377 826 1428 est
844 1367 950 1449 Heber,
972 1373 1022 1448 qui
1041 1369 1110 1430 Sem
1132 1380 1215 1449 pater
1238 1382 1282 1431 est

292 1455 423 1513 omnium
450 1453 584 1514 tiliorum.
631 1453 698 1514 Sem
727 1473 796 1533 ergo
821 1457 1015 1534 patriarcham
1041 1458 1171 1536 intellegi
1192 1458 1281 1519 voluit
1301 1471 1338 1520 10

291 1541 436 1619 omnium,
460 1543 510 1618 qui
532 1539 568 1600 de
592 1543 683 1620 stirpe
707 1543 770 1602 eius
792 1545 886 1602 exorti
909 1551 989 1624 sunt,
1012 1563 1086 1622 quos
1108 1563 1281 1605 commemo·

292 1636 412 1686 raturus
435 1636 494 1707 est,
523 1630 583 1687 sive
607 1631 665 1688 sint
687 1628 751 1709 filii,
777 1632 837 1688 sive
861 1640 982 1709 nepotes
1003 1640 1033 1691 et
1054 1640 1231 1710 pronepotes
1253 1640 1284 1692 et

292 1713 431 1792 deinceps
458 1714 587 1774 indidem
614 1717 716 1776 exorti.
759 1715 825 1775 Non
852 1735 921 1776 sane
948 1720 1035 1778 istum
1059 1717 1156 1779 Heber
1183 1721 1285 1797 genuit

293 1800 370 1880 Sem,
394 1801 445 1860 sed
469 1801 505 1861 ab
526 1801 575 1862 illo
595 1804 714 1880 quintus
735 1805 765 1862 in
788 1807 1007 1882 progenitorum
1030 1808 1105 1865 serie
1127 1809 1283 1885 reperitur.

294 1887 363 1947 Sem
392 1891 500 1967 quippe
528 1891 606 1948 inter
633 1889 704 1948 alios
729 1890 804 1949 filios
826 1893 928 1968 genuit
948 1891 1108 1971 Arpbaxat,
1137 1893 1283 1971 Arpbaxat
1302 1905 1337 1955 15

293 1977 395 2052 genuit
421 1975 544 2053 Cainan,
575 1975 682 2036 Cainan
710 1979 811 2054 genuit
842 1976 922 2057 Sala,
953 1977 1017 2038 Saia
1048 1982 1150 2057 genuit
1177 1979 1283 2042 Heber.

290 2063 356 2124 Non
379 2067 481 2142 itaque
503 2064 614 2125 irustra
634 2065 698 2142 ipse
715 2067 830 2143 primus
849 2073 895 2123 est
912 2065 1080 2124 nominatus
1097 2065 1129 2122 in
1147 2065 1288 2141 progenie

291 2155 429 2212 veniente
456 2152 493 2211 de
516 2151 585 2211 Sem
612 2160 643 2212 et
664 2150 811 2230 praelatus
831 2153 919 2210 etiam
941 2150 1022 2225 tiliis,
1050 2168 1117 2210 oum
1140 2153 1180 2210 sit
1202 2151 1287 2228 quin·

292 2248 341 2300 tus
368 2257 474 2318 nepos,
502 2242 559 2298 nisi
587 2241 655 2317 quia
682 2256 784 2298 verum
811 2247 870 2318 est,
897 2237 975 2316 quod
1002 2237 1142 2317 traditur,
1174 2255 1211 2297 ex
1237 2237 1287 2296 iiio

291 2325 442 2387 Hebraeos
473 2344 538 2386 esse
568 2328 800 2406 cognominatos,
832 2335 979 2403 tamquam
1006 2324 1187 2405 Heberaeos3
1219 2343 1286 2384 oum
1305 2331 1343 2380 to

292 2423 322 2474 et
344 2414 400 2474 alia
418 2417 512 2492 possit
534 2431 600 2474 esse
623 2415 731 2493 opinio,
753 2422 787 2474 ut
809 2431 846 2473 ex
863 2412 1010 2474 Abrabam
1032 2421 1179 2490 tamquam
1197 2411 1287 2472 Abra-

292 2501 358 2562 haei
385 2501 458 2562 dieti
483 2519 549 2561 esse
577 2501 743 2581 videantur3
776 2500 827 2560 sed
855 2503 994 2562 nimirum
1021 2500 1077 2560 boo
1105 2518 1207 2559 uerum
1234 2508 1289 2579 est,

296 2587 372 2664 quod
402 2605 438 2646 ex
464 2585 562 2647 Heben
588 2587 730 2648 Heberaei
760 2588 894 2666 appellati
921 2597 1005 2667 sunt,
1036 2607 1069 2649 ao
1097 2587 1201 2648 deinde
1228 2604 1286 2646 una

294 2675 401 2734 detrita
419 2675 516 2734 littera
534 2674 667 2755 Hebraei,
690 2693 776 2753 quam
799 2675 926 2753 linguam
948 2675 1029 2736 solus
1050 2674 1140 2734 israel
1160 2674 1287 2752 populus

292 2763 390 2840 potuit
412 2761 558 2842 obtinere,
585 2765 615 2822 in
643 2781 701 2840 quo
723 2761 777 2822 Dei
799 2765 900 2822 civitas
923 2770 952 2822 et
974 2766 1005 2822 in
1028 2763 1135 2822 sanctis
1157 2763 1286 2840 peregri·
1304 2769 1341 2820 nt>

293 2856 360 2908 nata
393 2856 438 2908 est
469 2857 498 2908 et
528 2852 558 2908 in
590 2848 726 2909 omnibus
761 2858 942 2909 sacramento
973 2849 1151 2909 adumbrata.
1195 2847 1287 2926 igitur

179 2931 180 2968 ³
292 2936 344 2995 filii
364 2935 433 2994 Sem
451 2938 533 3014 prius
552 2955 604 2997 sex
622 2940 816 3016 nominantur,
839 2935 944 2996 deinde
962 2955 998 2995 ex
1021 2954 1079 2995 uno
1102 2952 1205 2996 eorum
1227 2936 1288 2994 nati

179 3049 180 3086 t
293 3030 363 3082 sunt
391 3031 529 3100 quattuor
556 3032 679 3102 nepotes
708 3025 787 3103 eius,
818 3025 947 3100 itemque
974 3023 1047 3082 alter
1070 3022 1195 3082 tiliorum
1219 3021 1288 3081 Sem

179 3087 181 3180 ζ
292 3111 395 3187 genuit
417 3111 481 3170 eius
504 3120 648 3189 nepotem,
670 3118 757 3188 atque
781 3127 817 3169 ex
839 3109 888 3169 ilio
911 3110 1012 3170 itidem
1033 3127 1180 3188 pronepos
1202 3117 1288 3168 natus

179 3197 181 3246 i
294 3205 339 3256 est
371 3205 459 3274 atque
490 3196 557 3256 inde
585 3195 727 3277 abnepos,
758 3198 810 3275 qui
837 3205 883 3256 est
904 3196 1010 3257 Heber.
1055 3196 1163 3256 Genuit
1191 3204 1288 3255 autem
1306 3207 1343 3255 oo

179 3325 180 3336 a
293 3282 391 3343 Heben
414 3283 488 3342 duos
510 3283 593 3362 iiiios,
616 3302 741 3361 qnorum
764 3302 857 3344 unum
879 3284 1032 3362 appellavit
1053 3282 1188 3364 Phaleeb,
1211 3282 1289 3360 quod

179 3373 181 3390 ¹
291 3372 505 3448 interpretatur
528 3370 668 3430 dividens.
705 3369 815 3430 Deinde
840 3373 985 3450 scriptura
1004 3370 1185 3449 subiungens
1202 3371 1289 3428 ratio·

360 3585 375 3632 ‘1
395 3579 481 3634 etiem
498 3580 555 3649 ipsi
573 3582 610 3635 bo
630 3582 640 3651 ΙΙ
661 3584 694 3634 10
712 3579 834 3634 filiorum
852 3596 964 3633 suorum
985 3579 1053 3634 Gbo
1073 3581 1082 3649 ΙΙ
1103 3584 1136 3632 12
1155 3577 1214 3631 sive
1230 3594 1295 3645 pro·

286 3667 350 3720 nep.
369 3667 386 3705 o
406 3651 416 3719 ΙΙ
436 3656 468 3704 17
487 3649 585 3719 itoque
606 3667 672 3716 mom
699 3650 797 3718 utiquo
814 3667 832 3704 o
852 3651 861 3719 ΙΙ
882 3655 915 3704 18
934 3650 1078 3718 praelatus
1101 3650 1144 3702 esi
1162 3649 1268 3716 RFap
1285 3649 1295 3717 d

180 3741 181 3792 j
287 3728 323 3776 24
341 3721 446 3775 detrita
466 3720 692 3786 V¹RAFo¹er3
711 3721 839 3774 detracto
855 3720 1052 3791 V²Ga²oppv
1066 3721 1075 3789 d
1088 3718 1217 3788 linguam
1228 3734 1295 3785 mom

286 3793 311 3847 l.v
324 3792 493 3846 Hebruioem
510 3809 527 3847 o
544 3794 554 3862 ΙΙ
572 3797 604 3846 31
624 3791 725 3861 pholoe
745 3794 774 3846 V
