3284 4459
340 494 407 558 474
740 504 943 547 sanonsrnrr

340 643 463 705 eredere
486 642 595 702 ceteris
613 640 705 701 luisse
728 642 892 719 iustiorem,
914 636 1078 701 seeundum
1101 638 1154 700 Dei
1177 637 1348 700 mandatnm

341 731 450 792 soleret
485 748 540 809 pro
577 731 639 789 suis
674 731 804 807 primum
836 728 944 788 ollerre
976 730 1120 807 peccatis,
1157 726 1264 788 deinde
1292 745 1347 807 pro

339 818 449 899 populi.
495 817 683 897 Quapropter
704 833 853 896 exponere
877 834 932 876 uos
959 824 1085 895 oportet,
1112 834 1172 895 quo
1198 815 1285 876 modo
1308 818 1348 877 sit

341 905 543 986 accipiendum
572 904 649 984 quod
678 903 789 965 dietum
817 911 876 965 est:
908 905 996 965 Sicut
1021 906 1126 965 diebus
1149 907 1290 981 pristinis
1319 911 1350 965 et

305 1000 421 1057 ssent
441 998 531 1056 annu
550 994 715 1070 priorious.
761 992 907 1052 Fortassis
930 994 1008 1052 enim
1032 999 1149 1071 tempus
1171 992 1243 1053 illud
1267 1010 1348 1052 oom-

341 1092 498 1163 memorat,
525 1101 584 1162 quo
606 1083 695 1161 primi
717 1081 853 1141 homines
874 1082 906 1141 in
928 1080 1064 1159 paradiso
1087 1082 1216 1141 luerunt.
1262 1080 1350 1142 'luno

341 1175 420 1232 enim
438 1173 506 1251 puri
525 1178 613 1249 atque
633 1171 740 1249 integri
759 1168 795 1229 ab
818 1170 899 1228 omni
922 1168 1009 1228 sorde
1033 1186 1067 1228 ae
1089 1168 1155 1230 labe
1177 1171 1291 1247 peceati
1315 1187 1349 1230 se

340 1263 421 1340 ipsos
439 1260 500 1320 lleo
519 1258 727 1319 mundissimas
745 1257 856 1317 hostias
877 1256 1052 1335 offerebant3
1075 1264 1208 1318 osterum
1227 1276 1264 1318 er
1287 1274 1349 1336 quo

341 1350 514 1409 commissae
536 1347 795 1427 praevaricationis
826 1362 914 1405 eausa
936 1344 1004 1405 inde
1028 1343 1141 1405 dimissi
1164 1354 1235 1406 sunt
1257 1354 1348 1424 atque

289 1448 321 1498 ιο
341 1437 467 1499 humana
486 1438 516 1495 in
536 1438 579 1495 eis
598 1441 703 1494 natura
721 1433 857 1493 damnata
879 1441 934 1513 est,
957 1440 1080 1511 excepto
1104 1451 1163 1493 uno
1186 1433 1348 1495 lllediatore

340 1534 370 1585 et
392 1532 459 1604 post
482 1524 629 1583 lavacrum
651 1520 884 1601 regenerationis
907 1520 1075 1599 quibusque
1098 1520 1194 1582 adhue
1215 1522 1348 1601 parvulis

339 1631 425 1674 nemo
457 1614 586 1672 mundus
613 1628 633 1671 o
658 1613 762 1683 sorde,
795 1612 873 1670 sieut
895 1612 1037 1687 seriptum
1061 1617 1123 1689 est,
1155 1628 1212 1672 nee
1234 1610 1349 1687 insons,

340 1705 428 1762 euius
460 1705 505 1762 ert
532 1702 623 1759 unius
654 1700 718 1759 diei
744 1701 806 1759 rito
835 1716 929 1773 super
957 1703 1080 1757 terram.
1127 1696 1212 1768 Quod
1244 1702 1269 1759 si
1300 1718 1349 1759 re·

340 1788 503 1867 spondetur
530 1789 618 1847 etiam
646 1804 697 1847 eos
725 1788 830 1846 merito
858 1784 916 1847 dici
939 1801 1026 1864 posse
1050 1786 1158 1846 offerre
1180 1786 1292 1848 hostias
1314 1791 1348 1849 in

289 1886 321 1937 15
340 1878 465 1956 iustitia,
492 1876 543 1954 qui
570 1876 699 1935 oderunt
725 1877 756 1935 in
784 1874 841 1934 ilde
872 1869 984 1955 (iratus
1007 1876 1085 1934 enim
1114 1892 1155 1935 ex
1173 1877 1237 1949 (ide
1258 1879 1350 1948 vivit,-

340 1965 472 2043 quamvis
495 1981 528 2023 se
549 1964 648 2042 ipsum
671 1962 806 2041 seducat,
829 1964 855 2021 si
878 1961 986 2022 dixerit
1008 1980 1040 2021 se
1065 1980 1123 2022 non
1147 1962 1255 2023 habere
1278 1982 1348 2043 peo-

340 2061 453 2133 eatum,
486 2060 517 2112 et
546 2051 613 2112 ideo
641 2068 700 2111 non
728 2050 819 2130 dieat,
847 2052 914 2128 quia
938 2068 974 2110 ex
997 2050 1053 2110 fide
1076 2046 1174 2132 vivit):
1202 2054 1348 2131 numquid

340 2140 476 2201 dicturus
494 2149 540 2200 est
559 2141 703 2218 quispiam
715 2138 779 2197 'hoe
802 2136 870 2197 iidei
893 2146 1010 2216 tempus
1033 2137 1075 2198 illi
1098 2139 1149 2198 lmi
1172 2157 1237 2200 esse
1261 2158 1347 2201 eoae·

341 2228 499 2309 quandum,
522 2228 639 2306 quando
657 2229 725 2305 igne
742 2224 845 2286 indicii
868 2228 1019 2286 novissimi
1041 2224 1271 2308 mundabuntur,
1294 2233 1349 2308 qni

287 2330 322 2380 20
341 2320 466 2379 offerant
492 2317 604 2377 hostias
630 2317 661 2375 in
692 2309 825 2375 iustitia?
868 2314 911 2374 Ao
943 2332 997 2392 per
1024 2314 1080 2375 hoo
1111 2318 1249 2394 quoniam
1277 2328 1349 2396 post

341 2406 428 2468 talem
467 2405 686 2465 mundationem
723 2401 836 2463 nullum
872 2410 1027 2481 peecatum
1063 2405 1157 2464 iustos
1193 2403 1349 2468 habituros

341 2513 407 2556 esse
430 2492 612 2554 eredendum
640 2500 698 2571 est,
725 2492 859 2570 prolecto
881 2488 953 2550 illud
977 2500 1107 2571 tempus,
1131 2502 1273 2569 quantum
1296 2493 1348 2554 ad-

340 2585 416 2644 tinet
442 2580 478 2641 ad
506 2598 566 2641 non
593 2579 702 2641 habere
729 2587 898 2658 peecatum,
926 2578 998 2638 nulli
1026 2582 1152 2659 tempori
1175 2598 1348 2663 comparan-

341 2669 412 2730 dum
444 2677 507 2748 est,
538 2669 596 2729 nisi
627 2668 743 2747 quando
774 2668 863 2746 primi
892 2666 1026 2726 homines
1055 2669 1085 2727 in
1113 2668 1248 2747 paradiso
1277 2680 1349 2732 ante

288 2768 322 2817 25
340 2758 621 2836 praevaricationem
639 2757 880 2816 innocentissima
902 2753 1040 2815 felicitate
1064 2757 1208 2817 vixerunt.
1253 2756 1349 2820 Recte

341 2848 440 2922 itaque
463 2842 645 2921 intellegitur
666 2842 723 2903 hoe
741 2843 937 2921 significatum
960 2860 1035 2923 esse,
1058 2861 1125 2903 cum
1149 2843 1260 2905 dietum
1285 2856 1349 2909 est:

342 2933 430 2994 Sicut
451 2932 556 2993 diebus
579 2933 719 3006 pristinis
749 2938 778 2992 et
799 2934 880 2991 sieut
901 2933 990 2991 αηηίε
1008 2932 1174 3007 prioribus.
1219 2932 1291 2995 Nam
1316 2945 1351 2997 et

341 3039 394 3099 per
423 3018 540 3079 Esaiam
569 3027 672 3097 postea
703 3036 791 3096 quam
821 3017 935 3079 eaelum
965 3036 1073 3079 novum
1103 3028 1134 3080 et
1162 3029 1243 3099 terra
1271 3038 1350 3084 nova

341 3110 485 3188 promissa
508 3115 567 3187 est,
595 3108 673 3167 inter
695 3115 809 3185 cetera,
837 3124 912 3185 quae
940 3105 981 3168 ibi
1004 3107 1040 3167 de
1063 3116 1232 3169 sanctorum
1255 3108 1349 3171 beati·

288 3196 443 3258 somnino
466 3213 520 3274 per
548 3194 701 3273 allegorias
728 3202 759 3255 et
781 3197 945 3273 aenigmata
968 3197 1137 3277 exequitur,
1165 3196 1272 3275 quihus
1296 3218 1349 3260 ex-

342 3286 519 3364 positionem
542 3301 702 3363 congruam
726 3282 852 3342 reddere
875 3301 929 3343 nos
953 3282 1104 3362 prohibuit
1126 3285 1259 3347 vitandae
1283 3285 1349 3349 lon-

341 3372 482 3451 gitudinis
509 3389 595 3432 eura:
622 3372 796 3434 Secundum
824 3373 902 3446 dies,
924 3372 1033 3452 inquit,
1055 3375 1133 3447 ligni
1154 3377 1351 3439 vitreorum

342 3464 406 3521 dies
432 3463 539 3536 populi
566 3463 632 3521 mei.
683 3458 756 3530 Quis
786 3467 883 3518 autem
914 3477 1012 3519 sacras
1041 3459 1154 3521 litteras
1184 3462 1287 3541 adtigit
1317 3474 1350 3525 et

341 3550 457 3627 ignorat
487 3546 537 3607 ubi
560 3547 639 3609 Deus
668 3546 843 3627 plantaverit
872 3546 984 3625 lignum
1012 3549 1102 3627 vitae,
1131 3552 1256 3611 annius
1280 3551 1350 3612 eibn

413 3700 440 3767 3)
462 3698 551 3752 Lerit.
576 3705 622 3765 lt,
646 3705 675 3764 63
694 3696 778 3754 Hebr.
802 3703 833 3764 7,
850 3704 893 3752 27.
932 3700 1107 3769 13)lob14,
1131 3706 1156 3757 t.
1204 3706 1247 3771 15)
1265 3702 1350 3759 Rom.

343 3774 429 3837 1,1r.
465 3770 511 3835 ss)
529 3768 601 3821 usai.
619 3773 662 3831 es,
681 3773 723 3821 aa.
