3284 4459
360 478 426 543 496
771 490 972 531 ε.Δυουετυ11

359 627 455 708 batur,
477 634 537 687 tam
556 626 702 687 fervidum
720 624 866 699 noctibus,
889 631 923 686 ut
946 642 1004 686 non
1028 633 1173 702 tangatur.
1219 623 1253 683 ln
1276 622 1369 702 Epiro

359 716 448 777 alium
477 715 603 795 iontem,
629 716 660 775 in
688 715 864 795 quosaam,
891 722 924 774 ut
947 715 978 774 in
1002 715 1124 791 ceteris,
1152 713 1369 790 extinguuntur
1457 732 1458 747 ¹

359 821 514 885 acceusae,
543 803 609 883 sed,
636 819 695 862 non
718 810 752 863 nt
779 804 810 862 in
834 803 956 882 ceteris,
983 800 1187 863 accenduntur
1211 802 1369 861 extinctae.

359 890 504 953 dsbeston
526 891 667 951 Arcadiae
690 888 816 969 lapidem
839 897 997 969 propterea
1021 891 1063 949 sie
1086 890 1194 969 vocari,
1218 888 1296 966 quod
1320 905 1369 947 ac·

325 994 469 1041 ocensus
492 978 583 1039 semel
602 981 659 1039 ium
678 996 738 1039 non
761 979 855 1057 possit
877 980 1018 1057 extingui.
1063 975 1190 1056 Lignum
1213 975 1369 1037 cuiusdam

360 1068 433 1129 fleus
455 1067 629 1147 Aegyptiae,
652 1085 712 1127 uon
735 1074 769 1127 ut
790 1066 868 1144 ligna
891 1073 989 1127 cetera
1013 1068 1044 1125 in
1069 1067 1153 1144 aquis
1176 1074 1292 1145 natare,
1316 1064 1369 1125 sed

361 1158 467 1236 mergi;
497 1164 541 1233 et,
571 1155 649 1233 quod
677 1162 724 1215 est
750 1152 928 1234 mirabilius,
954 1172 1023 1215 cum
1051 1156 1164 1215 inimo
1188 1152 1368 1232 aliquamdiu

361 1246 459 1325 luerit,
481 1243 550 1305 inde
567 1243 602 1304 ad
622 1261 714 1321 aquae
734 1242 920 1321 superficiem
940 1260 1046 1303 rursus
1064 1259 1227 1322 emergere,
1251 1240 1369 1319 quando
1459 1288 1460 1301 .

361 1333 557 1393 madefactum
588 1330 692 1393 debuit
722 1332 836 1391 umoris
871 1330 1002 1409 pondere
1035 1332 1231 1409 praegravari.
1276 1328 1370 1390 Poma
1459 1374 1460 1403 ,

307 1432 340 1479 10
359 1424 389 1482 in
417 1430 498 1481 terra
525 1419 721 1480 Sodomorum
748 1421 828 1498 gigni
856 1418 975 1497 quidem
1003 1427 1033 1480 et
1060 1418 1096 1480 ad
1124 1419 1303 1479 maturitatis
1327 1418 1368 1479 l-

359 1513 434 1570 eiem
462 1511 631 1588 pervenire3
658 1507 710 1567 sed
738 1525 839 1567 morsu
869 1525 1011 1586 pressure
1035 1515 1176 1585 temptata
1198 1509 1230 1567 iu
1254 1507 1370 1567 sumum

359 1617 393 1659 ac
424 1596 550 1659 favillam
583 1598 663 1655 corio
696 1596 850 1655 fatiscente
878 1613 1045 1656 vanescere.
1090 1594 1210 1674 Pyriteu
1241 1594 1370 1673 lapidem

359 1687 512 1747 Persicum
535 1685 665 1744 tenentis
688 1702 821 1761 manum,
851 1685 877 1743 si
898 1683 1103 1743 vehementius
1126 1691 1295 1762 prematur,
1319 1682 1369 1742 ad-

360 1791 461 1853 urere,
488 1780 610 1851 propter
637 1771 715 1850 quod
740 1770 775 1831 ab
802 1774 870 1849 igne
898 1790 1006 1831 nomen
1033 1773 1157 1850 accepit„
1201 1770 1235 1831 lu
1266 1770 1370 1831 eadem

308 1871 340 1919 15
359 1862 482 1922 Perside
513 1862 593 1939 gigni
626 1862 713 1919 etiam
741 1859 867 1938 lapidem
895 1860 1052 1939 seleniten,
1085 1862 1172 1920 cuius
1193 1860 1370 1919 interiorem

359 1949 518 2011 candorem
545 1966 612 2009 cum
640 1947 709 2009 luna
738 1965 874 2008 crescere
902 1956 991 2025 atque
1018 1947 1155 2008 deficere.
1200 1946 1234 2007 ln
1258 1946 1369 2027 Cappa-

360 2037 444 2099 docia
468 2039 555 2097 etiam
578 2044 666 2096 vento
690 2054 781 2114 equas
804 2038 974 2117 concipere,
1003 2036 1182 2115 eosdemque
1206 2035 1285 2096 letus
1308 2053 1370 2095 non

360 2125 485 2205 amplius
513 2126 642 2185 triennio
669 2126 776 2184 vivere.
823 2123 915 2203 Tylen
944 2123 1042 2184 lndiae
1070 2123 1196 2184 insulam
1225 2142 1260 2183 eo
1283 2141 1369 2202 prae·

361 2216 432 2275 lerri
456 2215 564 2274 ceteris
587 2215 689 2293 terris,
718 2213 794 2290 quod
819 2214 915 2273 omnis
939 2211 1041 2293 arbor,
1063 2230 1139 2290 quae
1162 2214 1193 2273 in
1218 2230 1251 2271 ea
1275 2213 1369 2291 gigni·

307 2312 418 2384 autur,
441 2320 601 2380 numquam
625 2301 753 2362 nudatur
776 2302 905 2379 tegmine
928 2300 1074 2361 loliorum.

447 2391 488 2450 De
512 2390 558 2450 bis
582 2399 668 2468 atque
692 2387 756 2448 aliis
779 2387 1043 2449 innumerabilibus
1067 2387 1264 2470 mirabilibus,
1293 2406 1369 2467 quae
1461 2396 1462 2399 ’

359 2480 482 2542 historia
512 2498 570 2539 non
603 2479 748 2537 laetorum
781 2485 811 2536 et
837 2486 1069 2558 transactorum,
1102 2476 1153 2539 sed
1184 2478 1369 2537 manentium

359 2568 492 2629 locorum
511 2574 602 2647 tenet,
624 2565 696 2625 mibi
715 2574 813 2625 autem
838 2564 915 2624 aliud
939 2567 1037 2645 agenti
1060 2583 1094 2626 ea
1116 2566 1257 2644 persequi
1281 2566 1370 2625 nimis

361 2656 479 2733 longum
509 2663 567 2735 est,
597 2654 722 2713 reddant
749 2656 906 2733 rationem,
938 2655 963 2713 si
985 2661 1122 2734 possunt,
1152 2652 1287 2713 infideles
1309 2656 1370 2733 isti,

308 2751 341 2799 25
361 2746 412 2822 qui
435 2742 540 2802 nolunt
569 2741 675 2801 divinis
702 2740 809 2802 litteris
837 2740 972 2820 credere3
1000 2742 1070 2819 qnid
1095 2741 1172 2801 aliud
1196 2758 1285 2820 quam
1308 2759 1370 2802 non

360 2838 498 2909 putantes
528 2847 578 2889 eas
606 2847 671 2889 esse
699 2829 825 2905 divinas,
854 2848 890 2889 eo
918 2830 997 2908 quod
1020 2848 1069 2890 res
1092 2828 1218 2890 babeant
1240 2828 1369 2890 incredi-

362 2918 448 2991 biles,
476 2919 564 2977 sicnti
591 2917 647 2977 boc
675 2925 721 2977 est
748 2918 826 2977 unde
856 2936 936 2978 nunc
959 2920 1081 2996 agimus.
1127 2916 1192 2977 Non
1216 2919 1295 2977 euim
1319 2916 1369 2979 ad-

363 3008 460 3087 mittit,
476 3006 623 3084 inquiunt,
640 3003 698 3064 ulla
718 3007 802 3083 ratio,
820 3013 855 3065 ut
873 3024 941 3065 caro
960 3004 1062 3065 ardeat
1075 3023 1172 3085 neque
1186 3004 1371 3087 absumatur,

362 3095 458 3155 doleat
480 3111 577 3171 neque
601 3094 758 3173 moriatur;
782 3094 1005 3153 ratiocinatores
1027 3093 1164 3154 videlicet
1186 3098 1294 3175 magni,
1317 3095 1371 3172 qui

309 3191 342 3241 80
362 3183 398 3243 de
426 3181 563 3243 omnibus
591 3180 696 3261 rebus,
727 3199 799 3259 quas
827 3199 893 3241 esse
921 3180 1070 3242 mirabiles
1094 3189 1225 3261 constat,
1252 3183 1371 3259 possint

362 3270 485 3331 reddere
505 3271 657 3331 rationem.
694 3269 828 3330 Reddant
847 3287 917 3348 ergo
935 3268 971 3330 de
991 3268 1046 3349 bio,
1065 3287 1140 3348 quae
1157 3286 1251 3348 pauca
1267 3271 1370 3349 posui-

362 3377 441 3439 mus,
471 3376 546 3437 quae
573 3357 677 3435 procul
704 3357 794 3417 dubio
821 3360 848 3417 si
875 3375 940 3417 esse
969 3359 1119 3417 nescirent
1147 3364 1177 3417 et
1204 3374 1238 3417 ea
1267 3357 1371 3418 lutura

271 3506 276 3515 ,
363 3465 427 3506 esse
452 3446 627 3525 diceremus,
649 3445 741 3507 multo
765 3448 862 3505 minus
886 3444 1051 3525 crederent,
1074 3462 1162 3523 quam
1185 3443 1264 3523 quod
1287 3462 1371 3505 nnnc

431 3679 463 3727 12
482 3672 638 3726 fatescente
656 3671 717 3725 Rc
735 3672 744 3738 ΙΙ
762 3669 885 3737 Pyriiem
903 3672 942 3742 ull
957 3676 989 3727 15
1009 3672 1145 3729 selenitem
1162 3674 1220 3742 Rq
1240 3672 1373 3729 seliniten

362 3745 444 3814 Guffi
460 3744 611 3797 selenitem
621 3742 681 3809 bpo
694 3743 703 3809 ΙΙ
718 3745 750 3792 13
765 3741 849 3793 nimis
863 3758 912 3796 om.
924 3744 967 3809 Α,-
980 3742 1015 3810 cf.
1027 3748 1137 3811 502,27
1150 3744 1159 3816 11
1174 3749 1207 3799 28
1221 3745 1374 3800 recenso
