3284 4459
319 490 385 551 634
725 480 941 541 snueusrmr'

320 636 439 717 Christi,
462 638 547 697 cuius
570 637 712 713 sanguine
735 634 851 694 liberati
873 652 991 714 sumus,
1014 634 1086 693 nihil
1109 637 1166 694 erit
1188 635 1332 713 protecto

320 725 362 785 ilii
391 723 549 785 iucundius
578 725 697 785 civitati.
742 722 785 781 lbi
812 723 998 801 perficietur:
1036 722 1149 783 Voeote
1175 730 1207 783 et
1227 725 1336 784 videte

320 817 462 888 quonium
484 830 540 887 eoo
561 830 628 873 sunt
646 813 745 882 Deus,·
767 810 846 889 quod
869 814 928 871 erit
949 828 1019 870 vere
1041 813 1200 871 maximum
1223 810 1328 871 sabba-

321 912 383 962 tum
414 919 473 961 nou
502 900 613 961 hebens
644 918 810 979 vesperem,
838 899 916 977 quod
947 899 1162 959 commendavit
1183 898 1330 960 Dominus

286 1002 302 1049 5
321 992 351 1049 in
374 991 477 1068 primis
499 988 640 1068 operibus
664 987 774 1067 mundi,
797 986 848 1047 ubi
870 987 992 1065 legitur:
1014 988 1055 1047 Et
1076 991 1225 1063 requievit
1243 989 1335 1049 Deus

322 1080 372 1138 die
388 1080 513 1153 septimo
532 1080 570 1138 ob
590 1078 726 1138 omnihus
744 1078 886 1151 operibus
903 1079 975 1150 sun,
993 1093 1072 1150 quoe
1087 1075 1172 1152 sevit,
1195 1084 1226 1137 et
1238 1078 1328 1137 berw-

322 1169 402 1227 vixit
423 1167 505 1226 Deru
528 1170 606 1227 diem
628 1167 784 1241 septimum
813 1172 844 1225 et
864 1167 1069 1236 sanctificavit
1090 1182 1175 1244 evm,
1198 1168 1271 1239 quio
1295 1169 1332 1225 in

321 1272 357 1315 ev
388 1256 537 1330 requievit
563 1255 602 1315 ab
629 1255 765 1314 omnibus
792 1254 935 1328 opertum
961 1256 1041 1331 suri,
1072 1270 1150 1326 quoe
1173 1256 1331 1314 inchoavit

322 1344 404 1403 Deus
419 1343 536 1419 fucere.
582 1341 650 1402 Dies
669 1343 746 1401 enim
770 1343 914 1417 septimus
937 1343 1026 1400 etiem
1049 1342 1183 1418 nosipsi
1206 1344 1333 1420 erimus,

270 1431 439 1509 loquendo
463 1435 527 1491 eius
546 1432 690 1491 fuerimus
714 1428 919 1489 benedictione
942 1438 972 1488 et
993 1429 1224 1489 sanctificatione
1247 1428 1332 1508 pieni

323 1530 410 1598 atque
439 1520 550 1580 refecti.
595 1517 639 1578 lbi
667 1526 802 1577 vacantes
832 1516 996 1601 videbimus
1023 1520 1161 1594 quoniam
1189 1519 1253 1596 ipse
1282 1527 1329 1577 est

323 1608 413 1688 Deus3
427 1604 506 1683 quod
525 1604 610 1663 nobis
629 1624 682 1663 nos
701 1607 758 1682 ipsi
777 1624 843 1664 esse
859 1606 1014 1682 voluimus²
1033 1606 1149 1683 quaudo
1163 1606 1200 1666 ab
1215 1608 1266 1667 iilo
1277 1624 1327 1665 ce·

324 1696 468 1775 uidimus,
491 1695 644 1755 audientes
668 1712 683 1752 a
707 1694 879 1753 seductore:
907 1694 1003 1751 Eritis
1024 1697 1105 1753 sicut
1126 1696 1172 1753 dii
1191 1703 1222 1754 et
1244 1712 1328 1754 rece·

322 1784 427 1845 dentes
450 1802 466 1843 a
490 1801 559 1843 vero
578 1781 647 1862 Deo,
671 1800 729 1860 quo
753 1783 878 1841 faciente
902 1781 942 1840 dii
965 1799 1098 1841 essemus
1120 1784 1185 1841 eius
1207 1784 1331 1859 partici-

272 1874 454 1951 levatione,
486 1888 544 1930 non
576 1870 753 1930 desertione.
799 1869 876 1940 Quid
909 1872 988 1927 enim
1021 1870 1085 1928 sine
1115 1869 1164 1929 iilo
1193 1870 1330 1943 fecimus,

323 1963 380 2020 nisi
403 1959 481 2037 quod
501 1962 530 2019 iu
553 1961 596 2019 ira
620 1960 684 2019 eius
707 1954 890 2018 defecimus?
925 1959 948 2015 A
972 1975 1030 2035 quo
1054 1957 1158 2017 refecti
1180 1968 1212 2018 et
1233 1962 1330 2036 gratie

323 2050 433 2108 maiore
451 2049 576 2126 perfecti
596 2045 762 2107 vocabimus
781 2049 811 2105 in
830 2056 993 2125 aeternum,
1016 2046 1150 2106 videntes
1172 2048 1241 2125 quia
1263 2048 1329 2125 ipse

324 2146 369 2196 est
396 2135 490 2216 Deus,
520 2154 578 2213 quo
606 2135 686 2214 pleni
714 2136 825 2194 erimus
853 2133 969 2211 quaudo
996 2136 1060 2212 ipse
1088 2136 1146 2196 erit
1175 2137 1273 2194 omnia
1296 2139 1327 2195 in

324 2224 469 2285 omuibus.
514 2223 587 2283 Nam
610 2230 640 2283 et
663 2226 725 2302 ipsa
748 2240 839 2302 opera
861 2221 938 2281 boue
960 2229 1070 2301 nostra,
1092 2223 1210 2299 quando
1233 2226 1331 2302 ipsius

270 2327 305 2375 2ο
323 2315 421 2392 potius
443 2312 657 2390 intelleguntur
679 2328 759 2391 esse,
786 2328 846 2369 non
869 2318 982 2389 nostre,
1010 2318 1081 2370 tunc
1104 2309 1189 2370 uobis
1212 2310 1247 2371 ad
1271 2312 1331 2372 hoc

325 2401 477 2463 sabbatum
501 2398 721 2479 adipiscendum
749 2402 938 2477 inputautur3
966 2400 1034 2476 quia
1061 2400 1087 2457 si
1110 2397 1195 2459 nobis
1218 2418 1253 2459 ea
1275 2404 1328 2459 tri-

325 2491 489 2569 buerimus,
517 2488 632 2549 servilia
656 2495 758 2565 erunt,
786 2505 854 2545 erim
877 2486 914 2545 de
937 2484 1058 2545 sabbato
1081 2486 1209 2548 dicetur:
1236 2490 1333 2549 Omne

324 2598 398 2657 opus
424 2581 532 2638 servile
558 2594 618 2637 nvn
642 2575 782 2651 fecicum
808 2583 931 2653 propter
958 2574 1036 2651 quod
1061 2585 1091 2635 et
1112 2594 1167 2653 per
1189 2575 1329 2636 Ezechie-

324 2670 381 2729 lem
409 2665 582 2744 prophetom
609 2665 730 2724 divitur:
762 2664 802 2721 Et
830 2664 959 2722 subdote
985 2680 1053 2722 meo
1075 2666 1148 2723 dedi
1168 2666 1212 2724 eis
1234 2667 1267 2723 in
1287 2669 1328 2724 si·

271 2769 305 2817 25
322 2772 416 2832 onum
439 2758 518 2814 inter
544 2770 591 2814 me
613 2760 642 2813 et
670 2755 749 2812 inter
772 2768 835 2823 eos,
862 2759 897 2809 ut
917 2754 1033 2811 scirent
1054 2755 1127 2825 quio
1149 2769 1205 2827 eqo
1227 2753 1329 2812 Domi-

322 2864 388 2918 nus,
417 2846 470 2917 qui
504 2844 661 2913 sanctifico
698 2857 756 2900 eos.
816 2838 878 2898 Hoc
915 2839 1045 2917 perfecte
1083 2849 1154 2899 tuuc
1191 2842 1332 2919 sciemus,

325 2931 441 3013 quando
472 2930 602 3008 perfecte
633 2927 815 3006 vacabimus,
846 2934 876 2986 et
905 2927 1037 3005 perfecte
1067 2926 1230 2987 videbimus
1260 2932 1329 3006 quin

324 3024 388 3101 ipse
411 3028 458 3081 est
480 3017 567 3077 Deus.

413 3108 478 3188 lpse
498 3108 585 3166 etiem
605 3122 746 3165 rurmerus
765 3111 902 3182 aetatum,
926 3103 1015 3163 veluti
1033 3103 1157 3185 dierum,
1180 3107 1205 3163 si
1224 3124 1329 3166 secun·

273 3212 306 3259 30
326 3199 396 3259 dum
420 3216 470 3257 eos
490 3193 629 3254 articulos
648 3194 789 3271 temporis
813 3198 1011 3272 computetur,
1034 3194 1085 3271 qui
1107 3194 1264 3271 scripturis
1288 3196 1328 3252 vi·

393 3322 419 3389 e)
437 3319 481 3372 Pe.
501 3324 544 3384 m,
560 3323 600 3371 11.
638 3322 664 3385 9)
684 3316 751 3370 Gen.
771 3320 878 3383 nnsq.
917 3320 960 3384 13)
978 3315 1018 3368 ib,
1033 3320 1093 3380 es.
1133 3318 1177 3382 16)
1194 3315 1238 3368 Ps.
1253 3320 1335 3380 ess.

323 3393 367 3456 19)
387 3397 410 3445 1.
430 3388 489 3443 Gor.
510 3394 552 3455 15,
567 3392 608 3441 28.
660 3390 704 3456 23)
723 3386 804 3439 Deui.
825 3392 849 3452 ὅ,
866 3392 906 3439 14.
957 3387 1002 3453 26)
1020 3384 1119 3439 Enech.
1139 3392 1181 3454 20,
1197 3391 1238 3439 12.

394 3518 426 3565 11
445 3511 544 3565 refecti
563 3512 700 3577 RAobo3
724 3509 843 3579 perfecti
862 3509 975 3573 GneE3
994 3510 1029 3575 cf.
1044 3513 1081 3562 16
1100 3511 1110 3577 f
1132 3514 1163 3562 12
1182 3509 1263 3563 nobis
1282 3526 1333 3563 nos

321 3583 502 3659 ΒΑθῆεΕς
531 3597 581 3633 nos
604 3597 654 3635 ono.
674 3580 733 3635 edd.
752 3581 869 3649 Auyuvt.
889 3582 994 3633 omnes!
1013 3582 1023 3649 1)
1043 3583 1077 3631 20
1100 3596 1156 3632 non
1180 3580 1220 3644 R;
1247 3596 1334 3648 quam

323 3668 483 3735 AobevEfl
491 3673 524 3720 23
535 3666 635 3720 seruile
645 3684 701 3720 non
710 3667 729 3721 f.
737 3685 791 3722 nvos
796 3670 881 3735 pierr.
889 3651 990 3733 ffl¹¹⁹3
1005 3666 1103 3721 servile
1117 3667 1147 3720 in
1162 3683 1194 3722 eo
1208 3684 1264 3720 non
1274 3665 1293 3720 f.
1304 3686 1336 3735 υς

324 3753 425 3809 seruile
443 3769 499 3807 non
512 3752 622 3807 facietis
641 3755 671 3806 in
685 3771 717 3808 eo
727 3740 870 3879 ἾΕΫᾜ
881 3754 972 3809 ezech.
984 3756 1121 3821 nouom
1134 3754 1257 3809 hiezeclu
1272 3757 1338 3824 Ae,-

323 3826 358 3890 οἵ.
378 3828 442 3887 306,
460 3826 497 3875 17
509 3826 519 3891 Ι)
533 3827 567 3875 30
585 3824 615 3875 in
634 3825 778 3892 seripturis
797 3828 835 3881 bv
