3284 4459
553 511 593 551 ne
607 509 751 552 omanus
765 510 819 550 nna
832 510 859 551 n.
872 510 934 550 m.
948 508 972 551 o.
985 511 1018 551 av.
1219 495 1282 560 551

279 650 485 728 frequentatur
518 664 569 705 ore
602 644 781 724 Christiano,
814 663 882 705 cum
912 662 944 705 se
974 646 1082 723 cuique
1115 652 1284 706 sanctorum

279 736 398 798 humilis
421 737 546 814 quisquc
574 733 759 794 commendat
787 741 817 794 et
839 733 924 793 dicit:
949 732 1086 814 „Memor
1108 735 1167 793 mei
1190 727 1285 812 esto“,

279 834 367 904 atque
399 823 429 883 id
461 832 495 883 nt
524 841 590 883 esse
620 824 715 901 possit
742 820 940 901 promerendo
971 814 1085 904 elficit.)
1132 820 1191 881 Sed
1219 823 1285 900 quis

280 914 336 973 iste
359 915 398 972 sit
420 912 541 992 modus,
564 920 594 971 et
616 928 691 989 quae
714 912 775 970 sint
796 911 859 988 ipsa
882 918 1011 988 peccata,
1034 927 1109 988 quae
1131 912 1172 970 ita
1194 912 1285 989 impe·

280 1000 366 1061 diunt
387 1002 611 1080 perventionem
637 998 674 1059 ad
697 1016 822 1077 regnum
845 997 912 1078 Dei,
938 1004 973 1057 ut
995 1006 1092 1057 tamen
1117 1007 1321 1058 sanctorumo

280 1092 443 1149 amicorum
465 1089 579 1149 meritis
593 1090 749 1166 inpetrent
770 1086 992 1165 indulgentiam,
1015 1086 1219 1146 difficillimum
1242 1094 1288 1147 est

280 1179 426 1256 invenire,
454 1175 738 1255 periculosissimum
766 1175 898 1236 definire.
943 1172 1005 1252 Ego
1028 1181 1109 1234 certe
1133 1191 1228 1252 usque
1251 1173 1287 1233 ad

280 1266 337 1326 hoc
369 1272 486 1344 tempus
517 1282 586 1325 cum
616 1262 685 1323 inde
718 1274 881 1342 satagerem
918 1261 953 1323 ad
986 1279 1090 1323 eorum
1121 1262 1288 1341 indaginem

281 1354 436 1432 pervenire
469 1370 530 1413 non
560 1353 653 1431 potui.
698 1350 737 1412 m
766 1352 901 1412 fortassis
930 1359 1089 1430 propterea
1117 1350 1221 1431 latent,
1250 1368 1287 1411 ne

282 1440 413 1502 studium
439 1440 614 1521 proficiendi
641 1439 677 1500 ad
707 1442 805 1500 omnia
833 1438 960 1501 cavenda
987 1447 1107 1519 peccata
1130 1440 1287 1519 pigrescat.
1307 1450 1341 1500 lt·

282 1529 426 1600 Quoniam
459 1531 484 1589 si
511 1531 661 1589 scirentur
688 1547 763 1607 quac
792 1528 839 1588 vel
868 1527 965 1607 qualia
993 1530 1053 1589 sint
1082 1527 1203 1607 delicta,
1233 1545 1288 1607 pro

282 1617 391 1697 quibus
417 1618 506 1677 etiam
534 1615 776 1696 permanentibus
804 1635 861 1677 nee
887 1624 1030 1696 provectu
1058 1620 1134 1677 vitae
1158 1615 1288 1677 melioris

282 1706 445 1784 absumptis
463 1707 638 1766 intercessio
657 1707 696 1765 sit
713 1705 888 1784 inquirenda
913 1712 943 1765 et
965 1705 1110 1784 speranda
1132 1707 1288 1785 iustorum,

283 1796 326 1855 eis
349 1811 454 1855 secura
477 1811 509 1854 se
533 1792 702 1853 obvolveret
724 1792 850 1853 bumana
875 1796 1008 1875 segnitia,
1030 1812 1086 1855 nec
1109 1793 1202 1854 evolvi
1225 1793 1288 1853 tali-

282 1881 339 1943 bus
361 1882 587 1961 implicamentis
609 1881 699 1941 ullius
727 1884 846 1943 virtutis
869 1882 1054 1961 expeditione
1078 1889 1209 1962 curaret,
1237 1881 1289 1942 sed
1309 1890 1342 1943 tt

282 1969 485 2031 tantummodo
528 1977 687 2048 quaereret
722 1969 847 2029 aliorum
888 1972 1002 2030 meritis
1038 1970 1173 2050 liberari,
1215 1988 1289 2049 quos

283 2061 393 2118 amicos
420 2056 477 2117 sibi
504 2057 540 2117 de
568 2075 732 2118 mammona
759 2060 923 2136 iniquitatis
947 2058 1181 2137 elemosynarum
1204 2058 1289 2137 largi-

173 2179 174 2182 *
287 2156 346 2207 tate
375 2146 501 2206 lecisset.
548 2146 632 2206 Nunc
655 2164 725 2206 vero
752 2146 823 2207 dum
846 2145 967 2207 venialis
988 2148 1166 2226 iniquitatis,
1190 2149 1289 2206 etiam-

284 2238 310 2295 si
342 2242 525 2315 perseveret,
552 2236 706 2313 ignoratur
732 2234 853 2314 modus,
883 2235 1017 2314 prolecto
1044 2243 1075 2295 et
1101 2234 1231 2294 studium
1259 2237 1288 2292 in

283 2322 405 2383 meliora
423 2322 600 2399 proficiendi
627 2322 739 2383 orando
767 2333 797 2384 et
819 2324 957 2384 instando
979 2322 1147 2402 vigilantius
1169 2320 1287 2382 adhibe·
1307 2333 1342 2384 20

283 2419 334 2471 tur
364 2419 394 2470 et
421 2410 546 2470 faciendi
580 2411 616 2471 de
644 2428 808 2471 mammona
838 2413 1002 2491 iniquitatis
1030 2418 1148 2471 sanctos
1180 2412 1290 2470 amicos

284 2516 356 2560 cura
378 2516 438 2559 non
461 2501 620 2576 spernitur.

373 2585 482 2647 Verum
513 2588 570 2647 ista
597 2586 746 2667 liberatio,
777 2606 853 2666 quae
881 2588 913 2648 fit
940 2590 1001 2648 sive
1030 2588 1092 2647 suis
1121 2584 1290 2665 quibusque

285 2675 467 2736 orationibus
500 2677 561 2735 sive
593 2674 847 2735 intercedentibus
879 2677 1006 2755 sanctia,
1041 2673 1071 2734 id
1104 2677 1163 2753 agit
1195 2686 1228 2735 ut
1259 2678 1291 2735 in

284 2766 383 2841 ignem
403 2765 528 2842 quisque
547 2781 606 2823 non
625 2765 759 2823 mittatur
777 2771 940 2844 aeternum,
963 2780 1022 2822 non
1044 2770 1088 2844 ut,
1111 2781 1179 2823 cum
1202 2764 1292 2824 luerit
1310 2776 1343 2824 25

285 2854 402 2924 missus,
421 2859 488 2929 post
506 2860 777 2931 quantumcumque
796 2850 864 2910 inde
879 2858 996 2930 tempus
1010 2860 1140 2911 eruatur.
1169 2850 1243 2912 Nam
1261 2862 1290 2912 et

285 2939 336 3020 illi,
359 2942 410 3017 qui
433 2948 539 3017 putant
561 2942 604 2999 sic
625 2939 855 3017 intellegendum
879 2957 945 2999 esse
968 2939 1046 3018 quod
1070 2942 1214 3019 scriptum
1237 2950 1291 3019 est,

286 3027 402 3087 adlerre
430 3036 540 3087 terram
567 3025 674 3086 bonam
701 3026 824 3087 uberem
852 3027 996 3108 fructum,
1023 3027 1108 3088 aliam
1134 3030 1290 3106 tricenum,

286 3115 372 3175 aliam
395 3131 586 3194 sexagenum,
609 3115 693 3175 aliam
717 3124 889 3195 centenum,
919 3124 953 3175 ut
975 3118 1068 3175 sancti
1090 3133 1145 3194 pro
1169 3133 1289 3176 suorum

286 3203 454 3264 diversitate
484 3204 657 3262 meritorum
687 3202 736 3263 alii
763 3205 894 3263 tricenos
917 3203 1051 3263 homines
1073 3202 1216 3283 liberent,
1243 3204 1290 3263 alii
1311 3215 1344 3265 30

286 3309 461 3371 sexagenos,
488 3289 537 3351 alii
564 3297 719 3370 centenos,
748 3290 805 3352 boc
831 3293 862 3351 in
890 3292 937 3352 die
960 3291 1063 3351 iudicii
1085 3292 1219 3351 futurum
1243 3309 1291 3351 su·

355 3428 399 3493 aa)
417 3424 467 3477 Mt.
488 3428 530 3490 1³,
544 3427 569 3476 a.

356 3563 370 3609 1
390 3556 605 3609 christianorum
620 3553 727 3622 ApEll
742 3557 775 3605 12
792 3552 929 3620 prouectu
942 3552 1133 3621 Ranaoepp
1151 3551 1198 3617 (ef.
1216 3552 1261 3605 bb.
1276 3555 1292 3606 1

283 3644 306 3683 c.
321 3632 339 3682 9
357 3628 412 3693 io.;
434 3628 452 3681 l.
466 3632 500 3680 11
520 3642 541 3679 c.
556 3629 593 3679 12
609 3625 705 3692 med.);
728 3622 856 3693 profectu
882 3622 928 3677 Ge
947 3622 1060 3690 (cfi105
1082 3624 1132 3690 20)
1155 3624 1165 3692 ΙΙ
1188 3627 1220 3675 13
1245 3621 1292 3675 od·

284 3715 403 3803 tumpbis
422 3716 479 3838 bap
496 3716 557 3797 lid
576 3711 711 3781 segnities
727 3729 745 3765 o
758 3713 767 3781 ΙΙ
780 3710 859 3765 uolui
876 3694 1001 3792 ΕῇΑΕιι
1013 3712 1022 3779 ΙΙ
1038 3715 1070 3763 17
1088 3709 1223 3792 largitate
1240 3726 1294 3765 atas

285 3790 435 3855 (050,15);
467 3787 605 3855 argrtrone
617 3801 635 3839 o
647 3784 657 3853 l
671 3786 705 3837 20
725 3782 830 3836 orendo
849 3782 878 3835 et
895 3783 960 3835 rust.
974 3798 1040 3849 mam
1060 3784 1181 3835 oratmm
1198 3783 1293 3836 mato
