3284 4459
565 501 605 540 on
620 499 763 542 emnam
776 499 830 539 mat
843 499 870 538 n.
883 499 946 538 xvt.
961 498 984 539 o.
998 501 1031 540 et.
1238 480 1300 547 157

680 714 799 785 Garun
821 717 908 782 XXI.
931 671 932 674 Ἴ

289 851 337 910 De
360 852 454 909 tertio
478 850 677 926 promissione
700 847 771 921 Dei,
797 865 858 922 qno
885 833 1003 909 terram
1030 847 1179 907 Cinneam
1202 825 1305 916 Abra-³

410 938 470 998 itae
492 944 522 997 et
541 938 651 996 semini
672 937 737 996 eins
759 938 791 995 in
809 943 992 1013 perpetuum
1012 937 1182 1012 pollicetur.

379 1059 453 1120 Cum
488 1077 559 1138 ergo
591 1060 717 1138 digressi
748 1065 850 1119 essent
881 1060 1099 1138 separatimque
1134 1056 1300 1121 habitarent

288 1149 438 1209 Abraham
468 1158 499 1209 et
526 1146 602 1207 Loth
629 1149 807 1207 necessitate
837 1146 1046 1210 sustentandae
1070 1146 1210 1227 familiae,
1241 1158 1335 1208 nono

289 1237 432 1298 foeditate
459 1235 640 1315 discordiae,
668 1245 699 1296 et
720 1234 866 1296 Abraham
890 1237 920 1296 in
944 1245 1024 1296 terra
1047 1234 1197 1316 chanaan,
1224 1234 1304 1302 loth,

290 1335 392 1386 antem
415 1333 495 1385 esset
517 1327 547 1384 in
573 1323 725 1403 Sodomis,
748 1323 868 1385 oraculo
891 1325 979 1384 tertio
1003 1322 1077 1384 dixit
1098 1321 1240 1386 Dominus
1264 1324 1306 1384 ad

290 1413 452 1474 Abraham:
475 1413 652 1491 Respiciens
669 1416 766 1474 oenir's
783 1416 843 1473 tuis
861 1415 929 1474 vide
948 1430 967 1472 a
985 1415 1061 1491 loeo,
1083 1415 1114 1472 in
1136 1429 1196 1488 qno
1218 1430 1301 1474 nune

290 1510 324 1563 tn
353 1521 414 1581 ee,
430 1505 473 1563 ad
499 1505 669 1576 aquilonem
696 1509 726 1562 et
752 1499 894 1576 Africum
921 1507 951 1562 et
977 1503 1123 1562 orientem
1150 1507 1180 1560 et
1206 1517 1299 1575 more,

289 1594 365 1666 quia
392 1607 507 1650 omnem
536 1597 665 1662 terram,
692 1607 784 1664 quom
812 1596 845 1650 tm
873 1592 969 1663 vides,
998 1591 1054 1650 tibi
1080 1590 1159 1650 dado
1182 1606 1248 1650 eom
1271 1596 1353 1650 et10

289 1683 400 1740 semini
430 1686 481 1738 tuo
512 1695 608 1752 nsque
640 1681 671 1738 in
697 1681 865 1751 saeculnm,
896 1685 927 1738 et
941 1677 1067 1754 ‚faeiem
1094 1693 1193 1738 semen
1217 1685 1300 1738 tunm

291 1775 444 1842 tomqnom
467 1769 617 1827 harenam
639 1773 752 1827 terroe.
796 1767 833 1826 Si
851 1773 950 1842 potest
971 1769 1081 1841 aliquis
1104 1767 1301 1828 dinumerare

290 1858 441 1916 harenam
458 1862 572 1927 terroe,
594 1861 625 1914 et
641 1872 740 1915 semen
758 1863 842 1914 tuum
866 1856 1117 1916 dinumerabitur.
1164 1855 1300 1930 Sarmens

289 1945 470 2022 perambulo
487 1950 604 2004 terrem
622 1945 654 2003 in
672 1945 889 2017 tonnitndinem
907 1946 972 2002 eins
995 1949 1024 2003 et
1047 1945 1078 2003 in
1101 1945 1298 2018 latitudinem,

291 2034 365 2108 quin
384 2033 441 2093 titi
457 2033 535 2092 dabo
554 2048 629 2091 eam.
676 2029 710 2091 ln
732 2030 786 2089 heo
809 2032 1005 2108 promissione
1029 2037 1130 2092 utrum
1149 2033 1188 2092 sit
1211 2034 1300 2092 etiam
1320 2044 1352 2092 15

291 2121 350 2200 itta,
373 2137 431 2198 qua
453 2128 537 2198 pater
561 2119 655 2179 iaetus
677 2126 725 2179 est
746 2120 879 2179 omnium
901 2119 1044 2198 gentium,
1066 2137 1125 2179 non
1149 2119 1301 2181 evidenter

291 2216 422 2288 apparet„
466 2207 569 2268 Potest
587 2209 666 2267 enim
685 2205 777 2266 rideri
800 2205 835 2265 ad
860 2205 916 2266 hoc
938 2208 1103 2285 pertinere:
1125 2208 1165 2267 Et
1183 2206 1300 2283 focium

290 2315 392 2358 semen
414 2304 499 2356 tunm
516 2302 669 2370 tamquam
686 2297 835 2355 itarenom
858 2303 970 2376 terroe,
993 2293 1073 2373 qttod
1095 2313 1129 2356 eo
1152 2295 1299 2357 locutione

291 2385 487 2464 dictumest,
516 2401 603 2462 quam
627 2381 731 2443 Graeci
753 2391 860 2444 rotant
882 2382 1076 2463 hyperbolem
1099 2401 1173 2462 qnae
1196 2385 1299 2463 utique

291 2475 406 2552 tropica
437 2481 498 2552 est,
527 2489 586 2532 non
616 2473 744 2550 propria.
790 2470 855 2542 Otto
883 2479 982 2532 tamen
1006 2470 1106 2553 modo,
1136 2479 1169 2533 ut
1192 2475 1306 2532 ueteris.
1319 2486 1351 2534 20

291 2564 396 2642 tropis,
419 2562 464 2620 uti
487 2559 789 2640 solere-scripturam,
811 2559 910 2621 nullus
934 2561 985 2638 qui
1008 2578 1071 2620 eam
1095 2559 1197 2622 didicit
1220 2559 1300 2622 amb·

292 2653 354 2730 igit.
414 2648 473 2710 tsta
504 2657 604 2708 autem
636 2657 754 2728 tropus,
785 2647 816 2707 id
843 2656 889 2708 est
925 2647 1030 2709 modus
1056 2647 1227 2729 locutionis,
1258 2650 1305 2730 ut,

292 2739 411 2818 qnando
433 2736 464 2798 id
486 2736 566 2815 quod
589 2737 698 2797 dieitur
720 2735 872 2814 longeest
894 2735 1029 2817 amplius,
1051 2754 1139 2816 quiam
1162 2738 1239 2816 quod
1264 2757 1299 2799 eo

291 2827 374 2888 dioto
402 2825 593 2904 significatur.
639 2823 712 2895 Quis
742 2826 822 2884 enim
848 2843 908 2885 non
937 2823 1046 2904 rideat,
1076 2843 1163 2904 quam
1191 2829 1235 2887 sit·
1256 2829 1299 2887 in·

255 2944 259 2949 ·
292 2913 530 2995 comparabiliter
561 2911 685 2992 amplior
722 2911 849 2972 harenae
882 2930 1043 2993 numerus,
1079 2932 1166 2993 quam
1202 2924 1300 2994 potest
1318 2927 1352 2976 25

292 3022 358 3064 esse
378 3003 531 3062 hominnm
550 3002 683 3061 omnium
706 2999 742 3060 ab
765 3003 830 3080 ipso
849 3001 939 3062 Adam
963 3019 1057 3080 usque
1081 3000 1115 3061 ad
1141 3006 1300 3065 terminum

293 3085 426 3152 saeculi?
462 3088 578 3159 Quanto
607 3106 678 3168 ergo
704 3091 797 3167 magis
824 3107 913 3168 quam
941 3107 1042 3150 semen
1066 3089 1211 3172 Abrahae,
1240 3111 1299 3153 non

292 3178 391 3240 solum
413 3176 491 3256 quod
514 3179 645 3257 pertinet
667 3177 702 3236 ad
721 3176 913 3238 israeliticam
935 3185 1063 3259 gentem,
1086 3196 1189 3241 verum
1212 3183 1300 3241 etiam

292 3267 372 3346 quod
396 3273 495 3326 estet
518 3265 652 3325 iuturum
675 3273 722 3324 est
743 3265 908 3326 secundum
930 3268 1123 3328 imitationem
1146 3267 1214 3329 fidei
1237 3276 1299 3330 toto
1328 3339 1330 3344 ¹

291 3354 365 3415 orbe
402 3362 549 3414 terrarum
584 3355 617 3413 in
653 3351 790 3413 omnibus
826 3352 976 3432 gentibus!
1014 3353 1098 3426 Quod
1136 3373 1236 3416 semen
1268 3359 1299 3416 in
1318 3369 1352 3417 30

362 3494 407 3560 15)
425 3491 494 3546 Gen.
514 3497 557 3559 ta,
573 3498 675 3562 ltsqq.

362 3707 398 3758 to
414 3705 447 3756 tu
465 3719 515 3757 orn.
536 3705 589 3773 Vt]
606 3721 669 3758 enm
686 3721 740 3760 mss
756 3721 805 3761 ree.
828 3706 939 3772 Groee.,·
957 3722 1007 3761 om.
1025 3722 1043 3762 o
