3284 4459
344 475 409 540 438
750 487 772 529 s.
786 487 950 530 anousrrrn

345 627 434 684 etiam
457 623 633 703 corporibus
660 626 717 683 iam
741 621 946 683 inmortalibus
969 631 1102 701 regnent.
1148 623 1276 683 Proinde
1301 625 1355 683 tri·

345 711 402 773 bus
424 711 482 772 illis
509 714 594 773 annis
622 720 709 789 atque
739 710 860 772 dimidio
883 715 995 772 animae
1019 713 1186 772 occisorum
1209 729 1264 790 pro
1289 714 1354 771 eius

346 801 500 882 martyrio,
527 807 558 861 et
579 818 655 879 quae
678 808 763 860 antea
786 800 823 860 de
847 799 1022 878 corporibus
1045 802 1196 879 exierunt,
1224 808 1254 859 et
1278 817 1355 877 quae

346 891 409 969 ipsa
428 889 586 949 novissima
604 890 812 967 persecutione
837 896 905 948 sunt
929 890 1071 970 oritanae,
1094 888 1261 967 regnabunt
1284 906 1354 948 cum

310 976 405 1057 ollio,
428 975 522 1037 donec
549 978 669 1037 liniatur
691 976 814 1036 mortale
838 975 986 1036 saeculum
1010 984 1041 1036 et
1063 976 1098 1036 ad
1121 976 1194 1037 illud
1218 994 1355 1055 regnum,

347 1065 398 1128 ubi
416 1081 496 1125 mors
515 1068 659 1146 nouerit,
682 1071 858 1125 transeatur.
904 1063 1049 1135 Quocirca
1072 1082 1140 1125 cum
1164 1064 1282 1125 Christo
1306 1082 1354 1123 re·

346 1154 498 1234 gnantium
526 1163 695 1214 sanctorum
722 1151 824 1230 plures
846 1154 915 1212 anni
938 1161 1027 1212 erunt
1049 1171 1137 1231 quiam
1160 1151 1270 1213 vinculi
1293 1153 1355 1213 dia·

346 1241 406 1305 boli
428 1250 516 1321 atque
536 1241 695 1321 custodiae,
718 1243 786 1319 quia
809 1240 851 1300 illi
875 1258 941 1301 cnm
965 1259 1020 1301 suo
1042 1258 1113 1319 rege
1136 1240 1188 1301 Dei
1212 1240 1272 1301 lilio
1295 1243 1355 1301 iam

346 1329 462 1392 diabolo
480 1347 540 1390 non
558 1329 646 1408 ligato
665 1333 754 1392 etiam
776 1346 831 1408 per
854 1336 915 1388 tres
937 1328 1003 1389 illos
1025 1347 1118 1389 annos
1141 1347 1175 1389 ac
1199 1331 1354 1389 semissem

296 1435 328 1482 ιο
347 1417 521 1499 regnabunt.
551 1417 709 1480 'Remanet
727 1420 826 1496 igitur,
847 1427 889 1496 ut,
913 1435 980 1476 carm
999 1417 1147 1479 audimus:
1171 1417 1357 1479 Sacerdotes

346 1510 407 1571 Dei
435 1514 466 1567 et
495 1507 609 1567 Obrasti
634 1507 807 1580 regnabant
833 1522 902 1565 cnm
929 1523 964 1567 eo
993 1509 1072 1568 mille
1095 1510 1199 1580 annis,
1232 1516 1261 1566 et
1284 1524 1356 1567 cnm

343 1600 426 1671 finiti
440 1595 560 1670 fuerint
576 1598 655 1655 mitte
673 1597 755 1669 anni,
778 1597 910 1655 solvetur
928 1601 1054 1656 satanas
1073 1597 1110 1656 de
1129 1597 1268 1655 custodia
1286 1612 1355 1669 sna,

345 1695 480 1745 autnon
507 1684 591 1762 regni
618 1682 706 1743 holus
734 1690 904 1742 sanctorum
931 1681 1134 1761 intellegamus
1157 1700 1251 1743 annos
1273 1682 1356 1743 mille

346 1774 434 1854 liniri,
457 1772 509 1832 sed
531 1769 641 1832 vinculi
663 1769 771 1831 diaboli
794 1780 881 1848 atque
905 1771 1069 1851 custodiae,
1092 1780 1126 1832 ut
1148 1788 1242 1831 annos
1264 1770 1357 1851 mille,

296 1862 378 1925 told
407 1869 454 1921 est
483 1876 575 1920 annos
607 1877 709 1919 omnes
741 1877 826 1940 suos,
860 1877 992 1937 quaeque
1022 1877 1091 1938 pars
1123 1858 1229 1919 habeat
1258 1859 1356 1918 diver-

348 1951 441 2009 sisae
459 1949 589 2028 propriis
607 1946 823 2027 prolixitatibus
843 1947 994 2027 liniendos,
1018 1947 1158 2025 ampliore
1182 1956 1356 2007 sanctornm

348 2056 448 2117 regno,
471 2036 605 2097 breviore
629 2035 736 2096 diaboli
759 2034 890 2115 viuculo;
914 2044 964 2095 aut
987 2044 1077 2115 certe,
1100 2037 1239 2113 quoniam
1262 2038 1356 2095 trium

348 2143 492 2186 annorum
515 2134 546 2186 et
567 2143 619 2185 sex
642 2143 779 2199 mensum¹
805 2122 1010 2184 brevissimum
1034 2126 1162 2203 spatium
1185 2132 1243 2203 est,
1273 2142 1356 2183 cotn-

348 2216 445 2294 pulari
468 2214 597 2275 noluisse
626 2212 777 2293 credatur,
804 2214 865 2271 sive
890 2212 967 2289 quod
991 2214 1088 2272 minus
1112 2220 1228 2272 satanae
1252 2214 1356 2272 vincu-

295 2316 328 2364 20
347 2304 418 2383 lum,
440 2304 501 2363 sive
520 2302 599 2381 quod
618 2301 742 2381 amplius
760 2300 877 2362 videtur
895 2318 1019 2379 regnum
1041 2299 1150 2360 babere
1174 2310 1358 2380 sanctorum,

347 2394 426 2453 sicut
443 2391 480 2451 de
498 2391 720 2470 quadringentis
738 2391 823 2448 annis
845 2391 875 2448 in
900 2396 982 2448 sexto
1006 2387 1119 2448 decimo
1142 2387 1231 2450 huius
1254 2392 1357 2467 operis

348 2480 495 2540 volumine
518 2480 677 2559 disputavi3
701 2478 840 2556 quoniam
862 2476 929 2556 plus
953 2475 1061 2555 aliquid
1084 2485 1178 2556 erant,
1201 2485 1232 2537 et
1254 2487 1356 2537 tamen

348 2568 555 2646 quadringenti
585 2575 655 2628 srvnt
682 2567 855 2645 nuncupati3
887 2574 918 2625 et
946 2563 1014 2625 talia
1044 2582 1132 2643 saepe
1162 2567 1356 2644 reperiuntur

347 2657 379 2715 in
401 2655 507 2715 litteris
530 2657 631 2734 sacris,
654 2655 679 2713 si
702 2656 768 2731 quis
791 2653 931 2713 advertat.

296 2881 329 2930 25
735 2857 852 2925 Garun
874 2858 961 2925 XIV.

347 2991 393 3051 De
416 2992 608 3051 damnatione
631 2990 745 3049 diodoli
765 3006 834 3049 cnm
855 2992 919 3049 sati
941 2995 971 3049 et
989 3005 1048 3065 per
1070 2991 1356 3064 recapitulationem

384 3081 422 3141 de
443 3080 669 3138 resurrectione
691 3093 842 3153 corporea
865 3080 995 3138 omnium
1018 3083 1205 3137 mortuoram
1227 3079 1320 3139 etde

599 3167 713 3226 indicio
735 3168 858 3225 ultimae
880 3167 1097 3226 retributionis.

436 3290 508 3352 Post
529 3289 605 3349 hanc
633 3296 731 3350 atatem
760 3290 1066 3348 commemorationem
1090 3290 1264 3350 novissimae
1287 3308 1355 3367 per·

296 3394 330 3443 30
349 3380 510 3441 secationis
536 3376 665 3438 breviter
694 3375 900 3455 complectitur
930 3384 1038 3456 totum,
1067 3377 1145 3456 qnod
1170 3378 1273 3439 ultimo
1297 3380 1356 3437 iam

418 3501 461 3568 m)
480 3501 566 3567 Apoe.
585 3502 629 3565 eo,
643 3502 710 3563 aeq.
766 3498 810 3564 aa)
831 3500 890 3560 voe,
905 3500 947 3549 24.

417 3678 433 3728 8
452 3676 481 3727 ot
499 3676 568 3727 cusi.
582 3691 599 3728 a
612 3675 621 3741 li
636 3677 667 3725 11
689 3688 752 3724 cum
767 3669 817 3723 illo
831 3671 870 3738 ali
886 3673 918 3722 13
932 3669 1015 3724 buius
1029 3688 1079 3726 orn.
1096 3672 1143 3727 aa
1159 3675 1168 3741 ΙΙ
1184 3678 1215 3725 18
1229 3688 1357 3726 mensum

344 3746 417 3812 θὴς
435 3760 581 3797 mensuum
601 3740 719 3797 R¹AG¹
738 3743 870 3807 (437,1);
888 3740 1027 3794 mensium
1045 3741 1218 3813 R’nnbppc
