3284 4459
563 491 604 531 nn
618 489 761 531 oxvmnne
774 491 829 531 nnx
843 491 870 532 1..
884 491 947 531 xxr.
962 491 984 531 c.
999 492 1032 532 aa.
1233 478 1297 541 531

292 630 376 707 tutis3
405 644 460 687 nec
488 633 587 687 tamen
614 643 668 703 pro
699 623 836 685 omnibus
860 625 1024 701 exauditur.
1069 626 1128 685 Pro
1151 626 1198 685 his
1221 628 1300 687 enim
1387 625 1390 633 ’

291 715 362 775 solis
390 713 560 792 exauditur,
592 715 657 794 qui,
685 715 742 774 etsi
768 713 961 774 adversantur
983 713 1140 795 ecelesiae,
1167 716 1207 775 ita
1230 724 1300 775 sunt

291 813 391 864 tamen
409 802 628 881 praedestinati,
650 809 685 861 ut
707 819 761 879 pro
785 803 829 861 eis
852 802 1025 862 exaudiatur
1047 802 1171 863 eeclesia
1196 811 1226 863 et
1248 802 1300 862 filii

291 893 460 953 efficiantur
490 888 641 950 ecelesiae.
696 888 729 949 Si
765 892 817 967 qui
848 898 947 950 autem
979 907 1074 969 usque
1106 891 1141 950 ad
1175 900 1301 951 mortem

291 978 444 1041 habebunt
462 996 513 1039 cor
531 978 727 1056 impaenitens
745 996 801 1037 neo
824 996 861 1038 ex
883 979 1011 1038 inimicis
1035 988 1246 1039 convertentur
1269 982 1335 1039 ino

292 1068 378 1146 filios,
401 1066 543 1145 numquid
562 1067 620 1126 iam
638 1082 694 1144 pro
713 1068 765 1145 eis,
783 1065 813 1125 id
834 1074 879 1127 est
897 1084 951 1145 pro
970 1065 1073 1127 talium
1092 1067 1301 1128 defunctorum

292 1154 457 1235 spiritibus,
479 1161 543 1214 orat
562 1148 711 1213 eeclesia?
747 1151 825 1223 Quid
843 1156 892 1236 ita,
915 1155 973 1215 nisi
996 1156 1064 1233 quia
1082 1156 1114 1214 in
1136 1164 1219 1233 parte
1242 1157 1300 1215 iam

221 1302 226 1308 .
293 1243 401 1304 diaboli
430 1250 633 1321 computatur,
662 1243 714 1318 qui
742 1260 811 1302 eum
839 1251 920 1303 esset
949 1244 980 1303 in
1012 1260 1137 1321 corpore
1167 1261 1227 1302 non
1255 1252 1302 1303 est

293 1331 452 1391 translatus
475 1329 511 1391 ad
534 1325 707 1390 Christum?

381 1418 491 1480 Eadem
518 1420 617 1496 itaque
646 1435 733 1477 cansa
761 1426 821 1498 est,
851 1436 906 1479 cur
932 1436 992 1478 non
1019 1428 1122 1479 oretur
1150 1427 1222 1479 tuno
1245 1437 1300 1497 pro
1320 1430 1355 1479 10

295 1506 462 1568 hominibus
484 1514 606 1566 aeterno
626 1506 694 1583 igne
718 1506 885 1586 puniendis,
908 1524 983 1585 quae
1006 1514 1171 1586 causaest,
1194 1515 1228 1568 ut
1250 1525 1300 1567 ne·

293 1614 352 1674 que
375 1613 455 1656 nnnc
477 1612 574 1673 neque
598 1603 670 1654 tuno
693 1603 797 1654 oretur
819 1612 873 1673 pro
897 1594 1008 1673 angelis
1033 1594 1127 1675 malis3
1156 1613 1231 1673 quae
1254 1597 1301 1655 iti·

293 1684 361 1744 dem
391 1701 480 1744 eausa
507 1690 569 1763 est,
596 1691 645 1762 ut,
673 1684 805 1760 quamvis
832 1701 887 1761 pro
910 1682 1095 1763 hominibus,
1122 1693 1221 1744 tamen
1243 1686 1301 1744 iam

294 1790 350 1832 nee
369 1790 448 1831 nuno
467 1779 570 1831 oretur
588 1787 642 1849 pro
663 1769 832 1830 infidelibus
855 1772 1012 1849 impiisque
1036 1772 1192 1832 defunctis,
1227 1772 1301 1833 Nam

294 1878 349 1939 pro
372 1860 520 1920 defunctis
543 1857 720 1937 quibusdam
742 1857 788 1917 vel
809 1860 904 1937 ipsius
927 1858 1069 1919 ecelesiae
1092 1860 1137 1920 vel
1161 1868 1354 1939 quorum-15

296 1948 363 2007 dam
389 1950 507 2027 piorum
536 1946 692 2006 exauditur
720 1948 832 2025 oratio,
864 1945 916 2005 sed
943 1964 997 2025 pro
1025 1947 1085 2027 his,
1115 1966 1242 2027 quorum
1271 1951 1302 2009 in

296 2035 413 2096 Christo
443 2042 686 2113 regeneratorum
715 2051 772 2093 neo
800 2051 895 2111 usque
928 2035 1000 2094 adeo
1031 2038 1088 2095 vita
1115 2038 1147 2095 in
1177 2054 1302 2115 corpore

294 2123 370 2183 male
393 2132 475 2201 gesta
498 2130 557 2202 est,
585 2130 619 2182 nt
648 2122 699 2181 taii
722 2120 925 2181 misericordia
947 2121 1116 2184 iudicentur
1139 2123 1219 2201 digni
1242 2142 1302 2184 non

295 2228 378 2291 esse,
407 2228 463 2271 nee
490 2226 585 2287 usque
615 2209 688 2268 adeo
715 2208 805 2290 bene,
833 2217 867 2269 ut
889 2210 977 2269 talem
1001 2210 1232 2270 misericordiam
1256 2229 1301 2271 re-

293 2301 449 2379 periantur
475 2299 673 2357 neeessariam
700 2314 761 2357 non
787 2296 912 2378 habere3
940 2300 1018 2357 sieut
1046 2300 1133 2358 etiam
1157 2298 1233 2358 saeta
1255 2315 1301 2358 re·
1322 2308 1355 2357 20

295 2387 481 2447 surrectione
504 2394 690 2445 mortuorum
712 2403 773 2445 non
795 2384 936 2466 deerunt,
963 2385 1072 2463 quibus
1094 2394 1162 2464 post
1184 2404 1301 2466 poenas,

295 2492 369 2554 quas
392 2475 546 2553 patiuntur
568 2474 691 2551 spiritus
714 2481 914 2553 mortuorum,
936 2476 1112 2552 impertiatur
1135 2475 1301 2535 misericor-

296 2563 357 2644 dia,
384 2570 418 2623 ut
444 2564 476 2623 in
502 2563 601 2639 ignem
630 2579 695 2620 non
712 2563 868 2621 mittantur
891 2570 1053 2622 aeternum.
1098 2560 1200 2642 Neque
1224 2564 1303 2622 enim

295 2652 333 2711 de
355 2649 532 2729 quibusdam
558 2651 704 2711 veraciter
726 2647 890 2731 diceretur,
920 2650 1000 2728 quod
1023 2668 1083 2709 non
1105 2652 1149 2710 eis
1172 2652 1302 2711 remitta-

295 2747 345 2801 tur
374 2756 471 2817 neque
501 2740 532 2798 in
561 2738 619 2797 hoo
646 2737 763 2797 saeculo
791 2755 888 2816 neque
916 2740 947 2797 in
975 2739 1092 2819 futuro,
1123 2741 1181 2799 nisi
1203 2749 1355 2799 essentne
1385 2740 1386 2743 ’

297 2826 414 2906 quibus,
438 2827 495 2885 etsi
512 2843 573 2885 non
594 2828 627 2885 in
649 2827 716 2907 isto,
739 2834 837 2886 tamen
860 2828 1022 2886 remittitur
1043 2828 1074 2886 in
1097 2827 1207 2889 futuro.
1244 2826 1303 2888 Sed

296 2932 365 2975 eum
395 2915 506 2974 dietum
536 2914 628 2974 inerit
653 2932 671 2975 a
697 2914 795 2975 iudice
823 2915 956 2975 vivorum
984 2922 1072 2992 atque
1103 2912 1303 2976 mortuorum:

302 3002 424 3076 Venite,
455 3004 609 3063 benedicti
634 3005 736 3077 patris
766 3005 841 3075 mei,
870 3004 1021 3077 possidete
1045 3010 1193 3079 paratum
1221 3004 1304 3063 vobis

297 3108 424 3166 reprom
447 3108 467 3152 a
490 3093 703 3151 constitutione
725 3091 842 3163 mundi,
871 3100 901 3149 et
923 3089 987 3149 aliis
1010 3108 1026 3149 e
1050 3093 1213 3152 contrario:
1235 3091 1302 3151 Βίε-

296 3181 395 3242 cedr'te
417 3197 437 3241 a
459 3195 520 3254 me,
541 3180 708 3252 maledieti,
731 3181 762 3238 iu
786 3181 887 3252 ionem
909 3184 1078 3252 aeternum,
1101 3182 1155 3253 qui
1173 3185 1357 3255 paratusao

297 3274 343 3329 ert
368 3268 489 3330 diabolo
515 3273 547 3327 et
572 3268 690 3341 anneto
718 3269 796 3339 eius,
824 3274 855 3325 et
881 3267 971 3325 ierint
998 3268 1050 3328 isti
1069 3268 1102 3327 in
1124 3268 1304 3341 supplicium

297 3361 468 3431 octonum,
496 3357 569 3415 iusti
595 3360 695 3414 autem
722 3357 755 3414 in
776 3356 868 3414 vitum
891 3360 1062 3415 aeteruum:
1090 3354 1197 3413 nimiae
1220 3371 1303 3433 prae-

367 3482 1012 3552 mmmm.mmmmmm

294 3586 508 3595 ..---—

368 3647 383 3694 6
401 3642 470 3714 iam]
488 3644 583 3697 tamen
596 3660 614 3712 p
628 3642 742 3709 Hoffm,
759 3642 829 3695 autre
837 3642 1017 3710 probabiliter
1021 3661 1032 3707 ;
1049 3640 1096 3695 sed
1109 3641 1143 3707 cf.
1160 3645 1178 3694 7
1191 3643 1230 3711 118
1245 3657 1308 3696 oum

295 3730 362 3781 orem
381 3714 447 3766 dnm
460 3730 477 3767 o
490 3715 500 3781 ΙΙ
514 3718 547 3766 26
566 3713 596 3765 in
613 3712 668 3765 isto
683 3711 855 3781 RG¹bppo3
874 3712 904 3765 in
922 3728 972 3766 om.
988 3711 1308 3781 AG1'aaeiiremittun-

295 3788 343 3838 tur
358 3802 389 3855 μς
407 3783 567 3838 remittetur
579 3802 595 3837 u
608 3786 617 3852 ΙΙ
632 3789 664 3836 31
684 3783 770 3837 ierint
783 3782 880 3851 neap
896 3784 937 3851 (ut
954 3800 1039 3851 supra
1053 3782 1162 3851 ἠπίως
1181 3782 1252 3840 iniei
1266 3784 1308 3850 e²;

296 3857 379 3909 erunt
395 3873 426 3926 93
444 3854 527 3908 ibunt
544 3854 678 3909 AGbe¹v
1266 3853 1267 3858 ’

1041 3943 1093 3995 34*
