3284 4459
327 460 394 526 488
735 474 757 515 s.
771 473 936 517 auousnnu

329 629 409 672 nune
440 612 497 671 iste
529 609 616 690 ordo,
648 612 673 669 si
706 611 772 688 quis
803 610 953 689 inspiciat,
985 610 1143 670 invenitur.
1190 609 1248 669 Sed
1283 628 1342 689 ego

328 700 420 759 istum
443 716 501 777 qua
523 716 612 759 eausa
635 697 789 778 elegerim,
812 697 881 759 dixi.
1038 706 1040 711 '

744 885 860 952 Garun
882 885 923 951 ΙΙ.

382 1018 431 1077 Ao
449 1019 568 1093 possint
589 1032 722 1092 corporo
744 1017 775 1075 in
799 1018 917 1075 ustione
940 1018 1019 1089 ionis
1042 1032 1106 1079 esse
1125 1024 1285 1094 perpetuo.

294 1152 311 1201 5
419 1139 496 1210 Quid
524 1142 615 1219 igitur
641 1138 807 1218 ostendam,
836 1138 912 1197 uude
941 1140 1155 1199 convincantur
1183 1139 1342 1222 inereduli,

329 1247 417 1308 posse
440 1228 567 1288 humana
590 1244 714 1305 corpora
742 1228 867 1286 animala
895 1233 982 1303 alque
1010 1228 1136 1286 viventia
1160 1246 1218 1286 non
1243 1228 1341 1289 solum

330 1334 491 1394 numquam
505 1324 600 1376 morte
619 1314 748 1394 dissolvi,
767 1314 818 1374 sed
838 1316 868 1373 in
888 1324 1076 1375 aeternorum
1092 1333 1210 1393 quoque
1225 1318 1341 1394 ignium

330 1405 438 1467 durare
461 1400 639 1466 tormentis?
668 1402 779 1463 Nolunt
802 1404 880 1461 enim
903 1402 960 1462 hoo
984 1401 1019 1461 ad
1043 1401 1261 1482 Omnipolemis
1284 1423 1341 1465 nos

330 1494 444 1553 referre
467 1495 637 1572 polentiam,
660 1490 712 1551 sed
735 1490 832 1569 aliquo
856 1490 989 1570 exemplo
1012 1491 1186 1569 persuaderi
1209 1491 1265 1552 sibi
1289 1493 1339 1553 lla·

280 1596 312 1644 10
331 1584 433 1661 gitant.
478 1578 593 1651 Quibus
621 1582 647 1639 si
673 1578 919 1658 respondebimus
946 1595 1012 1639 esse
1040 1579 1175 1639 animalia
1203 1582 1340 1659 prolecto

331 1667 544 1748 corruptibilia,
567 1670 635 1746 quia
654 1666 796 1747 mortalia,
820 1684 894 1745 quae
919 1668 1016 1727 lamen
1039 1669 1069 1727 in
1093 1669 1197 1729 mediis
1220 1668 1342 1747 ignibus

331 1759 441 1837 rivanl5
459 1755 634 1816 nonnullum
658 1758 746 1816 etiam
769 1773 863 1833 genus
888 1757 1030 1816 vermium
1054 1758 1084 1815 in
1108 1774 1252 1835 aquarum
1271 1758 1340 1818 oali-

332 1845 436 1905 darum
463 1846 659 1923 scaturrigine
688 1846 828 1923 reperiri,
856 1862 981 1922 quarum
1009 1844 1155 1904 lervorem
1185 1863 1271 1905 nemo
1295 1848 1341 1906 in·

331 1951 411 2013 pune
443 1940 620 2013 contrectat3
657 1931 723 1992 illos
754 1941 853 1992 aulem
886 1950 945 1992 non
978 1932 1073 1992 solnm
1105 1935 1169 1993 siue
1202 1933 1258 1993 ulla
1293 1937 1342 1995 sui

281 2036 313 2084 15
332 2021 461 2081 laesione
488 2020 530 2081 ibi
558 2038 637 2100 esse,
665 2020 717 2081 sed
744 2029 827 2081 extra
856 2036 921 2079 esse
949 2038 1008 2079 non
1031 2038 1133 2100 posse:
1161 2028 1212 2082 aul
1234 2022 1343 2083 nolunt

332 2109 465 2189 eredere,
488 2112 513 2169 si
532 2108 690 2169 ostendere
710 2126 769 2168 non
787 2106 930 2188 valemus;
954 2116 1014 2189 aut,
1036 2110 1061 2167 si
1080 2108 1259 2170 valuerimus
1278 2112 1341 2171 sive

331 2197 426 2258 oeulis
449 2197 652 2258 demonstrare
675 2213 724 2256 res
747 2199 826 2276 ipsas
849 2198 909 2256 sive
933 2213 987 2275 per
1009 2205 1102 2257 testes
1124 2196 1247 2258 idoneos
1270 2198 1341 2258 edo-

332 2304 410 2368 cere,
433 2304 492 2346 non
516 2287 587 2346 satis
611 2302 676 2345 esse
700 2284 756 2344 lroe
779 2284 814 2344 ad
839 2284 1005 2362 exemplum
1029 2287 1086 2364 rei,
1110 2285 1145 2345 de
1170 2304 1227 2365 qua
1251 2304 1341 2365 quae·

332 2377 389 2436 stio
414 2382 468 2454 esl,
491 2373 593 2434 eadem
612 2372 782 2433 infidelitate
806 2372 995 2453 contendent,
1019 2375 1086 2451 qnia
1109 2373 1181 2433 haec
1206 2376 1342 2435 animalia

279 2478 314 2526 20
332 2481 388 2523 nee
416 2480 533 2542 semper
560 2464 662 2523 vivunt
692 2470 722 2521 et
749 2464 780 2521 in
807 2460 865 2521 illis
894 2460 1060 2521 fervoribus
1091 2463 1154 2522 siue
1187 2461 1342 2523 doloribus
1417 2498 1418 2501 =
1456 2486 1457 2503 ¹

332 2554 448 2630 rivunt5
486 2567 556 2610 suae
588 2552 697 2629 quippe
734 2558 856 2609 naturae
889 2548 1134 2609 convenientibus
1166 2559 1341 2629 regelantur

332 2638 399 2718 illis,
422 2656 481 2698 uon
504 2640 676 2698 cruciantur
695 2637 862 2717 elementis3
886 2639 969 2715 quasi
992 2655 1051 2697 non
1074 2638 1278 2699 incredibilius
1302 2642 1342 2701 sit

333 2727 464 2804 vegetari
491 2743 577 2803 quarn
605 2727 733 2786 eruciari
761 2725 868 2785 talibus
891 2724 990 2785 rebus.
1036 2724 1167 2786 Mirabile
1191 2736 1237 2787 est
1260 2730 1341 2787 enim

332 2813 433 2873 dolere
461 2816 491 2874 in
520 2812 637 2891 ignibus
664 2820 696 2873 el
719 2821 816 2874 tamen
841 2815 952 2894 vivere,
980 2813 1031 2873 sed
1054 2813 1217 2874 mirabilius
1242 2817 1340 2875 vivere

281 2917 314 2965 25
333 2904 364 2961 in
386 2900 505 3051 {finilbgrs
533 2918 588 2960 neo
617 2899 726 2961 dolere.
773 2902 806 2962 Si
829 2909 927 2963 autem
950 2900 1006 2963 hoc
1029 2902 1175 2983 ereditur,
1203 2922 1258 2964 our
1280 2920 1341 2963 non

332 2997 364 3050 et
387 2991 393 3003 ‘
418 3008 437 3049 u

739 3141 855 3208 Garun
878 3144 936 3209 ΠΙ.

333 3255 380 3316 An
404 3271 590 3329 consequens
610 3255 663 3327 sit,
685 3260 720 3314 ut
742 3270 922 3329 corporeum
945 3257 1078 3316 dolorem
1100 3263 1247 3331 sequntur
1270 3273 1340 3317 eor-

726 3345 773 3401 ois
797 3345 945 3402 interitus.

280 3480 315 3530 80
424 3465 482 3526 Sed
501 3463 614 3526 nullum
633 3473 687 3539 est,
710 3465 857 3545 inquiunt,
880 3484 997 3547 corpus,
1021 3464 1099 3544 quod
1123 3466 1223 3528 dolere
1246 3470 1342 3547 possit

334 3573 390 3615 neo
421 3555 515 3633 possii
544 3555 628 3613 mori.
673 3551 711 3612 Et
740 3552 795 3612 hoc
825 3553 902 3613 unde
931 3550 1065 3615 scimus?
1109 3553 1182 3614 Nam
1211 3555 1248 3615 de
1276 3573 1339 3615 eor·

334 3641 456 3723 poribus
479 3643 545 3720 quis
569 3649 669 3701 certus
692 3647 739 3699 esi
761 3639 947 3721 daemonum,
971 3649 1071 3701 utrum
1094 3644 1124 3703 in
1149 3646 1191 3704 eis
1215 3642 1341 3724 doleant,

335 3728 451 3809 quando
479 3747 512 3789 se
539 3728 629 3806 affligi
657 3730 769 3805 magnis
798 3729 977 3790 crucialibus
1009 3728 1210 3793 confitentur?
1256 3731 1343 3802 Quod
