3284 4459
339 518 402 596 1-46
747 527 768 570 s
782 525 946 569 sponsum
1024 544 1027 548 -

338 665 517 734 admodum
539 682 594 744 per
612 671 727 724 ceteras
749 670 862 742 gentes.
905 659 971 724 -Uua
992 663 1083 741 igitur
1101 660 1214 722 Tharne
1237 661 1351 722 domm

338 761 415 834 erat,
442 753 478 814 de
509 770 568 832 quo
591 760 677 814 natus
706 759 753 812 est
774 749 934 830 Abrabam,
960 751 991 810 in
1014 768 1072 829 qua
1095 752 1183 811 unius
1205 752 1268 812 veri
1290 749 1347 810 Dei

338 842 437 904 cultus
464 849 507 921 et,
536 848 679 920 quantum
703 838 844 900 credibile
867 847 926 919 est,
955 841 986 898 in
1010 856 1066 917 qua
1089 840 1147 900 iam
1170 837 1232 900 sola
1255 840 1346 899 etiam

338 930 471 992 Hebraea
503 929 602 1008 lingna
631 937 814 990 remanserat
841 919 989 1008 (quamvis
1016 937 1047 988 et
1074 928 1153 1006 ipse,
1182 929 1260 987 sieut
1286 930 1353 987 iarn

303 1031 322 1078 o
338 1019 521 1088 manifestior
550 1016 603 1077 uei
634 1015 762 1096 populus
788 1016 987 1096 interrupto,
1014 1017 1054 1077 ita
1081 1018 1112 1076 iu
1135 1014 1347 1095 Mesopotamia

340 1109 467 1172 servisse
490 1105 547 1166 diis
571 1104 672 1164 alienis
695 1103 763 1166 lesu
786 1103 865 1164 Nare
888 1112 1026 1166 narrante
1050 1096 1213 1186 rein-atur)
1236 1106 1347 1164 ueteris

339 1213 375 1264 ex
405 1195 546 1274 progenie
577 1193 655 1254 illius
678 1190 777 1252 Heber
804 1194 836 1252 in
862 1191 977 1270 linguas
1005 1192 1144 1272 paulatim
1167 1191 1237 1254 alias
1260 1201 1291 1254 et
1312 1194 1347 1252 in

339 1285 474 1356 nationes
503 1281 573 1343 alias
603 1280 810 1342 defluentibus
855 1279 984 1341 Proinde
1014 1282 1092 1342 sieut
1118 1298 1172 1360 per
1201 1298 1348 1359 aquarum

339 1370 482 1434 diluvium
508 1388 567 1432 una
595 1369 700 1430 domus
722 1367 785 1429 Noe
812 1377 995 1430 remanserat
1017 1368 1053 1430 ad
1076 1369 1272 1449 reparandum
1294 1387 1347 1448 ge-

287 1473 396 1526 tonus
427 1458 606 1539 humanum,
636 1460 679 1518 sio
713 1459 743 1518 in
770 1456 879 1517 diluvio
912 1457 1071 1519 multarum
1099 1459 1348 1536 superstitionum

339 1567 393 1628 per
425 1550 596 1608 universum
623 1545 766 1606 mundum
793 1562 852 1607 uua
881 1554 1064 1607 remanserat
1085 1543 1191 1608 dumus
1222 1544 1351 1627 Tharne,

339 1640 370 1706 in
394 1653 460 1715 qua
474 1634 620 1706 custodita
644 1642 690 1694 est
711 1634 853 1714 plantatio
876 1635 1001 1696 civitatis
1025 1633 1086 1694 Dei.
1131 1633 1264 1714 Denique
1286 1637 1348 1696 sie·

338 1733 374 1786 ut
394 1723 464 1796 illie¹
491 1724 671 1800 enumeratis
704 1739 792 1801 supra
820 1721 1060 1800 generationibus
1087 1740 1182 1801 usque
1214 1722 1251 1784 ad
1281 1723 1348 1785 Noe

340 1812 427 1873 simul
459 1829 527 1872 oum
555 1828 700 1874 annorum
733 1812 866 1872 numeris
896 1818 927 1870 et
954 1813 1088 1890 exposita
1117 1810 1219 1872 diluuii
1247 1831 1348 1893 eausa,

288 1913 321 1970 ¹5,
340 1899 513 1982 priusquam
543 1899 621 1960 ueros
651 1901 797 1978 inciperet
825 1897 862 1958 de
898 1916 965 1960 area
1000 1897 1168 1960 labrieanda
1196 1898 1277 1979 loqui
1308 1902 1348 1961 ad

340 1989 418 2068 Noe,
450 1988 572 2049 dieitur:
604 1988 671 2048 Hue
699 1994 799 2048 uutem
824 1991 1038 2062 uenerationes
1065 1988 1143 2049 Noe:
1172 1990 1212 2048 ita
1240 1988 1349 2050 ethio

340 2078 521 2150 enumeratis
540 2074 780 2155 generationibus
803 2073 840 2134 ab
862 2075 921 2155 illo,
943 2077 995 2154 qui
1017 2084 1064 2136 est
1085 2075 1248 2155 appellatus
1267 2076 1349 2152 Sem,

340 2166 402 2238 lilio
420 2164 490 2245 Noe,
514 2182 609 2243 usque
633 2164 668 2225 ad
687 2162 842 2241 Abrabam,
864 2163 971 2224 deiude
994 2165 1118 2243 insignis
1140 2164 1284 2227 articulus
1306 2168 1349 2226 si·

341 2254 450 2315 militer
468 2255 589 2332 ponitur
607 2261 641 2313 ut
659 2251 787 2313 dicatur:
810 2253 878 2312 Hae
895 2259 966 2313 sunt
980 2255 1195 2328 uenerationes
1215 2253 1355 2316 llrurue.

288 2355 321 2403 ao
344 2343 446 2403 lburu
466 2344 574 2417 penult
595 2341 709 2401 Abrum
732 2349 762 2401 et
779 2338 911 2402 liariter
927 2347 956 2400 et
978 2341 1092 2419 Arrun,
1114 2348 1145 2402 et
1165 2341 1272 2402 Arrun
1291 2361 1348 2418 pe-

340 2434 407 2493 nuit
432 2430 517 2492 Lutb.
563 2429 603 2489 Et
629 2436 765 2490 mortuus
792 2437 837 2489 est
863 2429 969 2489 Arrun
996 2445 1101 2490 eorum
1126 2427 1229 2490 illurn
1253 2440 1351 2508 putre

340 2537 394 2580 suo
418 2523 449 2579 in
472 2525 558 2579 terru
581 2519 612 2577 in
635 2534 696 2592 qun
719 2525 809 2576 nutus
832 2523 887 2586 est,
910 2519 942 2577 u'n
965 2520 1090 2592 neptune
1115 2517 1349 2581 Chaldaeorum.

341 2609 382 2668 Et
401 2609 526 2684 sumpsit
548 2606 662 2665 Atrum
685 2611 715 2666 et
736 2605 861 2666 Narbon
882 2605 942 2665 sibi
962 2622 1091 2676 uxorem
1113 2622 1220 2667 numen
1241 2611 1348 2670 muliev

341 2699 386 2756 ris
421 2694 536 2756 Abrum
568 2693 650 2754 Suru
683 2700 712 2754 et
747 2709 854 2754 numen
890 2695 1026 2754 mulieris
1057 2694 1182 2755 Nucbor
1213 2695 1350 2777 Metella,

288 2797 322 2844 25
338 2786 406 2857 filiu
429 2785 542 2842 Arrun.
588 2780 647 2842 lste
670 2781 764 2840 Arran
791 2790 876 2861 pater
898 2778 1028 2842 Melobae
1057 2781 1113 2841 luit
1144 2792 1174 2843 et
1195 2791 1280 2862 pater
1303 2783 1349 2846 le·

341 2889 424 2954 sene,
456 2887 530 2949 quae
561 2868 641 2930 iesca
674 2868 805 2931 creditur
837 2871 901 2948 ipsa
932 2886 998 2929 esse
1029 2871 1117 2931 etiam
1150 2869 1238 2932 Sarra
1269 2890 1349 2934 uxor

339 2957 481 3019 Abrahae.
852 2956 855 2960 ’

390 3129 441 3196 ω)
458 3127 511 3183 Ios.
530 3133 573 3194 er,
592 3132 616 3182 e.
656 3129 699 3195 ro)
718 3126 785 3183 Gen.
804 3133 830 3194 o,
849 3134 874 3182 o.
911 3131 956 3195 25)
975 3126 1042 3182 Gen.
1064 3133 1106 3196 11,
1124 3133 1158 3182 er
1178 3136 1238 3198 sqq.

356 3413 358 3418 ,
405 3364 421 3412 2
441 3359 549 3430 dequo
570 3358 803 3431 VR’FGbepp;
829 3360 864 3413 de
883 3376 939 3430 qua
958 3360 1066 3416 R¹¹tuu
1087 3363 1096 3431 ΙΙ
1118 3367 1139 3432 t
1153 3361 1214 3432 ipse
1234 3361 1350 3418 171ὶί1Β

337 3429 518 3504 Gpub¹epp3
536 3430 600 3501 ipsa
619 3429 715 3485 V¹b¹o
733 3432 742 3499 ΙΙ
761 3437 776 3484 6
796 3430 896 3484 ueteris
914 3447 963 3485 om.
982 3432 1060 3487 RFe
1074 3434 1083 3500 ΙΙ
1097 3437 1130 3486 16
1149 3432 1191 3486 ita
1208 3450 1259 3487 ont.
1274 3435 1316 3490 12¹
1334 3437 1347 3506 Ι

336 3507 517 3570 torquemus
537 3501 639 3568 VRF3
667 3516 745 3554 uram
766 3519 798 3567 u;
826 3517 894 3555 aran
916 3513 934 3550 u
957 3502 1014 3556 rell.
1037 3520 1053 3556 υ
1075 3505 1085 3571 ΙΙ
1107 3507 1141 3556 28
1165 3509 1346 3574 sumpserunt

337 3573 430 3640 Gupu
443 3573 452 3641 ΙΙ
466 3576 500 3626 to
510 3572 572 3640 (bis)
582 3587 659 3625 erum
675 3572 805 3642 VRFep
817 3574 827 3641 ΙΙ
840 3572 1005 3642 puteriesea
1021 3574 1184 3645 VRFGep
1196 3577 1206 3644 l
1220 3580 1254 3637 26
1264 3591 1348 3630 serre

341 3643 436 3700 VRF
451 3643 498 3710 (ef.
517 3659 538 3697 u.
552 3647 615 3711 26);
635 3658 699 3696 sara
719 3643 831 3714 Gubpu
