<?xml version="1.0" encoding="UTF-8"?>
<!DOCTYPE html PUBLIC "-//W3C//DTD XHTML 1.0 Transitional//EN"
    "http://www.w3.org/TR/xhtml1/DTD/xhtml1-transitional.dtd">
<html xmlns="http://www.w3.org/1999/xhtml" xml:lang="en" lang="en">
 <head>
  <title>
</title>
<meta http-equiv="Content-Type" content="text/html;charset=utf-8" />
  <meta name='ocr-system' content='tesseract 3.04.00' />
  <meta name='ocr-capabilities' content='ocr_page ocr_carea ocr_par ocr_line ocrx_word'/>
</head>
<body>
  <div class='ocr_page' id='page_1' title='image "./sanctiaureliiau11augugoog_0159.png"; bbox 0 0 3284 4459; ppageno 0'>
   <div class='ocr_carea' id='block_1_1' title="bbox 561 519 1306 584">
    <p class='ocr_par' dir='ltr' id='par_1_1' title="bbox 561 519 1306 584">
     <span class='ocr_line' id='line_1_1' title="bbox 561 519 1306 584; baseline 0.013 -10"><span class='ocrx_word' id='word_1_1' title='bbox 561 533 602 574; x_wconf 84' lang='lat' dir='ltr'><strong>uu</strong></span> <span class='ocrx_word' id='word_1_2' title='bbox 616 531 758 575; x_wconf 72' lang='lat' dir='ltr'><strong>armanus</strong></span> <span class='ocrx_word' id='word_1_3' title='bbox 771 533 828 574; x_wconf 81' lang='lat' dir='ltr'><strong>nur</strong></span> <span class='ocrx_word' id='word_1_4' title='bbox 839 534 865 574; x_wconf 83' lang='lat' dir='ltr'><strong>n.</strong></span> <span class='ocrx_word' id='word_1_5' title='bbox 878 535 941 574; x_wconf 82' lang='lat' dir='ltr'><strong>xvr.</strong></span> <span class='ocrx_word' id='word_1_6' title='bbox 954 534 978 575; x_wconf 84' lang='lat' dir='ltr'><strong>a.</strong></span> <span class='ocrx_word' id='word_1_7' title='bbox 992 536 1024 576; x_wconf 87' lang='lat' dir='ltr'><strong>ro.</strong></span> <span class='ocrx_word' id='word_1_8' title='bbox 1243 519 1306 584; x_wconf 77' lang='lat'><strong>139</strong></span> 
     </span>
    </p>
   </div>
   <div class='ocr_carea' id='block_1_2' title="bbox 713 696 890 764">
    <p class='ocr_par' dir='ltr' id='par_1_2' title="bbox 713 696 890 764">
     <span class='ocr_line' id='line_1_2' title="bbox 713 696 890 764; baseline 0 0"><span class='ocrx_word' id='word_1_9' title='bbox 713 696 828 764; x_wconf 74' lang='lat' dir='ltr'><strong>Ourur</strong></span> <span class='ocrx_word' id='word_1_10' title='bbox 851 697 890 764; x_wconf 89' lang='lat' dir='ltr'><strong>X.</strong></span> 
     </span>
    </p>
   </div>
   <div class='ocr_carea' id='block_1_3' title="bbox 303 829 1305 992">
    <p class='ocr_par' dir='ltr' id='par_1_3' title="bbox 303 829 1305 992">
     <span class='ocr_line' id='line_1_3' title="bbox 303 829 1305 906; baseline 0 -16"><span class='ocrx_word' id='word_1_11' title='bbox 303 829 344 890; x_wconf 83' lang='lat' dir='ltr'><strong>De</strong></span> <span class='ocrx_word' id='word_1_12' title='bbox 360 831 560 906; x_wconf 69' lang='lat' dir='ltr'><strong>generatione</strong></span> <span class='ocrx_word' id='word_1_13' title='bbox 578 829 654 900; x_wconf 86' lang='lat' dir='ltr'><strong>Sem,</strong></span> <span class='ocrx_word' id='word_1_14' title='bbox 678 829 710 889; x_wconf 80' lang='lat' dir='ltr'><strong>in</strong></span> <span class='ocrx_word' id='word_1_15' title='bbox 729 831 817 888; x_wconf 78' lang='lat' dir='ltr'><strong>euius</strong></span> <span class='ocrx_word' id='word_1_16' title='bbox 832 831 979 906; x_wconf 71' lang='lat' dir='ltr'><strong>progenie</strong></span> <span class='ocrx_word' id='word_1_17' title='bbox 998 831 1123 891; x_wconf 79' lang='lat' dir='ltr'><strong>tendens</strong></span> <span class='ocrx_word' id='word_1_18' title='bbox 1145 832 1189 890; x_wconf 81' lang='lat' dir='ltr'><strong>ud</strong></span> <span class='ocrx_word' id='word_1_19' title='bbox 1207 832 1305 890; x_wconf 81' lang='lat' dir='ltr'><strong>Abro-</strong></span> 
     </span>
     <span class='ocr_line' id='line_1_4' title="bbox 511 917 1093 992; baseline 0.003 -16"><span class='ocrx_word' id='word_1_20' title='bbox 511 918 581 978; x_wconf 83' lang='lat' dir='ltr'><strong>bant</strong></span> <span class='ocrx_word' id='word_1_21' title='bbox 604 919 736 978; x_wconf 82' lang='lat' dir='ltr'><strong>civitatis</strong></span> <span class='ocrx_word' id='word_1_22' title='bbox 759 917 818 976; x_wconf 80' lang='lat' dir='ltr'><strong>Dei</strong></span> <span class='ocrx_word' id='word_1_23' title='bbox 839 919 914 978; x_wconf 79' lang='lat' dir='ltr'><strong>ordo</strong></span> <span class='ocrx_word' id='word_1_24' title='bbox 937 919 1093 992; x_wconf 77' lang='lat' dir='ltr'><strong>diripitur.</strong></span> 
     </span>
    </p>
   </div>
   <div class='ocr_carea' id='block_1_4' title="bbox 299 1039 1364 3503">
    <p class='ocr_par' dir='ltr' id='par_1_4' title="bbox 299 1039 1364 3503">
     <span class='ocr_line' id='line_1_5' title="bbox 388 1039 1306 1121; baseline 0.002 -22"><span class='ocrx_word' id='word_1_25' title='bbox 388 1039 528 1100; x_wconf 84' lang='lat' dir='ltr'><strong>Tenenda</strong></span> <span class='ocrx_word' id='word_1_26' title='bbox 547 1047 593 1099; x_wconf 89' lang='lat' dir='ltr'><strong>est</strong></span> <span class='ocrx_word' id='word_1_27' title='bbox 610 1041 702 1118; x_wconf 88' lang='lat' dir='ltr'><strong>igitur</strong></span> <span class='ocrx_word' id='word_1_28' title='bbox 721 1041 814 1100; x_wconf 90' lang='lat' dir='ltr'><strong>series</strong></span> <span class='ocrx_word' id='word_1_29' title='bbox 838 1042 1061 1118; x_wconf 77' lang='lat' dir='ltr'><strong>generationum</strong></span> <span class='ocrx_word' id='word_1_30' title='bbox 1084 1039 1120 1101; x_wconf 92' lang='lat' dir='ltr'><strong>ab</strong></span> <span class='ocrx_word' id='word_1_31' title='bbox 1144 1043 1208 1120; x_wconf 90' lang='lat' dir='ltr'><strong>ipso</strong></span> <span class='ocrx_word' id='word_1_32' title='bbox 1228 1040 1306 1121; x_wconf 87' lang='lat' dir='ltr'><strong>Sem,</strong></span> 
     </span>
     <span class='ocr_line' id='line_1_6' title="bbox 299 1124 1340 1209; baseline -0.002 -21"><span class='ocrx_word' id='word_1_33' title='bbox 299 1137 333 1189; x_wconf 89' lang='lat' dir='ltr'><strong>ut</strong></span> <span class='ocrx_word' id='word_1_34' title='bbox 360 1131 424 1208; x_wconf 91' lang='lat' dir='ltr'><strong>ipsa</strong></span> <span class='ocrx_word' id='word_1_35' title='bbox 453 1127 587 1189; x_wconf 90' lang='lat' dir='ltr'><strong>ostendat</strong></span> <span class='ocrx_word' id='word_1_36' title='bbox 614 1135 682 1207; x_wconf 92' lang='lat' dir='ltr'><strong>post</strong></span> <span class='ocrx_word' id='word_1_37' title='bbox 709 1127 852 1188; x_wconf 89' lang='lat' dir='ltr'><strong>diluvium</strong></span> <span class='ocrx_word' id='word_1_38' title='bbox 875 1130 1022 1189; x_wconf 83' lang='lat' dir='ltr'><strong>civitatem</strong></span> <span class='ocrx_word' id='word_1_39' title='bbox 1046 1128 1111 1209; x_wconf 79' lang='lat' dir='ltr'><strong>liei,</strong></span> <span class='ocrx_word' id='word_1_40' title='bbox 1141 1131 1219 1189; x_wconf 88' lang='lat' dir='ltr'><strong>sieut</strong></span> <span class='ocrx_word' id='word_1_41' title='bbox 1240 1124 1340 1190; x_wconf 75' lang='lat' dir='ltr'><strong>eamn</strong></span> 
     </span>
     <span class='ocr_line' id='line_1_7' title="bbox 300 1213 1313 1297; baseline 0.002 -21"><span class='ocrx_word' id='word_1_42' title='bbox 300 1218 394 1277; x_wconf 89' lang='lat' dir='ltr'><strong>series</strong></span> <span class='ocrx_word' id='word_1_43' title='bbox 413 1218 636 1296; x_wconf 77' lang='lat' dir='ltr'><strong>generationum</strong></span> <span class='ocrx_word' id='word_1_44' title='bbox 659 1214 695 1276; x_wconf 90' lang='lat' dir='ltr'><strong>ab</strong></span> <span class='ocrx_word' id='word_1_45' title='bbox 714 1216 773 1297; x_wconf 87' lang='lat' dir='ltr'><strong>illo,</strong></span> <span class='ocrx_word' id='word_1_46' title='bbox 792 1218 844 1295; x_wconf 90' lang='lat' dir='ltr'><strong>qni</strong></span> <span class='ocrx_word' id='word_1_47' title='bbox 862 1224 908 1277; x_wconf 91' lang='lat' dir='ltr'><strong>est</strong></span> <span class='ocrx_word' id='word_1_48' title='bbox 926 1215 1089 1297; x_wconf 82' lang='lat' dir='ltr'><strong>appellatus</strong></span> <span class='ocrx_word' id='word_1_49' title='bbox 1108 1216 1189 1297; x_wconf 89' lang='lat' dir='ltr'><strong>Seth,</strong></span> <span class='ocrx_word' id='word_1_50' title='bbox 1207 1213 1313 1278; x_wconf 59' lang='lat' dir='ltr'><strong>osten?</strong></span> 
     </span>
     <span class='ocr_line' id='line_1_8' title="bbox 299 1303 1307 1384; baseline 0.001 -19"><span class='ocrx_word' id='word_1_51' title='bbox 299 1304 388 1366; x_wconf 89' lang='lat' dir='ltr'><strong>debat</strong></span> <span class='ocrx_word' id='word_1_52' title='bbox 416 1313 482 1365; x_wconf 89' lang='lat' dir='ltr'><strong>ante</strong></span> <span class='ocrx_word' id='word_1_53' title='bbox 511 1304 661 1365; x_wconf 83' lang='lat' dir='ltr'><strong>diluvium.</strong></span> <span class='ocrx_word' id='word_1_54' title='bbox 708 1303 835 1384; x_wconf 78' lang='lat' dir='ltr'><strong>Propter</strong></span> <span class='ocrx_word' id='word_1_55' title='bbox 861 1305 917 1365; x_wconf 86' lang='lat' dir='ltr'><strong>boe</strong></span> <span class='ocrx_word' id='word_1_56' title='bbox 945 1322 1016 1383; x_wconf 90' lang='lat' dir='ltr'><strong>ergo</strong></span> <span class='ocrx_word' id='word_1_57' title='bbox 1039 1307 1187 1383; x_wconf 87' lang='lat' dir='ltr'><strong>scriptura</strong></span> <span class='ocrx_word' id='word_1_58' title='bbox 1210 1305 1307 1366; x_wconf 85' lang='lat' dir='ltr'><strong>divina</strong></span> 
     </span>
     <span class='ocr_line' id='line_1_9' title="bbox 299 1392 1306 1475; baseline 0.001 -22"><span class='ocrx_word' id='word_1_59' title='bbox 299 1411 369 1454; x_wconf 86' lang='lat' dir='ltr'><strong>num</strong></span> <span class='ocrx_word' id='word_1_60' title='bbox 399 1401 548 1453; x_wconf 88' lang='lat' dir='ltr'><strong>terrenam</strong></span> <span class='ocrx_word' id='word_1_61' title='bbox 579 1395 726 1454; x_wconf 84' lang='lat' dir='ltr'><strong>civitatem</strong></span> <span class='ocrx_word' id='word_1_62' title='bbox 756 1395 786 1452; x_wconf 93' lang='lat' dir='ltr'><strong>iu</strong></span> <span class='ocrx_word' id='word_1_63' title='bbox 817 1392 980 1475; x_wconf 75' lang='lat' dir='ltr'><strong>Babylone,</strong></span> <span class='ocrx_word' id='word_1_64' title='bbox 1012 1392 1069 1453; x_wconf 88' lang='lat' dir='ltr'><strong>boe</strong></span> <span class='ocrx_word' id='word_1_65' title='bbox 1102 1401 1148 1453; x_wconf 90' lang='lat' dir='ltr'><strong>est</strong></span> <span class='ocrx_word' id='word_1_66' title='bbox 1176 1394 1207 1453; x_wconf 91' lang='lat' dir='ltr'><strong>in</strong></span> <span class='ocrx_word' id='word_1_67' title='bbox 1237 1410 1306 1454; x_wconf 86' lang='lat' dir='ltr'><strong>eou-</strong></span> 
     </span>
     <span class='ocr_line' id='line_1_10' title="bbox 300 1480 1339 1562; baseline -0.002 -20"><span class='ocrx_word' id='word_1_68' title='bbox 300 1484 432 1562; x_wconf 88' lang='lat' dir='ltr'><strong>iusione,</strong></span> <span class='ocrx_word' id='word_1_69' title='bbox 464 1489 671 1562; x_wconf 74' lang='lat' dir='ltr'><strong>monstrasset,</strong></span> <span class='ocrx_word' id='word_1_70' title='bbox 700 1480 736 1540; x_wconf 87' lang='lat' dir='ltr'><strong>ad</strong></span> <span class='ocrx_word' id='word_1_71' title='bbox 764 1481 959 1560; x_wconf 82' lang='lat' dir='ltr'><strong>patriarcham</strong></span> <span class='ocrx_word' id='word_1_72' title='bbox 989 1480 1059 1542; x_wconf 87' lang='lat' dir='ltr'><strong>Sem</strong></span> <span class='ocrx_word' id='word_1_73' title='bbox 1086 1481 1306 1560; x_wconf 86' lang='lat' dir='ltr'><strong>recapitulando</strong></span> <span class='ocrx_word' id='word_1_74' title='bbox 1336 1498 1339 1505; x_wconf 78' lang='grc'><strong>’</strong></span> 
     </span>
     <span class='ocr_line' id='line_1_11' title="bbox 300 1568 1361 1650; baseline -0.002 -19"><span class='ocrx_word' id='word_1_75' title='bbox 300 1573 462 1631; x_wconf 85' lang='lat' dir='ltr'><strong>revertitur</strong></span> <span class='ocrx_word' id='word_1_76' title='bbox 480 1577 511 1630; x_wconf 90' lang='lat' dir='ltr'><strong>et</strong></span> <span class='ocrx_word' id='word_1_77' title='bbox 528 1569 645 1630; x_wconf 84' lang='lat' dir='ltr'><strong>orditur</strong></span> <span class='ocrx_word' id='word_1_78' title='bbox 663 1568 733 1630; x_wconf 89' lang='lat' dir='ltr'><strong>inde</strong></span> <span class='ocrx_word' id='word_1_79' title='bbox 750 1572 956 1648; x_wconf 79' lang='lat' dir='ltr'><strong>generationes</strong></span> <span class='ocrx_word' id='word_1_80' title='bbox 978 1587 1074 1649; x_wconf 85' lang='lat' dir='ltr'><strong>usque</strong></span> <span class='ocrx_word' id='word_1_81' title='bbox 1097 1568 1133 1629; x_wconf 89' lang='lat' dir='ltr'><strong>ad</strong></span> <span class='ocrx_word' id='word_1_82' title='bbox 1152 1568 1306 1650; x_wconf 76' lang='lat' dir='ltr'><strong>Abrabam,</strong></span> <span class='ocrx_word' id='word_1_83' title='bbox 1327 1579 1361 1629; x_wconf 89' lang='lat'><strong>10</strong></span> 
     </span>
     <span class='ocr_line' id='line_1_12' title="bbox 300 1657 1307 1737; baseline -0.001 -18"><span class='ocrx_word' id='word_1_84' title='bbox 300 1667 530 1720; x_wconf 85' lang='lat' dir='ltr'><strong>commemorato</strong></span> <span class='ocrx_word' id='word_1_85' title='bbox 554 1660 641 1718; x_wconf 93' lang='lat' dir='ltr'><strong>etiam</strong></span> <span class='ocrx_word' id='word_1_86' title='bbox 665 1675 789 1718; x_wconf 91' lang='lat' dir='ltr'><strong>numero</strong></span> <span class='ocrx_word' id='word_1_87' title='bbox 813 1674 967 1737; x_wconf 90' lang='lat' dir='ltr'><strong>annorum,</strong></span> <span class='ocrx_word' id='word_1_88' title='bbox 990 1666 1100 1736; x_wconf 90' lang='lat' dir='ltr'><strong>quanto</strong></span> <span class='ocrx_word' id='word_1_89' title='bbox 1123 1659 1247 1737; x_wconf 89' lang='lat' dir='ltr'><strong>quisque</strong></span> <span class='ocrx_word' id='word_1_90' title='bbox 1272 1657 1307 1718; x_wconf 90' lang='lat' dir='ltr'><strong>ad</strong></span> 
     </span>
     <span class='ocr_line' id='line_1_13' title="bbox 301 1745 1307 1825; baseline 0 -18"><span class='ocrx_word' id='word_1_91' title='bbox 301 1747 377 1807; x_wconf 89' lang='lat' dir='ltr'><strong>banc</strong></span> <span class='ocrx_word' id='word_1_92' title='bbox 396 1749 504 1806; x_wconf 90' lang='lat' dir='ltr'><strong>seriem</strong></span> <span class='ocrx_word' id='word_1_93' title='bbox 523 1749 721 1825; x_wconf 88' lang='lat' dir='ltr'><strong>pertinentem</strong></span> <span class='ocrx_word' id='word_1_94' title='bbox 741 1745 831 1806; x_wconf 81' lang='lat' dir='ltr'><strong>iiiitrm</strong></span> <span class='ocrx_word' id='word_1_95' title='bbox 855 1749 1006 1824; x_wconf 83' lang='lat' dir='ltr'><strong>genuisset</strong></span> <span class='ocrx_word' id='word_1_96' title='bbox 1029 1755 1197 1825; x_wconf 84' lang='lat' dir='ltr'><strong>quantoque</strong></span> <span class='ocrx_word' id='word_1_97' title='bbox 1221 1747 1307 1807; x_wconf 83' lang='lat' dir='ltr'><strong>vinis·</strong></span> 
     </span>
     <span class='ocr_line' id='line_1_14' title="bbox 300 1833 1308 1915; baseline -0.002 -19"><span class='ocrx_word' id='word_1_98' title='bbox 300 1845 355 1896; x_wconf 89' lang='lat' dir='ltr'><strong>set.</strong></span> <span class='ocrx_word' id='word_1_99' title='bbox 400 1833 458 1894; x_wconf 91' lang='lat' dir='ltr'><strong>Ubi</strong></span> <span class='ocrx_word' id='word_1_100' title='bbox 480 1842 561 1894; x_wconf 84' lang='lat' dir='ltr'><strong>certe</strong></span> <span class='ocrx_word' id='word_1_101' title='bbox 585 1833 885 1912; x_wconf 84' lang='lat' dir='ltr'><strong>agnoscendumest,</strong></span> <span class='ocrx_word' id='word_1_102' title='bbox 913 1833 991 1912; x_wconf 85' lang='lat' dir='ltr'><strong>qrrod</strong></span> <span class='ocrx_word' id='word_1_103' title='bbox 1015 1843 1082 1894; x_wconf 92' lang='lat' dir='ltr'><strong>ante</strong></span> <span class='ocrx_word' id='word_1_104' title='bbox 1105 1837 1308 1915; x_wconf 84' lang='lat' dir='ltr'><strong>promiseram,</strong></span> 
     </span>
     <span class='ocr_line' id='line_1_15' title="bbox 300 1918 1352 2002; baseline -0.002 -18"><span class='ocrx_word' id='word_1_105' title='bbox 300 1933 334 1984; x_wconf 90' lang='lat' dir='ltr'><strong>ut</strong></span> <span class='ocrx_word' id='word_1_106' title='bbox 352 1931 491 2002; x_wconf 90' lang='lat' dir='ltr'><strong>appareat</strong></span> <span class='ocrx_word' id='word_1_107' title='bbox 510 1939 601 2000; x_wconf 89' lang='lat' dir='ltr'><strong>quare</strong></span> <span class='ocrx_word' id='word_1_108' title='bbox 620 1923 658 1982; x_wconf 90' lang='lat' dir='ltr'><strong>sit</strong></span> <span class='ocrx_word' id='word_1_109' title='bbox 676 1921 787 1981; x_wconf 87' lang='lat' dir='ltr'><strong>dietum</strong></span> <span class='ocrx_word' id='word_1_110' title='bbox 806 1921 842 1982; x_wconf 82' lang='lat' dir='ltr'><strong>rie</strong></span> <span class='ocrx_word' id='word_1_111' title='bbox 861 1922 927 1982; x_wconf 77' lang='lat' dir='ltr'><strong>soliis</strong></span> <span class='ocrx_word' id='word_1_112' title='bbox 946 1920 1059 1984; x_wconf 84' lang='lat' dir='ltr'><strong>Heben:</strong></span> <span class='ocrx_word' id='word_1_113' title='bbox 1083 1925 1195 1984; x_wconf 82' lang='lat' dir='ltr'><strong>Nomen</strong></span> <span class='ocrx_word' id='word_1_114' title='bbox 1217 1918 1308 1983; x_wconf 81' lang='lat' dir='ltr'><strong>nnius</strong></span> <span class='ocrx_word' id='word_1_115' title='bbox 1349 1940 1352 1949; x_wconf 91' lang='lat'><em>·</em></span> 
     </span>
     <span class='ocr_line' id='line_1_16' title="bbox 301 2010 1360 2085; baseline -0.004 -13"><span class='ocrx_word' id='word_1_116' title='bbox 301 2012 454 2084; x_wconf 81' lang='lat' dir='ltr'><strong>Pbulecb,</strong></span> <span class='ocrx_word' id='word_1_117' title='bbox 486 2014 559 2085; x_wconf 80' lang='lat' dir='ltr'><strong>quio</strong></span> <span class='ocrx_word' id='word_1_118' title='bbox 591 2013 622 2070; x_wconf 87' lang='lat' dir='ltr'><strong>in</strong></span> <span class='ocrx_word' id='word_1_119' title='bbox 652 2011 757 2071; x_wconf 80' lang='lat' dir='ltr'><strong>diebus</strong></span> <span class='ocrx_word' id='word_1_120' title='bbox 787 2013 852 2071; x_wconf 83' lang='lat' dir='ltr'><strong>eins</strong></span> <span class='ocrx_word' id='word_1_121' title='bbox 882 2013 979 2072; x_wconf 79' lang='lat' dir='ltr'><strong>diuisa</strong></span> <span class='ocrx_word' id='word_1_122' title='bbox 1009 2018 1055 2072; x_wconf 85' lang='lat' dir='ltr'><strong>est</strong></span> <span class='ocrx_word' id='word_1_123' title='bbox 1082 2019 1176 2071; x_wconf 80' lang='lat' dir='ltr'><strong>terra.</strong></span> <span class='ocrx_word' id='word_1_124' title='bbox 1230 2010 1308 2082; x_wconf 83' lang='lat' dir='ltr'><strong>Quid</strong></span> <span class='ocrx_word' id='word_1_125' title='bbox 1328 2020 1360 2068; x_wconf 81' lang='lat'><strong>15</strong></span> 
     </span>
     <span class='ocr_line' id='line_1_17' title="bbox 301 2097 1308 2176; baseline -0.002 -15"><span class='ocrx_word' id='word_1_126' title='bbox 301 2101 381 2161; x_wconf 89' lang='lat' dir='ltr'><strong>enim</strong></span> <span class='ocrx_word' id='word_1_127' title='bbox 413 2098 491 2159; x_wconf 84' lang='lat' dir='ltr'><strong>aliud</strong></span> <span class='ocrx_word' id='word_1_128' title='bbox 524 2097 752 2176; x_wconf 83' lang='lat' dir='ltr'><strong>intellegendum</strong></span> <span class='ocrx_word' id='word_1_129' title='bbox 785 2108 831 2158; x_wconf 91' lang='lat' dir='ltr'><strong>est</strong></span> <span class='ocrx_word' id='word_1_130' title='bbox 860 2108 969 2158; x_wconf 89' lang='lat' dir='ltr'><strong>terram</strong></span> <span class='ocrx_word' id='word_1_131' title='bbox 1002 2116 1067 2159; x_wconf 89' lang='lat' dir='ltr'><strong>esse</strong></span> <span class='ocrx_word' id='word_1_132' title='bbox 1100 2098 1221 2159; x_wconf 84' lang='lat' dir='ltr'><strong>divisam</strong></span> <span class='ocrx_word' id='word_1_133' title='bbox 1251 2100 1308 2159; x_wconf 89' lang='lat' dir='ltr'><strong>nisi</strong></span> 
     </span>
     <span class='ocr_line' id='line_1_18' title="bbox 301 2183 1308 2266; baseline -0.002 -16"><span class='ocrx_word' id='word_1_134' title='bbox 301 2189 472 2250; x_wconf 88' lang='lat' dir='ltr'><strong>diversitate</strong></span> <span class='ocrx_word' id='word_1_135' title='bbox 502 2183 690 2266; x_wconf 85' lang='lat' dir='ltr'><strong>linguarum?</strong></span> <span class='ocrx_word' id='word_1_136' title='bbox 727 2184 851 2246; x_wconf 86' lang='lat' dir='ltr'><strong>Omissis</strong></span> <span class='ocrx_word' id='word_1_137' title='bbox 883 2189 974 2266; x_wconf 88' lang='lat' dir='ltr'><strong>igitur</strong></span> <span class='ocrx_word' id='word_1_138' title='bbox 1004 2190 1111 2247; x_wconf 83' lang='lat' dir='ltr'><strong>ceteris</strong></span> <span class='ocrx_word' id='word_1_139' title='bbox 1141 2186 1208 2248; x_wconf 79' lang='lat' dir='ltr'><strong>utris</strong></span> <span class='ocrx_word' id='word_1_140' title='bbox 1239 2187 1308 2248; x_wconf 90' lang='lat' dir='ltr'><strong>Sem</strong></span> 
     </span>
     <span class='ocr_line' id='line_1_19' title="bbox 302 2273 1307 2354; baseline -0.001 -17"><span class='ocrx_word' id='word_1_141' title='bbox 302 2277 337 2338; x_wconf 91' lang='lat' dir='ltr'><strong>ad</strong></span> <span class='ocrx_word' id='word_1_142' title='bbox 360 2275 437 2336; x_wconf 89' lang='lat' dir='ltr'><strong>banc</strong></span> <span class='ocrx_word' id='word_1_143' title='bbox 461 2293 524 2336; x_wconf 92' lang='lat' dir='ltr'><strong>rem</strong></span> <span class='ocrx_word' id='word_1_144' title='bbox 547 2293 606 2336; x_wconf 93' lang='lat' dir='ltr'><strong>non</strong></span> <span class='ocrx_word' id='word_1_145' title='bbox 624 2273 842 2354; x_wconf 89' lang='lat' dir='ltr'><strong>pertinentibus</strong></span> <span class='ocrx_word' id='word_1_146' title='bbox 865 2276 907 2335; x_wconf 90' lang='lat' dir='ltr'><strong>iiii</strong></span> <span class='ocrx_word' id='word_1_147' title='bbox 930 2284 1127 2336; x_wconf 80' lang='lat' dir='ltr'><strong>conectuntur</strong></span> <span class='ocrx_word' id='word_1_148' title='bbox 1149 2278 1181 2336; x_wconf 93' lang='lat' dir='ltr'><strong>in</strong></span> <span class='ocrx_word' id='word_1_149' title='bbox 1204 2276 1307 2336; x_wconf 89' lang='lat' dir='ltr'><strong>ordine</strong></span> 
     </span>
     <span class='ocr_line' id='line_1_20' title="bbox 302 2362 1307 2446; baseline -0.002 -20"><span class='ocrx_word' id='word_1_150' title='bbox 302 2367 535 2446; x_wconf 81' lang='lat' dir='ltr'><strong>generationum,</strong></span> <span class='ocrx_word' id='word_1_151' title='bbox 557 2382 612 2442; x_wconf 89' lang='lat' dir='ltr'><strong>per</strong></span> <span class='ocrx_word' id='word_1_152' title='bbox 635 2382 708 2443; x_wconf 87' lang='lat' dir='ltr'><strong>quos</strong></span> <span class='ocrx_word' id='word_1_153' title='bbox 731 2366 825 2443; x_wconf 90' lang='lat' dir='ltr'><strong>possit</strong></span> <span class='ocrx_word' id='word_1_154' title='bbox 848 2363 883 2423; x_wconf 91' lang='lat' dir='ltr'><strong>ad</strong></span> <span class='ocrx_word' id='word_1_155' title='bbox 898 2362 1044 2424; x_wconf 80' lang='lat' dir='ltr'><strong>Abrabam</strong></span> <span class='ocrx_word' id='word_1_156' title='bbox 1067 2366 1228 2443; x_wconf 84' lang='lat' dir='ltr'><strong>perveniri3</strong></span> <span class='ocrx_word' id='word_1_157' title='bbox 1252 2366 1307 2424; x_wconf 88' lang='lat' dir='ltr'><strong>sic·</strong></span> 
     </span>
     <span class='ocr_line' id='line_1_21' title="bbox 302 2451 1362 2532; baseline -0.003 -18"><span class='ocrx_word' id='word_1_158' title='bbox 302 2463 336 2514; x_wconf 91' lang='lat' dir='ltr'><strong>ut</strong></span> <span class='ocrx_word' id='word_1_159' title='bbox 358 2453 401 2513; x_wconf 89' lang='lat' dir='ltr'><strong>iiii</strong></span> <span class='ocrx_word' id='word_1_160' title='bbox 431 2452 663 2514; x_wconf 81' lang='lat' dir='ltr'><strong>conectebantur</strong></span> <span class='ocrx_word' id='word_1_161' title='bbox 685 2461 753 2512; x_wconf 93' lang='lat' dir='ltr'><strong>ante</strong></span> <span class='ocrx_word' id='word_1_162' title='bbox 776 2451 931 2532; x_wconf 84' lang='lat' dir='ltr'><strong>diluvium,</strong></span> <span class='ocrx_word' id='word_1_163' title='bbox 962 2471 1017 2532; x_wconf 88' lang='lat' dir='ltr'><strong>per</strong></span> <span class='ocrx_word' id='word_1_164' title='bbox 1041 2469 1115 2531; x_wconf 91' lang='lat' dir='ltr'><strong>quos</strong></span> <span class='ocrx_word' id='word_1_165' title='bbox 1137 2454 1362 2531; x_wconf 70' lang='lat' dir='ltr'><strong>pervenirem</strong></span> 
     </span>
     <span class='ocr_line' id='line_1_22' title="bbox 303 2539 1309 2620; baseline -0.002 -18"><span class='ocrx_word' id='word_1_166' title='bbox 303 2551 353 2603; x_wconf 92' lang='lat' dir='ltr'><strong>tur</strong></span> <span class='ocrx_word' id='word_1_167' title='bbox 376 2540 413 2601; x_wconf 89' lang='lat' dir='ltr'><strong>ad</strong></span> <span class='ocrx_word' id='word_1_168' title='bbox 436 2540 498 2601; x_wconf 89' lang='lat' dir='ltr'><strong>Noe</strong></span> <span class='ocrx_word' id='word_1_169' title='bbox 529 2539 781 2619; x_wconf 86' lang='lat' dir='ltr'><strong>generationibus,</strong></span> <span class='ocrx_word' id='word_1_170' title='bbox 809 2557 884 2619; x_wconf 87' lang='lat' dir='ltr'><strong>quae</strong></span> <span class='ocrx_word' id='word_1_171' title='bbox 908 2549 1083 2620; x_wconf 89' lang='lat' dir='ltr'><strong>propagatae</strong></span> <span class='ocrx_word' id='word_1_172' title='bbox 1108 2549 1178 2600; x_wconf 88' lang='lat' dir='ltr'><strong>sunt</strong></span> <span class='ocrx_word' id='word_1_173' title='bbox 1194 2557 1236 2600; x_wconf 60' lang='lat' dir='ltr'><strong>,ex</strong></span> <span class='ocrx_word' id='word_1_174' title='bbox 1259 2539 1309 2600; x_wconf 90' lang='lat' dir='ltr'><strong>iiio</strong></span> 
     </span>
     <span class='ocr_line' id='line_1_23' title="bbox 302 2627 1308 2709; baseline -0.002 -18"><span class='ocrx_word' id='word_1_175' title='bbox 302 2629 396 2691; x_wconf 78' lang='lat' dir='ltr'><strong>Adam</strong></span> <span class='ocrx_word' id='word_1_176' title='bbox 419 2629 487 2709; x_wconf 87' lang='lat' dir='ltr'><strong>filio,</strong></span> <span class='ocrx_word' id='word_1_177' title='bbox 510 2631 562 2708; x_wconf 83' lang='lat' dir='ltr'><strong>qui</strong></span> <span class='ocrx_word' id='word_1_178' title='bbox 585 2638 630 2689; x_wconf 91' lang='lat' dir='ltr'><strong>est</strong></span> <span class='ocrx_word' id='word_1_179' title='bbox 653 2628 815 2708; x_wconf 85' lang='lat' dir='ltr'><strong>appellatus</strong></span> <span class='ocrx_word' id='word_1_180' title='bbox 840 2627 920 2690; x_wconf 90' lang='lat' dir='ltr'><strong>Seth.</strong></span> <span class='ocrx_word' id='word_1_181' title='bbox 967 2627 1015 2689; x_wconf 86' lang='lat' dir='ltr'><strong>Sic</strong></span> <span class='ocrx_word' id='word_1_182' title='bbox 1040 2647 1110 2707; x_wconf 87' lang='lat' dir='ltr'><strong>ergo</strong></span> <span class='ocrx_word' id='word_1_183' title='bbox 1133 2631 1237 2708; x_wconf 80' lang='lat' dir='ltr'><strong>incipit</strong></span> <span class='ocrx_word' id='word_1_184' title='bbox 1260 2647 1308 2708; x_wconf 87' lang='lat' dir='ltr'><strong>ge·</strong></span> 
     </span>
     <span class='ocr_line' id='line_1_24' title="bbox 304 2717 1309 2793; baseline -0.002 -13"><span class='ocrx_word' id='word_1_185' title='bbox 304 2720 491 2780; x_wconf 83' lang='lat' dir='ltr'><strong>uenationum</strong></span> <span class='ocrx_word' id='word_1_186' title='bbox 509 2719 566 2778; x_wconf 92' lang='lat' dir='ltr'><strong>ista</strong></span> <span class='ocrx_word' id='word_1_187' title='bbox 584 2719 747 2778; x_wconf 81' lang='lat' dir='ltr'><strong>contextio:</strong></span> <span class='ocrx_word' id='word_1_188' title='bbox 766 2718 806 2777; x_wconf 83' lang='lat' dir='ltr'><strong>Et</strong></span> <span class='ocrx_word' id='word_1_189' title='bbox 823 2719 882 2779; x_wconf 84' lang='lat' dir='ltr'><strong>bne</strong></span> <span class='ocrx_word' id='word_1_190' title='bbox 897 2721 1112 2793; x_wconf 68' lang='lat' dir='ltr'><strong>generationes</strong></span> <span class='ocrx_word' id='word_1_191' title='bbox 1131 2717 1207 2778; x_wconf 87' lang='lat' dir='ltr'><strong>Sem.</strong></span> <span class='ocrx_word' id='word_1_192' title='bbox 1240 2718 1309 2778; x_wconf 86' lang='lat' dir='ltr'><strong>Sem</strong></span> 
     </span>
     <span class='ocr_line' id='line_1_25' title="bbox 300 2806 1309 2882; baseline -0.001 -14"><span class='ocrx_word' id='word_1_193' title='bbox 300 2811 385 2881; x_wconf 76' lang='lat' dir='ltr'><strong>nlius</strong></span> <span class='ocrx_word' id='word_1_194' title='bbox 412 2813 531 2867; x_wconf 84' lang='lat' dir='ltr'><strong>eentum</strong></span> <span class='ocrx_word' id='word_1_195' title='bbox 558 2822 720 2878; x_wconf 83' lang='lat' dir='ltr'><strong>annornm,</strong></span> <span class='ocrx_word' id='word_1_196' title='bbox 750 2822 818 2866; x_wconf 86' lang='lat' dir='ltr'><strong>eum</strong></span> <span class='ocrx_word' id='word_1_197' title='bbox 839 2808 947 2880; x_wconf 69' lang='lat' dir='ltr'><strong>genuit</strong></span> <span class='ocrx_word' id='word_1_198' title='bbox 968 2806 1144 2882; x_wconf 76' lang='lat' dir='ltr'><strong>Arpbuxat,</strong></span> <span class='ocrx_word' id='word_1_199' title='bbox 1176 2807 1309 2867; x_wconf 79' lang='lat' dir='ltr'><strong>seeundo</strong></span> 
     </span>
     <span class='ocr_line' id='line_1_26' title="bbox 304 2894 1363 2970; baseline -0.005 -14"><span class='ocrx_word' id='word_1_200' title='bbox 304 2913 386 2956; x_wconf 84' lang='lat' dir='ltr'><strong>enno</strong></span> <span class='ocrx_word' id='word_1_201' title='bbox 406 2900 475 2970; x_wconf 85' lang='lat' dir='ltr'><strong>post</strong></span> <span class='ocrx_word' id='word_1_202' title='bbox 493 2896 645 2955; x_wconf 81' lang='lat' dir='ltr'><strong>diluvium.</strong></span> <span class='ocrx_word' id='word_1_203' title='bbox 691 2895 731 2954; x_wconf 87' lang='lat' dir='ltr'><strong>Et</strong></span> <span class='ocrx_word' id='word_1_204' title='bbox 752 2897 831 2953; x_wconf 81' lang='lat' dir='ltr'><strong>vixit</strong></span> <span class='ocrx_word' id='word_1_205' title='bbox 848 2894 924 2967; x_wconf 86' lang='lat' dir='ltr'><strong>Sem,</strong></span> <span class='ocrx_word' id='word_1_206' title='bbox 944 2901 1104 2969; x_wconf 79' lang='lat' dir='ltr'><strong>postquam</strong></span> <span class='ocrx_word' id='word_1_207' title='bbox 1124 2898 1230 2968; x_wconf 72' lang='lat' dir='ltr'><strong>genuit</strong></span> <span class='ocrx_word' id='word_1_208' title='bbox 1252 2895 1310 2954; x_wconf 79' lang='lat' dir='ltr'><strong>Ar·</strong></span> <span class='ocrx_word' id='word_1_209' title='bbox 1329 2903 1363 2952; x_wconf 75' lang='lat'><strong>25</strong></span> 
     </span>
     <span class='ocr_line' id='line_1_27' title="bbox 301 2985 1309 3063; baseline -0.002 -20"><span class='ocrx_word' id='word_1_210' title='bbox 301 2987 431 3063; x_wconf 75' lang='lat' dir='ltr'><strong>pirenei,</strong></span> <span class='ocrx_word' id='word_1_211' title='bbox 453 2985 630 3058; x_wconf 71' lang='lat' dir='ltr'><strong>quingentos</strong></span> <span class='ocrx_word' id='word_1_212' title='bbox 648 2997 744 3042; x_wconf 84' lang='lat' dir='ltr'><strong>anuos</strong></span> <span class='ocrx_word' id='word_1_213' title='bbox 762 2989 792 3041; x_wconf 84' lang='lat' dir='ltr'><strong>et</strong></span> <span class='ocrx_word' id='word_1_214' title='bbox 807 2985 1008 3056; x_wconf 63' lang='lat' dir='ltr'><strong>generentur</strong></span> <span class='ocrx_word' id='word_1_215' title='bbox 1027 2990 1057 3042; x_wconf 89' lang='lat' dir='ltr'><strong>et</strong></span> <span class='ocrx_word' id='word_1_216' title='bbox 1075 2985 1157 3054; x_wconf 78' lang='lat' dir='ltr'><strong>filius</strong></span> <span class='ocrx_word' id='word_1_217' title='bbox 1180 2991 1210 3042; x_wconf 86' lang='lat' dir='ltr'><strong>et</strong></span> <span class='ocrx_word' id='word_1_218' title='bbox 1231 2999 1309 3043; x_wconf 86' lang='lat' dir='ltr'><strong>mor·</strong></span> 
     </span>
     <span class='ocr_line' id='line_1_28' title="bbox 304 3068 1309 3149; baseline -0.003 -16"><span class='ocrx_word' id='word_1_219' title='bbox 304 3081 375 3133; x_wconf 81' lang='lat' dir='ltr'><strong>tuus</strong></span> <span class='ocrx_word' id='word_1_220' title='bbox 399 3078 451 3132; x_wconf 86' lang='lat' dir='ltr'><strong>est.</strong></span> <span class='ocrx_word' id='word_1_221' title='bbox 497 3068 546 3130; x_wconf 87' lang='lat' dir='ltr'><strong>Sic</strong></span> <span class='ocrx_word' id='word_1_222' title='bbox 574 3072 746 3148; x_wconf 85' lang='lat' dir='ltr'><strong>exsequitur</strong></span> <span class='ocrx_word' id='word_1_223' title='bbox 774 3077 890 3130; x_wconf 87' lang='lat' dir='ltr'><strong>eeteros</strong></span> <span class='ocrx_word' id='word_1_224' title='bbox 917 3069 1033 3149; x_wconf 87' lang='lat' dir='ltr'><strong>dicens,</strong></span> <span class='ocrx_word' id='word_1_225' title='bbox 1061 3077 1151 3148; x_wconf 83' lang='lat' dir='ltr'><strong>quoto</strong></span> <span class='ocrx_word' id='word_1_226' title='bbox 1184 3073 1309 3149; x_wconf 77' lang='lat' dir='ltr'><strong>ortisque</strong></span> 
     </span>
     <span class='ocr_line' id='line_1_29' title="bbox 304 3157 1311 3236; baseline -0.001 -16"><span class='ocrx_word' id='word_1_227' title='bbox 304 3168 383 3220; x_wconf 89' lang='lat' dir='ltr'><strong>anno</strong></span> <span class='ocrx_word' id='word_1_228' title='bbox 412 3160 487 3218; x_wconf 87' lang='lat' dir='ltr'><strong>vitae</strong></span> <span class='ocrx_word' id='word_1_229' title='bbox 518 3175 588 3219; x_wconf 90' lang='lat' dir='ltr'><strong>suae</strong></span> <span class='ocrx_word' id='word_1_230' title='bbox 618 3158 709 3218; x_wconf 86' lang='lat' dir='ltr'><strong>tilium</strong></span> <span class='ocrx_word' id='word_1_231' title='bbox 740 3159 877 3236; x_wconf 86' lang='lat' dir='ltr'><strong>gerrtrerit</strong></span> <span class='ocrx_word' id='word_1_232' title='bbox 906 3157 942 3218; x_wconf 86' lang='lat' dir='ltr'><strong>ad</strong></span> <span class='ocrx_word' id='word_1_233' title='bbox 969 3160 1059 3218; x_wconf 90' lang='lat' dir='ltr'><strong>istum</strong></span> <span class='ocrx_word' id='word_1_234' title='bbox 1087 3161 1311 3236; x_wconf 90' lang='lat' dir='ltr'><strong>generationum</strong></span> 
     </span>
     <span class='ocr_line' id='line_1_30' title="bbox 304 3244 1345 3327; baseline -0.001 -19"><span class='ocrx_word' id='word_1_235' title='bbox 304 3247 442 3308; x_wconf 89' lang='lat' dir='ltr'><strong>ordinem</strong></span> <span class='ocrx_word' id='word_1_236' title='bbox 464 3247 676 3326; x_wconf 89' lang='lat' dir='ltr'><strong>pertinentem,</strong></span> <span class='ocrx_word' id='word_1_237' title='bbox 699 3249 749 3324; x_wconf 89' lang='lat' dir='ltr'><strong>qui</strong></span> <span class='ocrx_word' id='word_1_238' title='bbox 773 3245 923 3324; x_wconf 82' lang='lat' dir='ltr'><strong>pertendit</strong></span> <span class='ocrx_word' id='word_1_239' title='bbox 945 3246 981 3306; x_wconf 89' lang='lat' dir='ltr'><strong>ad</strong></span> <span class='ocrx_word' id='word_1_240' title='bbox 1004 3244 1162 3327; x_wconf 80' lang='lat' dir='ltr'><strong>Abrabam,</strong></span> <span class='ocrx_word' id='word_1_241' title='bbox 1185 3255 1216 3307; x_wconf 90' lang='lat' dir='ltr'><strong>et</strong></span> <span class='ocrx_word' id='word_1_242' title='bbox 1238 3255 1310 3326; x_wconf 88' lang='lat' dir='ltr'><strong>quot</strong></span> <span class='ocrx_word' id='word_1_243' title='bbox 1341 3256 1345 3262; x_wconf 82' lang='lat'>&#39;</span> 
     </span>
     <span class='ocr_line' id='line_1_31' title="bbox 304 3333 1364 3414; baseline -0.003 -18"><span class='ocrx_word' id='word_1_244' title='bbox 304 3353 399 3397; x_wconf 90' lang='lat' dir='ltr'><strong>annos</strong></span> <span class='ocrx_word' id='word_1_245' title='bbox 431 3333 616 3414; x_wconf 91' lang='lat' dir='ltr'><strong>postmodum</strong></span> <span class='ocrx_word' id='word_1_246' title='bbox 649 3336 772 3413; x_wconf 85' lang='lat' dir='ltr'><strong>vixerit,</strong></span> <span class='ocrx_word' id='word_1_247' title='bbox 804 3336 943 3394; x_wconf 90' lang='lat' dir='ltr'><strong>intimans</strong></span> <span class='ocrx_word' id='word_1_248' title='bbox 973 3352 1041 3394; x_wconf 92' lang='lat' dir='ltr'><strong>eum</strong></span> <span class='ocrx_word' id='word_1_249' title='bbox 1073 3334 1148 3395; x_wconf 87' lang='lat' dir='ltr'><strong>iiiios</strong></span> <span class='ocrx_word' id='word_1_250' title='bbox 1178 3333 1310 3412; x_wconf 83' lang='lat' dir='ltr'><strong>filiasque</strong></span> <span class='ocrx_word' id='word_1_251' title='bbox 1329 3345 1364 3393; x_wconf 83' lang='grc'><strong>00</strong></span> 
     </span>
     <span class='ocr_line' id='line_1_32' title="bbox 303 3421 1311 3503; baseline -0.002 -19"><span class='ocrx_word' id='word_1_252' title='bbox 303 3425 459 3503; x_wconf 84' lang='lat' dir='ltr'><strong>genuisse;</strong></span> <span class='ocrx_word' id='word_1_253' title='bbox 477 3430 511 3483; x_wconf 92' lang='lat' dir='ltr'><strong>ut</strong></span> <span class='ocrx_word' id='word_1_254' title='bbox 524 3422 728 3502; x_wconf 85' lang='lat' dir='ltr'><strong>intellegamus</strong></span> <span class='ocrx_word' id='word_1_255' title='bbox 747 3421 825 3482; x_wconf 91' lang='lat' dir='ltr'><strong>unde</strong></span> <span class='ocrx_word' id='word_1_256' title='bbox 844 3424 996 3501; x_wconf 92' lang='lat' dir='ltr'><strong>potuerint</strong></span> <span class='ocrx_word' id='word_1_257' title='bbox 1013 3421 1115 3502; x_wconf 89' lang='lat' dir='ltr'><strong>popuii</strong></span> <span class='ocrx_word' id='word_1_258' title='bbox 1128 3421 1311 3502; x_wconf 80' lang='lat' dir='ltr'><strong>adcrescere,</strong></span> 
     </span>
    </p>
   </div>
   <div class='ocr_carea' id='block_1_5' title="bbox 306 3531 1245 3625">
    <p class='ocr_par' dir='ltr' id='par_1_5' title="bbox 306 3531 1245 3625">
     <span class='ocr_line' id='line_1_33' title="bbox 306 3531 1245 3625; baseline -0.02 -26"><span class='ocrx_word' id='word_1_259' title='bbox 306 3531 1245 3625; x_wconf 52' lang='lat' dir='ltr'><strong>,memamwmmummmm</strong></span> 
     </span>
    </p>
   </div>
   <div class='ocr_carea' id='block_1_6' title="bbox 303 3703 1314 3855">
    <p class='ocr_par' dir='ltr' id='par_1_6' title="bbox 303 3703 1314 3855">
     <span class='ocr_line' id='line_1_34' title="bbox 367 3703 1314 3784; baseline -0.021 -12"><span class='ocrx_word' id='word_1_260' title='bbox 367 3724 412 3774; x_wconf 92' lang='grc'><strong>,10</strong></span> <span class='ocrx_word' id='word_1_261' title='bbox 430 3718 595 3772; x_wconf 78' lang='lat' dir='ltr'><strong>ordinentur</strong></span> <span class='ocrx_word' id='word_1_262' title='bbox 613 3716 654 3772; x_wconf 87' lang='lat' dir='ltr'><strong>R¹</strong></span> <span class='ocrx_word' id='word_1_263' title='bbox 674 3718 683 3784; x_wconf 83' lang='grc' dir='ltr'><strong>ΙΙ</strong></span> <span class='ocrx_word' id='word_1_264' title='bbox 705 3721 742 3768; x_wconf 47' lang='grc' dir='ltr'><strong>14Ἰ</strong></span> <span class='ocrx_word' id='word_1_265' title='bbox 757 3715 823 3769; x_wconf 86' lang='lat' dir='ltr'><strong>eber</strong></span> <span class='ocrx_word' id='word_1_266' title='bbox 838 3710 1022 3778; x_wconf 63' lang='lat' dir='ltr'><strong>-ViRFGeg</strong></span> <span class='ocrx_word' id='word_1_267' title='bbox 1039 3709 1048 3776; x_wconf 74' lang='lat' dir='ltr'><strong>ti</strong></span> <span class='ocrx_word' id='word_1_268' title='bbox 1067 3709 1101 3760; x_wconf 86' lang='lat'><strong>15</strong></span> <span class='ocrx_word' id='word_1_269' title='bbox 1118 3703 1221 3774; x_wconf 84' lang='lat' dir='ltr'><strong>phulee</strong></span> <span class='ocrx_word' id='word_1_270' title='bbox 1239 3703 1286 3758; x_wconf 67' lang='lat' dir='ltr'><strong>Vn</strong></span> <span class='ocrx_word' id='word_1_271' title='bbox 1304 3703 1314 3772; x_wconf 84' lang='grc' dir='ltr'>Ι</span> 
     </span>
     <span class='ocr_line' id='line_1_35' title="bbox 303 3777 1082 3855; baseline -0.018 -10"><span class='ocrx_word' id='word_1_272' title='bbox 303 3795 341 3845; x_wconf 74' lang='grc'><strong>20</strong></span> <span class='ocrx_word' id='word_1_273' title='bbox 359 3790 504 3844; x_wconf 74' lang='lat' dir='ltr'><strong>ueniretur</strong></span> <span class='ocrx_word' id='word_1_274' title='bbox 522 3790 579 3855; x_wconf 84' lang='lat' dir='ltr'><strong>Ve;</strong></span> <span class='ocrx_word' id='word_1_275' title='bbox 597 3789 632 3854; x_wconf 78' lang='lat' dir='ltr'><strong>ef.</strong></span> <span class='ocrx_word' id='word_1_276' title='bbox 647 3791 683 3841; x_wconf 90' lang='grc'><strong>19</strong></span> <span class='ocrx_word' id='word_1_277' title='bbox 701 3788 710 3855; x_wconf 85' lang='grc' dir='ltr'><strong>ΙΙ</strong></span> <span class='ocrx_word' id='word_1_278' title='bbox 729 3791 763 3838; x_wconf 79' lang='lat' dir='ltr'><strong>at</strong></span> <span class='ocrx_word' id='word_1_279' title='bbox 781 3782 938 3852; x_wconf 79' lang='lat' dir='ltr'><strong>arphaxatb</strong></span> <span class='ocrx_word' id='word_1_280' title='bbox 959 3777 1051 3835; x_wconf 80' lang='lat' dir='ltr'><strong>VRF</strong></span> <span class='ocrx_word' id='word_1_281' title='bbox 1056 3778 1082 3832; x_wconf 82' lang='lat' dir='ltr'><strong><em>G</em></strong></span> 
     </span>
    </p>
   </div>
   <div class='ocr_carea' id='block_1_7' title="bbox 0 0 1652 4459">
    <p class='ocr_par' dir='ltr' id='par_1_7' title="bbox 0 0 1652 4459">
     <span class='ocr_line' id='line_1_36' title="bbox 0 0 1652 4459; baseline 0 0"><span class='ocrx_word' id='word_1_282' title='bbox 0 0 1652 4459; x_wconf 95' lang='lat' dir='ltr'><strong> </strong></span> 
     </span>
    </p>
   </div>
  </div>
 </body>
</html>
