3284 4459
744 545 766 587 fl.
780 543 944 589 nodosum

707 745 826 812 (ieeur
844 745 976 814 XLVII.

336 879 385 940 An
409 884 481 938 eote
502 883 639 953 temporo
661 875 836 936 Christiano
858 877 956 950 aliqui
973 873 1093 950 suerint
1110 882 1202 938 extro
1221 876 1348 937 Israeli·

399 969 493 1027 ticum
512 982 618 1040 oenus,
642 966 696 1040 qui
716 964 760 1024 od
780 966 920 1024 eoelestia
944 966 1076 1025 civitatis
1099 967 1284 1025 consortium

739 1054 938 1130 pertinerent.

301 1189 318 1240 t
427 1175 615 1256 Quapropter
637 1177 773 1255 quinquis
796 1172 968 1257 alienigena,
989 1174 1020 1236 id
1042 1184 1090 1239 est
1112 1193 1174 1237 non
1195 1193 1232 1238 ex
1255 1174 1348 1238 lsrael

337 1268 510 1346 progenitus
533 1262 647 1325 neceb
671 1263 720 1324 illo
744 1263 853 1342 populo
874 1265 906 1324 in
929 1281 1073 1326 canonem
1094 1281 1246 1325 sacrarum
1268 1264 1349 1326 litte·

337 1371 439 1416 rarum
461 1361 610 1432 receptus,
632 1351 741 1430 legitur
763 1350 874 1430 aliquid
896 1351 1089 1431 prophetasse
1112 1352 1150 1413 de
1169 1351 1298 1432 Christo,
1319 1355 1349 1414 si

337 1444 369 1506 ln
401 1449 531 1502 nostram
563 1441 696 1501 notitiam
729 1441 808 1500 venit
839 1449 892 1500 ant
922 1442 1052 1519 venerit,
1083 1440 1119 1501 ad
1147 1439 1299 1502 cumulum
1328 1459 1348 1504 a

337 1529 424 1592 uobis
443 1530 667 1590 commemorari
685 1535 800 1607 potest;
818 1545 879 1588 nou
897 1544 957 1606 quo
971 1531 1157 1589 necessarius
1177 1529 1225 1609 sit,
1243 1531 1347 1590 etiam-

285 1633 319 1682 ιο
338 1621 364 1680 si
382 1617 467 1697 desit,
490 1616 542 1677 sed
561 1618 629 1694 qnia
648 1633 707 1676 non
726 1618 889 1693 incongrue
907 1616 1040 1677 creditur
1059 1617 1150 1677 inime
1174 1625 1205 1677 et
1226 1617 1257 1676 in
1280 1617 1348 1678 aliis

337 1705 475 1786 gentibus
502 1704 650 1784 homines,
680 1703 788 1784 quibus
816 1702 874 1764 hoc
902 1706 1074 1782 mysterium
1103 1703 1266 1765 revelatum
1288 1714 1348 1786 est,

337 1796 442 1873 etqui
464 1792 537 1853 haec
560 1794 648 1852 etiam
671 1791 843 1871 praedicere
867 1790 976 1871 inpulsi
999 1801 1078 1871 sunt,
1100 1794 1163 1853 sive
1185 1795 1348 1873 participes

339 1881 472 1943 eiusdem
494 1882 605 1960 gratiae
629 1880 740 1942 inerint
762 1881 824 1940 sive
848 1888 1000 1959 expertes,
1027 1879 1079 1939 sed
1102 1898 1158 1959 per
1180 1880 1273 1941 malos
1295 1899 1347 1941 an-

337 1969 419 2050 gelos
442 1968 522 2029 docti
544 1971 617 2049 sint,
646 1986 722 2048 quos
745 1969 832 2028 etiam
856 1976 1044 2046 praesentem
1067 1967 1232 2049 Christum,
1255 1986 1347 2048 quem

286 2072 319 2122 15
337 2058 437 2120 ludaei
469 2075 528 2117 non
558 2055 771 2136 agnoscebant,
803 2058 916 2117 scimus
947 2055 1038 2116 luisse
1070 2057 1232 2117 conlessos.
1283 2056 1347 2117 Nec

337 2149 419 2226 ipsos
446 2145 570 2206 ludaeos
602 2147 737 2206 existimo
765 2144 876 2205 audere
903 2143 1082 2221 contendere
1106 2147 1255 2205 neminem
1278 2164 1356 2225 por-¹

337 2237 463 2296 tinuisse
482 2234 518 2295 ad
536 2233 630 2295 Derim
649 2241 767 2312 praeter
785 2231 943 2313 israelitas,
965 2251 1001 2292 ex
1026 2251 1084 2310 quo
1107 2251 1238 2312 propago
1252 2232 1346 2295 lsrael

338 2341 404 2385 esse
427 2325 540 2403 coepit,
563 2320 719 2400 reprobato
744 2322 808 2380 eius
831 2321 922 2380 iratre
945 2323 1065 2380 maiore.
1109 2320 1242 2400 Populus
1266 2324 1346 2384 enim

337 2430 371 2474 re
394 2429 478 2491 vera,
505 2412 557 2488 qui
583 2411 703 2500 proprie
726 2406 780 2468 liei
807 2408 936 2487 populus
957 2408 1120 2490 diceretur,
1147 2408 1248 2470 nullus
1270 2409 1348 2471 alius

284 2513 319 2563 to
339 2500 407 2579 luit;
436 2499 570 2559 homines
599 2506 698 2557 autem
727 2495 872 2574 quosdam
899 2513 960 2556 non
981 2505 1118 2577 terrena,
1149 2496 1202 2557 sed
1225 2497 1348 2560 caelesti

338 2589 478 2648 societate
503 2585 539 2645 ad
569 2603 655 2646 veros
678 2583 825 2645 Israelitas
848 2601 994 2662 supernae
1017 2587 1098 2646 cives
1119 2588 1231 2665 patriae
1253 2589 1346 2666 perti·

338 2684 444 2736 nentes
466 2676 555 2734 etiam
573 2675 605 2734 in
629 2671 692 2732 aliis
715 2670 854 2750 gentibus
877 2673 969 2732 luisse
992 2690 1100 2751 negare
1124 2691 1184 2734 non
1207 2683 1347 2755 possunt3

338 2764 406 2842 quia
430 2763 455 2822 si
478 2770 598 2841 negant,
622 2759 757 2820 facillime
780 2762 998 2840 convincuntur
1019 2760 1057 2822 de
1080 2770 1181 2822 sancto
1205 2772 1236 2823 et
1257 2765 1347 2823 mira·

338 2849 390 2911 bili
412 2852 475 2910 viro
499 2847 559 2930 lob,
583 2851 634 2927 qui
659 2866 714 2908 nec
737 2847 874 2927 indigena
896 2865 952 2908 nec
974 2847 1151 2930 proselytus,
1173 2848 1203 2909 id
1226 2858 1273 2910 est
1295 2850 1357 2926 adf,

285 2949 319 3000 to
340 2955 413 2998 vena
444 2937 546 3017 populi
576 2935 667 2996 lsrael
699 2936 771 3016 luit,
809 2936 862 2996 sed
894 2955 931 2996 ex
962 2945 1050 3016 gente
1082 2935 1219 2998 idumaea
1250 2957 1349 3017 genus

337 3026 459 3105 ducens,
480 3025 521 3085 ibi
540 3033 633 3105 ortus,
656 3023 765 3085 ibidem
783 3034 920 3086 mortuus
938 3032 999 3106 est,
1021 3027 1073 3104 qui
1095 3024 1194 3086 divino
1218 3027 1262 3086 sic
1284 3026 1347 3088 lau·

338 3113 425 3174 datur
448 3112 581 3192 eloquio,
604 3121 650 3193 ut,
673 3111 752 3191 quod
775 3112 811 3173 ad
835 3114 977 3173 iustitiam
999 3115 1200 3194 pietatemque
1223 3113 1348 3196 adtinet,

337 3201 436 3263 nullus
471 3203 500 3262 ei
536 3200 623 3260 homo
659 3218 781 3262 suorum
818 3209 986 3280 temporum
1023 3211 1212 3280 coaequetur.
1263 3201 1346 3274 Quae

337 3298 471 3369 tempora
499 3291 563 3349 eius
586 3291 718 3367 quamvis
747 3306 806 3349 non
829 3290 1012 3349 inveniamus
1035 3290 1066 3349 in
1089 3288 1257 3371 chronicis,
1285 3291 1357 3352 eelz

284 3389 319 3440 ³0
338 3378 456 3456 ligimus
479 3385 576 3437 tamen
600 3395 636 3437 ex
658 3375 734 3437 libro
758 3378 836 3455 eiuS,
864 3394 952 3454 quem
976 3394 1030 3455 pro
1053 3379 1100 3438 sui
1122 3381 1229 3438 merito
1252 3377 1347 3440 lsrae-

337 3465 406 3526 lltae
430 3468 461 3526 in
484 3466 689 3526 auctoritatem
712 3465 884 3524 canonicam
907 3474 1094 3545 receperunt,
1116 3469 1204 3526 tertia
1222 3484 1346 3546 genera-

407 3593 451 3662 28)
469 3591 519 3645 Iob
540 3598 564 3658 1,
578 3595 603 3645 8.

336 3717 550 3730 'nn-an—-n—

374 3809 406 3857 1⁶2
425 3803 478 3855 hoe
496 3819 513 3857 o
529 3804 539 3872 l}
558 3808 591 3856 14
610 3801 667 3856 sint
685 3802 759 3870 Rop
777 3803 821 3870 (cf.
842 3801 969 3872 inerint);
989 3804 1055 3856 sunt
1072 3803 1271 3876 AFanepo
1332 3763 1337 3785 ι
