3284 4459
336 527 399 590 1580
646 535 662 568 -·
738 539 759 581 s.
773 532 938 582 cononum

333 682 433 737 eutem
457 677 612 736 Abrohom
635 691 748 735 omnem
771 691 893 735 censum
915 691 1001 734 soum
1025 676 1117 737 isone
1137 679 1208 749 tilio*
1224 665 1287 751 suo,
1311 685 1344 740 et

330 767 405 836 fltiis
427 765 667 826 concubinarum
693 779 818 823 suarum
847 765 931 823 dedit
962 764 1117 824 Abrohom
1147 768 1284 826 dationes
1311 775 1343 828 et

334 855 448 913 diremit
474 869 524 913 eos
552 853 591 912 ob
615 852 707 911 Isaac
731 853 796 924 filio
823 868 878 911 soo
901 852 1004 912 adine
1032 868 1065 912 se
1087 855 1152 912 cieo
1176 856 1220 913 od
1239 857 1340 916 orica-

170 927 241 973 ’Ψ
334 947 405 1013 tem,
433 943 465 1000 in
492 948 607 1004 samm
635 941 768 1000 orientis.
815 937 930 998 Habent
960 957 1031 1018 ergo
1053 939 1193 1000 nonnulla
1216 953 1340 1004 munera

298 1027 386 1088 nillil
416 1026 665 1106 concubinarum,
693 1025 745 1088 sed
771 1044 831 1086 non
860 1029 1036 1105 perveniunt
1063 1027 1100 1087 ad
1124 1045 1247 1107 regnum
1271 1049 1339 1109 pro·

335 1118 471 1195 missum,
503 1133 556 1176 nee
579 1115 733 1195 haeretici,
760 1133 816 1175 nec
839 1113 938 1174 ludaei
962 1114 1106 1195 carnales,
1130 1118 1198 1194 quia
1220 1128 1341 1197 praeter

334 1203 415 1264 lsaac
442 1202 541 1264 nullus
569 1213 615 1263 est
641 1202 742 1282 heres,
774 1211 803 1263 et
832 1220 891 1264 non
920 1206 974 1278 qui
996 1205 1057 1275 filii
1078 1207 1196 1279 cornu,
1228 1208 1262 1266 isi
1280 1210 1342 1279 fili·

333 1293 405 1367 Dei,
427 1295 483 1354 sed
500 1293 561 1365 titii
578 1294 786 1368 promissionis
808 1293 995 1367 deputentur
1018 1294 1049 1352 in
1071 1296 1195 1368 semine,
1220 1293 1255 1354 de
1279 1314 1338 1374 quo

334 1379 446 1441 dictum
469 1387 526 1441 est:
551 1379 587 1439 In
611 1379 702 1440 Isaac
723 1380 883 1440 vocabitur
906 1380 962 1440 tibi
981 1396 1089 1440 semen.
1134 1379 1236 1460 Neque
1259 1387 1340 1444 enim

282 1480 316 1529 10
335 1468 432 1548 rideo,
461 1485 517 1528 cur
539 1469 628 1528 etiam
651 1466 771 1527 Cettura
794 1475 861 1545 post
883 1469 985 1528 rrxoris
1009 1476 1134 1528 mortem
1157 1469 1258 1551 durata,
1282 1471 1340 1532 ni'si

334 1565 456 1635 propter
483 1555 539 1616 hoc
566 1556 752 1634 mysterium,
780 1556 857 1615 dicta
885 1557 924 1615 sit
950 1554 1123 1616 concubina.
1169 1556 1228 1619 Sed
1259 1563 1338 1639 quis·

335 1647 402 1724 quis
425 1643 497 1704 haec
521 1662 579 1704 non
604 1642 666 1703 vult
683 1645 714 1703 in
737 1644 802 1703 istis
826 1642 1089 1722 significationibus
1112 1649 1256 1728 accipere,
1279 1667 1339 1708 non

333 1731 531 1793 calumnietur
549 1730 691 1792 Abrahae.
736 1729 812 1812 orriri
837 1734 862 1791 si
886 1733 965 1792 enim
988 1740 1018 1792 et
1041 1731 1097 1792 hoe
1119 1736 1270 1812 provisum
1293 1745 1340 1798 est

333 1829 438 1880 contra
459 1820 625 1882 haereticos
652 1820 770 1880 luituros
797 1819 993 1880 secundarum
1017 1820 1200 1884 adversarios
1224 1826 1338 1903 nuptia·

282 1920 314 1968 15
333 1926 415 1988 rum,
446 1916 480 1969 ut
510 1911 546 1968 in.
573 1910 638 1987 ipso
669 1915 753 1988 patre
786 1906 944 1967 multarum
972 1910 1104 1986 gentium
1131 1919 1198 1987 post
1225 1910 1338 1973 obitum

333 1998 467 2075 coniugis
494 1998 602 2056 iterum
631 1997 782 2074 coniugari
809 1995 1063 2056 demonstraretur
1090 2014 1150 2056 non
1177 2017 1242 2060 esse
1270 2019 1338 2079 pee-

333 2079 453 2168 catum?
493 2083 531 2145 Et
559 2092 694 2145 mortuus
722 2092 769 2143 est
799 2081 959 2162 Abraham,
992 2099 1059 2144 cum
1088 2093 1167 2146 esset
1193 2105 1340 2150 annorum

332 2181 452 2234 centum
484 2174 668 2252 septuaginta
700 2167 882 2250 <quiuque>.
933 2172 1085 2232 Annorum
1118 2190 1189 2253 ergo
1221 2186 1337 2255 septua-

332 2262 411 2339 ginta
435 2256 610 2342 <quinque>
629 2259 710 2321 lsaac
732 2259 825 2320 lilium
848 2258 1015 2338 dereliquit,
1038 2277 1126 2338 quem
1149 2268 1347 2326 centenarius

279 2360 314 2409 20
332 2349 443 2428 genuit

702 2499 820 2568 Oaros
835 2499 966 2566 XXXV.

362 2631 410 2694 Be
429 2632 558 2705 caminis
580 2630 684 2689 adhuc
705 2630 738 2689 in
760 2636 847 2691 utero
871 2630 1030 2692 Rebeccae
1052 2635 1160 2693 monis
1181 2635 1307 2696 inclusis

540 2718 617 2792 qaid
638 2719 822 2778 indicaverit
845 2720 948 2779 divino
970 2723 1133 2796 responsio.

420 2839 480 2901 lam
504 2856 539 2900 ex
562 2836 633 2918 hoe,
657 2857 745 2918 quem
768 2839 803 2900 ad
829 2841 947 2901 modum
970 2860 1024 2921 per
1045 2852 1181 2922 posteros
1204 2844 1337 2906 Abrahae

279 2940 313 2990 25
333 2929 458 2989 civitatis
481 2927 534 2988 Del
557 2936 734 3006 procurrant
756 2936 898 3010 tempora,
921 2928 1079 2990 videamus.
1120 2933 1143 2991 Α
1166 2937 1261 3012 primo
1284 2937 1336 3014 igi-

333 3026 383 3077 tur
404 3034 480 3076 anuo
499 3017 575 3076 sitae
594 3013 674 3075 lsaae
697 3033 792 3095 usque
816 3016 852 3076 ad
876 3020 1119 3100 sexagensimum,
1144 3038 1201 3100 quo
1226 3023 1253 3081 ei
1277 3025 1337 3083 nati

332 3112 402 3165 sunt
424 3102 484 3179 lilii,
508 3102 578 3164 illud
602 3102 791 3164 memorabile
815 3113 875 3183 est,
903 3103 994 3186 osred,
1018 3125 1084 3168 cnm
1108 3107 1150 3168 illi
1173 3107 1266 3170 Deum
1291 3128 1336 3170 so-

331 3193 412 3271 gautl
432 3200 465 3253 ut
482 3199 601 3271 pareret
619 3209 694 3251 uxor
717 3193 791 3272 eius,
814 3210 889 3270 quae
914 3193 1022 3254 sterilis
1046 3203 1117 3276 erat,
1140 3200 1338 3258 concessisset

332 3280 474 3341 Dominus
497 3277 576 3357 quod
599 3278 731 3360 petebat,
753 3288 840 3358 atque
865 3280 987 3343 haberet
1010 3279 1057 3342 illa
1081 3293 1265 3365 conceptum,
1288 3304 1336 3365 ge-

332 3502 356 3558 G
403 3430 721 3556 4)25Ge7n.25,1;bsq.
758 3435 785 3500 8)
804 3432 882 3485 Rom.
902 3437 932 3502 9,
951 3438 976 3489 8.
1013 3436 1042 3501 9)
1061 3433 1128 3490 Gen.
1147 3442 1194 3504 21,
1216 3444 1255 3491 lt.
1294 3440 1337 3504 18)

358 3519 400 3557 en.
456 3545 463 3569 ,
500 3543 505 3555 .

404 3737 420 3787 8
447 3729 477 3786 in
506 3729 611 3786 semine
635 3745 687 3788 uasa
712 3747 745 3798 05
771 3733 818 3788 sed
848 3735 883 3801 es.
911 3737 981 3800 tto,
1008 3737 1043 3790 19
1065 3735 1075 3804 l
1099 3739 1191 3804 liisq.
1217 3735 1338 3805 quinqua

333 3817 384 3860 om.
401 3817 455 3856 mes
937 3819 941 3828 ’
