3284 4459
316 469 380 534 174
719 480 920 523 seuausrnu

314 635 386 678 uum
410 616 510 678 datum
532 624 579 680 est
596 617 685 676 etiam
703 614 760 676 tale
779 633 965 694 responsum,
988 621 1022 674 ut
1036 613 1200 677 diceretur:
1222 614 1323 674 Abra·

313 708 384 766 bom
406 709 468 766 erit
487 707 520 765 in
542 721 685 779 monum
701 711 820 778 pentem
843 711 874 764 et
895 707 1027 776 multam,
1051 710 1081 764 et
1104 703 1326 764 benedicentur

314 797 346 854 in
374 810 408 854 eo
436 809 536 853 omnes
561 800 667 868 pentes
694 800 806 853 terroe.
851 789 890 852 Et
917 791 965 850 hic
993 791 1052 850 duo
1075 789 1124 850 illa
1147 789 1322 850 brevissime

284 902 286 905 ·
314 880 543 960 plenissimeque
558 882 702 959 promissa
717 888 795 960 sunt,
817 897 890 958 gens
905 877 996 940 lsrael
1019 877 1183 940 secundum
1202 895 1325 940 carnem

280 978 345 1030 tet
368 986 471 1029 omnes
494 976 598 1046 gentes
622 968 787 1029 secundum
809 966 906 1028 tidem.

701 1190 818 1258 Gerar
842 1191 943 1257 XXX.

316 1323 363 1384 De
385 1322 462 1382 Lotb
491 1339 511 1382 α
534 1321 670 1382 Sodomis
697 1321 825 1381 liberato
853 1327 945 1394 otone
973 1322 1084 1381 eisdem
1107 1323 1329 1394 coelestiane

317 1413 498 1486 consumptis
516 1411 598 1471 etde
611 1410 791 1481 Adimeleeb,
815 1410 903 1468 euius
926 1411 1173 1484 eoncupiscentia
1187 1411 1328 1469 castitati

591 1497 710 1558 Sarrae
731 1513 844 1558 nocem
865 1512 926 1556 non
946 1499 1053 1571 potnit.

267 1633 299 1680 to
407 1620 478 1680 Post
499 1619 576 1681 hauc
598 1620 826 1700 promissionem
849 1617 973 1678 liberato
996 1617 1033 1679 de
1049 1617 1184 1680 Sodomis
1199 1617 1275 1680 Loth
1295 1627 1328 1681 et

317 1710 452 1769 veniente
475 1710 561 1787 igneo
585 1706 680 1769 imbre
703 1707 739 1767 de
764 1706 844 1766 caelo
868 1714 927 1766 tota
951 1705 999 1766 illa
1022 1708 1104 1785 regio
1129 1710 1235 1787 impiae
1255 1709 1327 1768 civi·

317 1799 385 1857 tatis
408 1799 439 1856 iu
463 1798 593 1856 cinerem
618 1813 701 1855 versa
724 1802 779 1876 est,
802 1793 854 1855 ubi
873 1804 975 1874 stupra
994 1797 1024 1854 in
1045 1794 1191 1855 masculos
1210 1798 1240 1855 in
1260 1803 1325 1856 tan-

317 1895 376 1945 tam
408 1883 655 1945 consuetudinem
686 1882 908 1962 convaluerant,
941 1892 1080 1961 quantam
1111 1882 1191 1961 leges
1228 1883 1328 1944 solent

318 1973 442 2033 aliorum
466 1973 611 2032 laetorum
638 1970 781 2050 praebere
805 1970 962 2031 licentiam.
1009 1967 1118 2031 Verum
1143 1979 1173 2031 et
1195 1969 1251 2031 hoc
1275 1990 1327 2031 eo·

268 2072 299 2120 15
319 2079 385 2121 rum
409 2060 586 2140 supplicium
610 2061 760 2138 specimen
784 2059 877 2118 iuturi
901 2057 1003 2119 iudicii
1027 2057 1117 2119 divini
1140 2060 1204 2120 luit.
1250 2057 1327 2120 Nam

319 2167 377 2227 quo
399 2151 530 2228 pertinet
552 2146 630 2226 quod
654 2145 796 2226 prohibiti
819 2156 890 2207 sunt
913 2149 965 2225 qui
988 2145 1190 2207 liberabantur
1214 2146 1249 2208 ab
1274 2166 1326 2207 au·

317 2236 391 2316 gelis
414 2243 495 2297 retro
518 2237 677 2315 respicere,
700 2236 758 2294 nisi
781 2237 849 2313 quia
874 2251 931 2294 nou
956 2243 1002 2294 est
1020 2237 1117 2295 animo
1137 2234 1327 2296 redeundum

318 2324 354 2385 ad
381 2335 511 2385 ueterem
538 2325 640 2396 vitam,
670 2341 727 2403 qua
757 2340 811 2401 per
834 2325 958 2400 gratiam
981 2333 1173 2401 regeneratus
1197 2326 1328 2405 exuitur,

318 2415 343 2473 si
370 2413 508 2474 ultimum
536 2410 660 2472 evadere
687 2409 830 2471 iudicium
861 2405 1046 2488 cogitamus?
1092 2410 1225 2490 Denique
1250 2431 1329 2472 uxor

266 2499 410 2582 roboth,
442 2498 494 2560 ubi
516 2501 660 2579 respexit,
682 2501 824 2558 remansit
847 2507 876 2558 et
899 2501 929 2558 in
953 2497 1043 2558 salem
1067 2515 1207 2560 conversa
1230 2499 1326 2560 bomi-
1407 2519 1408 2522 ¹
1470 2489 1471 2510 ³

318 2587 406 2648 nibus
428 2585 564 2647 fidelibus
593 2584 739 2664 quoddam
762 2587 910 2666 praestitit
933 2585 1167 2668 condimentum,
1197 2606 1256 2666 qno
1281 2607 1327 2648 sa-

318 2678 400 2755 piant
423 2674 541 2755 aliquid,
563 2672 642 2734 unde
666 2673 737 2735 illud
760 2683 898 2735 caveatur
921 2674 1096 2752 exemplum.

407 2760 478 2822 lude
508 2780 614 2822 rursus
644 2760 789 2822 Abrabam
819 2762 890 2822 iecit
917 2764 947 2821 iu
972 2761 1090 2822 Geraris
1119 2762 1196 2842 apud
1225 2782 1328 2843 rogem

319 2853 445 2911 civitatis
476 2848 555 2910 illius
583 2849 769 2931 Abimelech,
801 2849 880 2928 quod
912 2851 943 2908 in
974 2850 1103 2930 Aegypto
1134 2851 1171 2911 de
1201 2856 1329 2932 coniuge

267 2939 448 3019 reiecerat,
484 2940 571 3017 eique
603 2940 711 2998 intacta
745 2937 881 2998 similiter
913 2936 1027 2998 reddita
1059 2946 1112 2998 est.
1167 2937 1224 3000 Ubi
1256 2959 1328 3002 sane

320 3025 465 3086 Abraham
493 3025 661 3105 obiurganti
688 3027 765 3107 regi,
792 3042 847 3086 cur
870 3027 1011 3085 tacuisset
1034 3044 1156 3108 uxorem
1180 3045 1328 3088 sororem·

320 3133 378 3192 que
408 3112 545 3193 dixisset,
577 3116 713 3192 aperiens
743 3111 812 3192 quid
846 3115 979 3173 timuerit
1008 3115 1094 3174 etiam
1123 3115 1179 3175 hoc
1202 3114 1329 3179 addidit:

320 3204 438 3263 Etenim
461 3219 532 3263 oere
553 3218 642 3262 soror
665 3218 732 3262 meo
754 3209 799 3261 est
821 3203 859 3262 de
877 3208 978 3279 patre,
1001 3204 1137 3263 sednon
1161 3205 1199 3263 de
1221 3212 1329 3281 matre,

320 3292 388 3369 quia
411 3288 447 3350 de
470 3298 554 3369 patre
578 3307 632 3349 suo
656 3306 740 3349 soror
764 3297 827 3349 erat
850 3288 996 3365 Abrahae,
1019 3289 1054 3349 de
1080 3307 1137 3368 quo
1161 3295 1330 3370 propinqua

269 3394 301 3442 30
320 3382 384 3439 eius
408 3386 479 3438 erat.
525 3376 635 3437 Tantae
659 3385 759 3436 autem
781 3374 1010 3456 pulchritudinis
1034 3377 1105 3458 iuit,
1128 3387 1161 3438 ut
1185 3382 1272 3440 etium
1296 3384 1327 3441 in

320 3466 368 3527 illa
392 3474 486 3527 aetate
509 3473 611 3545 posset
633 3464 769 3525 adamari.

392 3591 418 3658 3)
442 3586 509 3643 Gen.
534 3592 580 3654 18,
601 3591 642 3641 to.
699 3589 742 3655 12)
765 3586 833 3639 Gen.
859 3589 905 3653 19,
925 3589 958 3638 24
969 3601 1009 3652 q.
1066 3585 1108 3650 20)
1132 3581 1199 3636 Gen.
1221 3585 1269 3648 19,
1287 3584 1327 3635 26.

321 3662 366 3729 28)
385 3660 451 3714 Gen.
472 3663 514 3724 20,
530 3663 571 3710 12.

320 3751 533 3762 ——-——-

394 3805 426 3855 18
449 3797 607 3870 regenerati
625 3797 751 3851 exuimur
770 3792 882 3850 Gemm-
