3284 4459
349 491 411 556 156
676 513 678 516 ·
749 503 770 544 s.
784 502 948 545 auousamr

346 657 405 700 non
435 647 567 720 caveret,
596 638 690 716 magis
718 646 876 715 temptaret
905 635 1015 718 Deum,
1045 655 1133 716 quam
1161 646 1296 716 speraret
1326 640 1358 698 in

344 727 448 789 Deum.
493 725 535 798 ne
564 744 621 805 qua
648 745 682 786 re
709 734 813 786 contra
841 725 1068 786 calumniantem
1096 725 1238 788 Faustum
1264 725 1359 786 Mani—

346 815 470 876 cbaeum
493 817 564 875 satis
588 814 723 875 diximus.
770 813 903 892 Denique
926 815 1037 874 iactum
1060 822 1115 894 est,
1137 813 1215 892 quod
1239 814 1274 874 de
1298 813 1359 874 [io-

346 907 425 964 mino
459 905 659 982 praesumpsit
691 901 845 962 Abrabam.
889 901 963 962 Nam
996 901 1110 962 Pharao
1143 921 1196 963 rex
1223 902 1361 983 Aegypti,

312 1004 327 1052 5
347 995 398 1071 qui
422 1009 485 1051 eam
514 990 570 1052 sibi
597 1009 721 1051 uxorem
744 998 911 1072 acceperat,
940 992 1068 1069 graviter
1091 990 1226 1050 adflictus
1249 994 1359 1051 marito

345 1079 481 1140 reddidit.
525 1079 583 1140 Ubi
610 1078 687 1139 absit
713 1087 747 1139 ut
774 1078 930 1139 credamus
961 1078 1055 1138 alieno
1079 1077 1239 1140 concubitu
1263 1079 1361 1140 fuisse

318 1168 500 1248 pollinam,
528 1170 596 1246 quia
624 1167 717 1227 multo
746 1175 793 1229 est
814 1166 1001 1247 credibiliuS,
1030 1165 1292 1228 boc·Pbaraonam
1316 1167 1359 1228 fa·

343 1275 415 1317 cere
438 1255 655 1318 adflictionibus
678 1258 792 1334 magnis
815 1273 875 1317 non
898 1256 990 1316 fuisse
1014 1257 1200 1335 permissum.

747 1461 863 1528 Oaaua
887 1462 957 1528 XX.

291 1605 328 1679 ,lo
344 1593 393 1681 ne
414 1595 583 1654 secessione
604 1591 682 1652 Lotb
703 1597 735 1652 et
756 1592 909 1672 Abrahae,
932 1608 1011 1665 quae
1035 1592 1093 1651 illis
1115 1594 1201 1652 salva
1225 1594 1363 1654 caritate

758 1682 939 1755 conplacuit.
1347 1681 1350 1690 ‘

435 1802 565 1864 Reverso
593 1805 684 1881 igitur
705 1800 852 1863 Abrabam
881 1819 917 1862 ex
940 1802 1071 1881 Aegypto
1101 1803 1132 1862 in
1155 1801 1253 1864 iocum
1276 1803 1360 1864 unde

345 1901 479 1970 venerat,
511 1900 581 1953 tunc
609 1890 686 1951 Loth
719 1891 819 1950 fratris
842 1889 919 1952 iilius
943 1889 1051 1950 abillo
1075 1891 1240 1952 interram
1264 1890 1358 1951 Sodo-

347 1997 465 2040 morum
483 1978 562 2040 salva
579 1981 701 2041 caritate
721 1979 866 2040 discessit.
912 1977 1021 2038 Divites
1045 1980 1154 2058 quippe
1179 1979 1248 2040 iacti
1271 1989 1361 2041 eraut

296 2080 328 2129 rt
347 2076 542 2147 pastoresque
560 2066 669 2128 multos
691 2084 835 2147 pecorum
857 2065 966 2126 habere
990 2076 1158 2146 coeperant,
1181 2066 1289 2145 ortibus
1311 2070 1358 2128 in-

347 2164 449 2216 terso
476 2155 642 2217 rixantibus
669 2173 705 2215 eo
732 2155 819 2215 modo
849 2153 1023 2215 familiarum
1048 2172 1168 2215 suarum
1191 2173 1359 2234 pugnacem

347 2242 524 2304 discordiam
561 2246 735 2304 vitaverunt.
788 2243 910 2304 Poterat
945 2245 1055 2322 quippe
1092 2241 1179 2323 binc,
1215 2252 1249 2303 ut
1286 2253 1360 2304 sunt

347 2331 482 2413 bumana,
501 2334 589 2393 etiam
607 2334 686 2392 inter
705 2334 784 2409 ipsos
804 2330 900 2408 aliqua
918 2333 982 2390 rixa
1000 2348 1190 2410 consurgere.
1226 2330 1358 2392 Proinde

347 2418 403 2480 boc
422 2420 531 2482 malum
549 2422 752 2499 praecaventis
770 2418 903 2479 Abrabae
927 2417 1016 2478 verba
1039 2421 1094 2480 ista
1118 2428 1188 2480 suut
1211 2417 1247 2480 ad
1265 2417 1359 2498 Loth:

295 2520 328 2569 eo
347 2511 414 2569 Non
441 2511 482 2570 se‘t
508 2511 583 2569 rico
610 2511 691 2568 inter
719 2525 766 2568 mc
793 2515 823 2568 et
845 2515 887 2588 te,
911 2512 941 2568 et
962 2510 1202 2584 interponeres
1224 2524 1305 2569 meos
1328 2517 1361 2569 et

347 2600 428 2656 inter
454 2603 596 2673 pastores
627 2603 709 2670 tuos,
741 2599 813 2671 quia
845 2597 979 2656 homines
1008 2593 1126 2670 [ratres
1159 2612 1213 2656 nos
1244 2613 1358 2658 sumus.

309 2752 320 2762 N
347 2686 453 2745 Nonne
480 2701 552 2745 ecce
579 2690 642 2746 tota
669 2691 756 2746 terra
784 2691 856 2744 ante
883 2690 912 2744 te
939 2685 1002 2743 est?
1038 2685 1169 2745 Discede
1196 2701 1216 2744 a
1244 2701 1307 2755 me;
1330 2689 1361 2746 si

347 2778 379 2831 tu
402 2774 434 2831 in
456 2774 625 2853 sinistram,
653 2789 708 2847 epo
737 2775 770 2832 ia
793 2773 951 2843 dextram
978 2774 1127 2833 celsitu
1151 2775 1182 2832 in
1206 2774 1360 2849 dextram,

346 2876 403 2935 epo
431 2863 462 2919 ia
489 2863 655 2921 sinistram.
701 2859 776 2920 Hinc
807 2860 941 2919 fortassis
965 2861 1069 2920 effecta
1093 2868 1138 2920 est
1160 2861 1239 2920 inter
1263 2859 1358 2922 bomi-

295 2958 333 3010 2t
354 2965 408 3008 nes
437 2947 558 3026 pacifica
585 2948 785 3028 consuetudo,
813 2956 859 3028 ut,
889 2947 1007 3026 quando
1034 2957 1222 3009 terrenorum
1248 2949 1359 3028 aliquid

344 3034 534 3117 partiendum
557 3044 612 3111 est,
635 3038 729 3096 maior
752 3035 869 3117 dividat,
892 3038 989 3095 minor
1012 3035 1107 3115 eligat.

417 3187 493 3256 a)L.
518 3193 552 3241 aa
571 3203 593 3242 ο.
614 3193 657 3243 aa.
694 3185 939 3257 e)uen.1e,eo.
976 3187 1176 3257 encenia,
1199 3193 1274 3258 esq,
1311 3193 1360 3262 aa)

346 3259 443 3313 Seuer.
463 3259 586 3313 controv.
606 3265 632 3322 6,
648 3263 667 3311 3

423 3495 456 3544 13
470 3507 544 3544 nunc
558 3489 617 3543 edd.
630 3505 703 3544 oreae
712 3490 820 3558 priores
829 3506 973 3559 perperam
982 3491 1094 3559 tumque
1104 3487 1207 3556 Hoffm.
1222 3490 1231 3558 ΙΙ
1245 3493 1322 3558 2089.
1334 3491 1365 3544 ct

351 3558 424 3614 inter
441 3564 569 3629 pastores
587 3562 651 3614 tuos
667 3559 797 3630 VRFep
814 3577 864 3615 sec.
880 3562 989 3628 Graec.;
1007 3561 1082 3615 inter
1097 3577 1146 3614 ora.
1164 3561 1270 3629 Gapc3
1288 3559 1364 3614 inter

350 3634 559 3758 {fflebm
578 3633 608 3685 et
625 3634 752 3700 pastores
770 3646 846 3684 meos
865 3632 904 3686 ab
916 3633 926 3700 ΙΙ
940 3637 972 3686 21
991 3648 1043 3686 nos
1061 3631 1094 3686 ir.
1114 3641 1176 3685 aaa
1189 3633 1199 3701 ss
1213 3636 1247 3684 23
1266 3629 1363 3686 dexte·
