3284 4459
344 499 411 564 520
746 509 945 553 senensem

344 650 466 728 acriter,
495 664 532 707 ne
563 645 599 706 ad
626 642 801 705 damnabilia
829 652 948 723 peccata
976 643 1127 723 perducat
1172 643 1211 705 Et
1238 646 1264 705 si
1287 648 1353 723 qui·

344 738 411 799 dem
431 735 561 796 nondum
579 733 770 793 victoriarum
788 731 1004 793 consuetudine
1024 731 1161 793 roborata
1179 741 1258 812 sunt,
1281 733 1354 794 laci-

342 826 400 886 lius
418 824 578 883 ducuntur
596 829 626 881 et
644 821 766 901 cedunt,
789 822 816 881 si
834 830 933 881 autem
951 822 1069 881 vincere
1093 828 1181 899 atque
1204 823 1354 900 imperare

343 920 541 990 consuerunt,
570 908 715 970 laboriosa
743 907 917 969 difficultate
952 916 1140 987 superantur.
1185 908 1289 988 Neque
1322 910 1354 971 id

308 1002 377 1061 alit
399 1000 544 1061 veraciter
566 1008 654 1076 atque
677 999 835 1057 sinceriter
859 997 916 1057 nisi
938 1014 1024 1057 verae
1047 996 1243 1059 delectatione
1266 1000 1353 1058 iusti·

343 1092 414 1169 tiae3
441 1088 514 1148 haec
542 1095 590 1147 est
610 1093 710 1147 autem
733 1088 764 1146 in
785 1085 844 1145 lide
867 1084 985 1145 Christi.
1030 1084 1104 1145 llam
1128 1084 1223 1147 silex
1245 1085 1354 1146 iubens

343 1178 420 1238 adsit
451 1184 482 1238 et
512 1177 635 1255 spiritus
662 1176 765 1235 iurans
791 1173 882 1254 desit,
913 1190 968 1252 per
997 1174 1091 1252 ipsam
1121 1172 1354 1252 prohihitionem

342 1264 491 1326 desiderio
519 1270 673 1325 crescente
703 1270 792 1340 atque
821 1263 958 1321 vincente
987 1263 1102 1340 peccati
1131 1263 1220 1323 etiam
1251 1271 1354 1325 reatus

342 1353 601 1433 praevaricationis
633 1350 755 1411 aceedit
804 1349 1033 1428 Nonnumquam
1065 1367 1135 1411 sane
1167 1352 1354 1428 apertissima

293 1454 324 1504 ro
344 1444 412 1503 vitia
444 1440 508 1501 aliis
540 1441 619 1499 vitiis
650 1440 810 1499 vincuntur
841 1438 979 1517 occultis,
1012 1456 1087 1516 quae
1115 1446 1258 1517 putantur
1286 1457 1354 1501 esse

342 1533 484 1609 virtutes,
510 1530 541 1589 in
569 1526 678 1605 quihus
704 1535 809 1605 regnat
831 1524 970 1604 superbia
992 1534 1024 1586 et
1046 1526 1189 1605 quaedam
1212 1526 1270 1586 sibi
1292 1527 1353 1607 pla-

343 1617 430 1679 cendi
448 1616 571 1677 altitudo
590 1617 719 1675 ruinosa.
764 1613 849 1674 Tunc
872 1618 970 1692 itaque
994 1616 1069 1674 victa
1092 1616 1162 1674 vitia
1185 1614 1354 1693 deputanda

343 1714 422 1785 sunt,
445 1722 513 1765 cum
533 1703 585 1763 llei
608 1720 707 1763 amore
731 1704 904 1782 vincuntur,
928 1720 1016 1781 quern
1035 1704 1093 1763 nisi
1112 1701 1190 1762 lleus
1209 1705 1273 1780 ipse
1293 1722 1355 1764 non

343 1795 432 1856 donat
461 1810 517 1853 nec
544 1790 630 1851 aliter
659 1792 717 1852 nisi
743 1809 798 1870 per
825 1789 1018 1850 mediatorem
1047 1789 1101 1850 Dei
1128 1799 1158 1850 et
1190 1790 1355 1873 hominum,

293 1897 324 1946 15
343 1883 492 1943 hominem
512 1878 662 1940 Christum
680 1878 787 1959 lesum,
810 1880 862 1957 qui
884 1878 979 1939 lactus
1003 1886 1050 1938 est
1071 1880 1220 1957 particeps
1243 1888 1354 1940 morta·

342 1970 433 2030 litatis
460 1976 592 2048 nostrae,
620 1976 654 2027 ut
680 1985 735 2027 nos
764 1968 924 2046 participes
954 1966 1065 2026 laceret
1088 1966 1249 2027 divinitatis
1271 1986 1355 2029 suae.

343 2058 517 2119 Paucissimi
530 2065 629 2116 aretem
648 2063 718 2115 sunt
735 2063 835 2115 tantae
855 2054 1012 2135 felicitatis
1036 2063 1069 2114 ut
1087 2054 1123 2114 ah
1142 2056 1206 2133 ipsa
1228 2057 1355 2117 ineunte

343 2145 542 2207 adulescentia
570 2142 648 2205 nulla
675 2142 849 2203 damnabilia
876 2152 995 2220 peccata
1028 2144 1212 2203 committant
1244 2144 1289 2206 vel
1322 2146 1355 2205 in

344 2234 462 2313 llagitils
490 2232 534 2292 vel
561 2234 592 2291 in
619 2230 801 2291 facinoribus
824 2230 870 2290 vel
892 2232 923 2290 in
947 2232 1076 2290 helariae
1100 2233 1273 2310 cuiusquam
1298 2234 1355 2293 im·

291 2324 461 2404 ‘inpietatis
491 2337 612 2402 errore,
642 2319 695 2380 sed
725 2336 828 2397 magna
859 2320 981 2397 spiritus
1011 2318 1144 2397 largitato
1175 2323 1356 2402 opprimant,

344 2409 487 2493 quidquid
506 2411 550 2469 eis
568 2414 670 2487 posset
686 2406 797 2468 carnali
814 2406 1009 2467 delectatione
1029 2406 1182 2468 dominari.
1227 2407 1355 2470 Plurimi

344 2519 413 2561 vero
432 2506 590 2578 praecepto
608 2496 682 2575 legis
700 2504 832 2576 accepto,
854 2513 924 2555 cum
941 2496 1025 2574 prius
1044 2496 1114 2555 victi
1133 2495 1244 2557 luerint
1265 2515 1353 2576 prae-

344 2587 509 2649 valentibus
542 2587 619 2645 vitiis
646 2591 676 2644 et
705 2584 956 2663 praevaricatores
983 2584 1048 2643 eius
1076 2584 1188 2663 ellecti,
1215 2592 1287 2644 tunc
1316 2586 1355 2647 ad

344 2678 468 2755 gratiam
490 2673 665 2751 confugiunt
687 2672 882 2749 adlevantem,
905 2689 963 2750 qua
986 2672 1057 2731 liant
1080 2679 1111 2731 et
1133 2674 1261 2732 amarius
1282 2692 1354 2753 pae-

292 2780 326 2828 ‘25
344 2762 465 2824 nitendo
484 2770 515 2822 et
533 2759 737 2820 vehementius
754 2759 912 2838 pugnando
934 2762 1018 2838 prius
1037 2758 1098 2819 Deo
1122 2759 1239 2821 subdita
1263 2771 1354 2841 atque

344 2854 386 2911 ita
403 2852 484 2911 carni
503 2850 670 2928 praeposita
689 2855 787 2907 mente
811 2850 947 2908 victores
993 2846 1135 2926 Quisquis
1157 2850 1248 2927 igitur
1271 2852 1356 2929 cupit

344 2956 455 3018 poenas
478 2937 601 2997 evadere
625 2938 829 3015 sempiternas,
852 2952 911 2995 non
935 2935 1029 2995 solum
1053 2934 1227 3017 baptizetur,
1250 2955 1355 2998 verum

345 3028 433 3087 etiam
460 3024 637 3085 iustificetur
664 3026 694 3084 in
718 3023 850 3103 Christo,
878 3041 911 3083 ac
942 3025 984 3083 sic
1007 3042 1076 3083 vere
1099 3034 1231 3086 transeat
1253 3044 1270 3085 a
1292 3024 1354 3085 dia·

345 3114 412 3175 holo
441 3113 475 3174 ad
500 3111 659 3174 Christum.
704 3112 894 3190 Purgatorias
922 3122 1020 3171 autem
1048 3130 1157 3191 poenas
1189 3113 1285 3174 nullas
1309 3115 1355 3175 lu-

293 3220 327 3268 30
346 3213 428 3264 taras
447 3202 594 3279 opinetur,
615 3202 675 3259 nisi
699 3207 766 3260 ante
789 3199 863 3260 illud
885 3199 1023 3259 ultimum
1043 3198 1291 3278 tremendumque
1310 3204 1356 3263 iu-

346 3292 464 3351 dicium.
510 3288 700 3366 Nequaquam
732 3297 830 3347 tannen
864 3286 1029 3365 negandum
1062 3296 1107 3347 est
1137 3291 1225 3349 etiam
1255 3292 1357 3369 ipsum

346 3386 499 3440 aeternum
522 3378 620 3455 ignem
642 3394 697 3456 pro
722 3375 889 3434 diversitate
913 3377 1087 3436 meritorum
1109 3379 1242 3454 quamvis
1265 3379 1356 3439 malo·

419 3516 462 3581 lh)
482 3517 506 3567 1.
526 3510 597 3568 Tim.
617 3516 642 3579 2,
661 3514 686 3565 h.

411 3707 428 3753 4
447 3701 648 3755 consueverunt
662 3714 706 3766 po
723 3699 733 3766 ΙΙ
751 3700 767 3748 5
786 3711 868 3749 verae
887 3714 915 3760 υς
933 3710 1000 3749 uere
1019 3694 1115 3763 Ram
1133 3709 1202 3747 uera
1217 3694 1331 3765 Gabeq
1349 3698 1360 3764 l

342 3776 375 3826 15
392 3770 489 3823 Jesum
507 3768 647 3822 chrisimo
665 3785 694 3832 υς
713 3767 746 3832 cf.
764 3782 858 3835 propr.
873 3783 904 3834 p.
919 3771 954 3820 11
