3284 4459
583 467 624 508 on
638 466 964 509 crrmsrnnnruxrv.
978 466 1001 507 c.
1015 468 1035 508 6.
1292 451 1311 515 ‘l

217 642 221 663 2
301 608 416 677 prount
441 602 602 663 animam.“
645 600 729 662 Unde
757 602 845 668 etiam
872 600 950 662 idem
978 600 1129 681 apostolus
1156 617 1247 680 agens
1273 600 1310 661 de

304 690 360 750 boc
384 689 569 769 corruptibili
594 708 729 771 corpore,
752 689 788 750 de
812 708 871 768 quo
894 689 980 768 paulo
1004 698 1071 750 ante
1095 689 1222 750 dixerat:
1245 690 1313 750 Etsi

303 782 440 840 exterior
461 780 547 840 domo
569 786 673 840 noster
695 782 918 855 corrumpitur:
945 779 1077 852 Scimus,
1099 779 1206 858 inquit,
1228 782 1311 854 puin,

302 870 332 928 si
353 873 478 928 terrena
505 885 559 929 nos
560 874 610 927 tra
638 869 742 928 domus
772 868 969 928 baduationis
991 870 1174 942 resoluatur,
1204 870 1309 940 aedifi·

304 948 454 1017 nationem
481 956 625 1016 babemus
656 974 696 1016 era
723 956 802 1030 Deo,
836 958 954 1016 domum
984 972 1045 1016 uon
1071 972 1163 1016 manu
1190 954 1346 1032 factumn

305 1051 460 1105 aeternam
483 1046 516 1104 iu
540 1046 641 1105 caelis
687 1044 844 1105 Etenim
830 1062 862 1105 m
884 1046 942 1105 troc
966 1046 1202 1120 inpemescimus,
1224 1044 1310 1106 babi-

306 1134 437 1193 taculum
455 1139 523 1193 nost
522 1150 590 1193 rum
608 1135 690 1208 quod
707 1135 745 1193 de
768 1137 853 1194 caeto
871 1138 917 1194 est
936 1134 1121 1209 superindui
1141 1134 1312 1209 cupientem

305 1222 334 1282 si
358 1227 457 1281 tamen
485 1226 516 1281 et
541 1223 642 1281 iudut'
616 1226 652 1296 tr,
679 1238 739 1283 nou
767 1224 846 1283 nudi
872 1221 1072 1282 inveniamur.
1116 1220 1235 1281 Etenim
1257 1223 1313 1296 pui

304 1326 406 1369 sumus
429 1312 461 1369 iu
483 1311 544 1370 buc
565 1310 766 1391 habitatione,
790 1312 1017 1384 inpemescimus
1037 1311 1175 1390 prauati,
1197 1311 1230 1370 iu
1252 1325 1311 1384 pao

304 1401 441 1457 uolumus
458 1400 634 1474 exspatiari,
656 1400 711 1458 sed
727 1399 932 1475 supervestiri,
955 1403 991 1458 ut
1008 1399 1210 1460 absorbeatur
1231 1414 1309 1458 mor-
1331 1406 1365 1470 10

306 1478 367 1546 tale
390 1502 410 1546 u
433 1488 504 1546 uita.
549 1484 587 1547 Et
608 1485 801 1566 adgravamur
824 1504 895 1565 ergo
915 1484 1102 1565 corruptibili
1124 1502 1259 1565 corpore,
1281 1492 1312 1545 et

303 1574 398 1651 ipsius
425 1572 639 1653 adgravationis
666 1592 785 1635 causam
811 1592 871 1634 non
901 1582 1036 1635 naturam
1059 1572 1311 1652 substantiamque

304 1663 449 1741 corporis,
473 1661 525 1722 sed
544 1663 609 1722 eius
628 1664 851 1741 corruptionem
873 1664 1002 1723 scientes
1024 1660 1162 1721 nolumus
1185 1679 1311 1740 corpore

305 1748 435 1829 spoliari,
458 1748 508 1810 sed
529 1752 593 1811 eius
611 1750 820 1812 inmortalitate
840 1752 951 1811 vestiri.
995 1748 1035 1810 Et
1052 1757 1125 1810 tunc
1143 1752 1223 1811 enim
1245 1752 1311 1830 erit,

304 1837 358 1898 sed
386 1840 455 1916 qnia
484 1838 675 1917 corruptibile
703 1840 857 1919 nouerit,
884 1856 944 1899 non
968 1837 1107 1917 gravabit
1152 1840 1312 1913 Adprauat
1331 1848 1366 1899 16

305 1943 376 2004 ergo
400 1944 480 1986 nunc
503 1928 635 1987 animum
662 1944 773 2003 corpus
796 1928 1009 2006 corruptibile,
1035 1932 1067 1988 et
1088 1928 1230 2003 deprimit
1252 1934 1312 1987 ter-

304 2032 383 2074 rena
402 2015 582 2075 inhabitatio
600 2032 720 2076 sensum
737 2018 832 2076 multa
850 2018 1040 2090 eopituntem.
1085 2011 1195 2075 Verum
1214 2023 1313 2076 tamen

306 2104 357 2180 qui
385 2104 483 2162 omnia
510 2102 584 2162 mala
614 2105 726 2163 animae
757 2122 793 2163 ex
821 2120 947 2182 corpore
974 2110 1080 2181 putant
1102 2102 1259 2185 accidisse,
1282 2104 1313 2163 io

305 2208 409 2250 errore
432 2198 510 2251 sunt.

395 2295 534 2367 Quamvis
570 2298 649 2357 enim
681 2294 826 2376 Vergilius
858 2296 1039 2358 Platonicam
1067 2296 1203 2358 rideatur
1230 2296 1312 2358 lucu·
1332 2309 1368 2359 10

304 2383 395 2445 lentis
417 2383 552 2445 versibus
575 2384 721 2465 explicare
746 2387 922 2446 sententiam
945 2385 1061 2447 dicens:

395 2526 506 2602 Igneus
530 2529 577 2587 066
599 2526 666 2586 01116
689 2526 776 2604 rigor
799 2530 830 2587 66
852 2527 990 2587 caelestis
1013 2527 1097 2603 origo

397 2613 575 2692 Seminibus,
598 2618 743 2690 quonium
765 2634 826 2674 non
847 2615 936 2675 noxia
958 2635 1083 2691 corpora
1104 2614 1226 2676 tardent

396 2702 578 2780 Terrenique
599 2704 744 2763 hebetani
766 2707 850 2763 orius
872 2703 1109 2780 moribundaque
1131 2705 1273 2781 membra,

307 2861 469 2922 omnesque
497 2843 562 2904 ibas
589 2845 757 2905 notissimas
784 2852 927 2923 quattuor
952 2846 1042 2906 animi
1066 2843 1313 2925 perturbationes,
1332 2856 1366 2905 25

307 2932 498 3011 cupiditatem
525 2934 675 3013 timorem,
706 2932 847 2993 laetitiam
875 2934 1040 3012 tristitiam,
1072 2934 1156 3012 quasi
1184 2934 1314 3011 origines

307 3021 440 3080 omnium
470 3028 660 3098 peccatorum
693 3029 781 3100 atque
813 3022 953 3082 vitiorum
984 3020 1086 3081 volens
1116 3020 1248 3101 intellegi
1277 3038 1314 3083 ex

306 3124 433 3187 corpore
456 3106 590 3169 accidere
613 3108 772 3189 subiunget
794 3116 826 3169 et
847 3108 939 3170 (11661.

307 3258 1313 3399 Β19)ῗὲ16916312..,(106416.11)Ιὶ).6,1661(1.11)

328 3347 372 3401 ep

379 3516 599 3572 4116616061οηὶ6
619 3515 800 3597 VA¹ablpu3
823 3514 907 3569 buius
924 3512 1014 3568 habit.
1032 3513 1161 3569 A’FGe
1177 3515 1187 3582 1
1205 3511 1318 3567 dissolv.

306 3588 497 3658 0611166661
537 3585 693 3658 66016616
711 3585 776 3639 9111
794 3602 934 3653 quomse
952 3600 986 3639 eo
1004 3584 1182 3653 cnedralio
1201 3582 1318 3653 spoliari
1375 3639 1378 3645 ,

306 3604 539 3730 61661146οᾚ
556 3588 738 3727 VAFGeip·
752 3656 842 3726 expol.
852 3656 969 3726 aovnp
983 3654 1119 3711 enimam.
1130 3655 1173 3709 Al
1185 3656 1195 3724 1
1209 3652 1319 3708 2201116

307 3731 425 3797 AFau3
443 3674 520 3783 illis
525 3729 656 3798 VGbelp
