3284 4459
335 492 397 558 168
733 505 754 548 n.
768 506 933 548 anousrnu

334 640 472 711 Quamvis
497 643 576 702 enim
599 649 630 702 et
652 639 815 714 naturalem
839 642 1053 720 procreationis
1076 659 1236 702 excursum
1260 641 1354 702 lions.

333 738 487 809 operetur:
519 728 570 789 ubi
592 738 690 791 tamen
715 728 835 790 evidens
858 747 932 807 opus
956 728 1009 790 Ilei
1032 738 1079 790 est
1101 732 1199 792 vitiata
1223 738 1254 796 et
1278 748 1341 790 ces·

333 824 416 878 sante
435 827 549 897 natura,
566 817 608 878 ibi
626 817 791 881 evidentius
810 817 991 895 intellegitur
1009 820 1110 896 gretia.
1141 817 1179 879 Et
1197 820 1266 896 quia
1285 818 1343 878 hoc

333 923 392 966 non
420 923 475 984 per
501 907 736 985 generationem,
768 904 819 966 sed
849 922 903 984 per
926 909 1181 984 regenerationem
1205 907 1343 968 loturum

298 1004 314 1054 t
334 1004 406 1075 erat,
428 994 494 1053 ideo
518 1011 597 1054 nnnc
618 996 759 1072 imperata
778 1002 825 1053 est
843 996 1038 1066 circumcisio,
1063 994 1179 1072 quando
1199 994 1235 1055 de
1252 993 1342 1054 Serra

334 1083 500 1185 promissus
527 1090 573 1143 est
598 1080 685 1148 tilios.
740 1080 778 1142 Et
805 1081 883 1159 quod
913 1100 1016 1143 omnes
1044 1099 1102 1143 non
1132 1081 1227 1152 solum
1255 1082 1357 1163 filios„

334 1188 436 1230 rerum
465 1170 555 1241 etiam
584 1187 685 1230 servos
712 1169 887 1235 vernaculos
919 1177 949 1230 et
981 1172 1134 1249 empticius
1167 1170 1342 1240 circumcidi

333 1258 429 1339 iubet,
461 1257 498 1318 ad
528 1276 631 1319 omnes
653 1260 740 1325 islam
761 1260 886 1336 gratiam
909 1260 1060 1336 pertinere
1083 1267 1216 1320 testatur.
1262 1257 1344 1329 Quid

335 1349 413 1408 enim
436 1346 514 1408 aliud
537 1347 724 1413 circumcisio
748 1345 893 1423 significat
917 1364 1004 1424 qrram
1028 1356 1162 1407 naturam
1186 1355 1274 1408 exuta
1292 1365 1342 1408 re·

282 1444 443 1496 totostoto
462 1431 654 1496 renovatam?
689 1432 727 1496 Et
750 1434 820 1513 quid
845 1433 923 1495 aliud
947 1451 1035 1512 quam
1050 1433 1201 1496 Christum
1219 1443 1345 1496 octavus

334 1524 406 1604 dies,
430 1526 480 1601 qui
500 1522 681 1583 hebdomade
700 1522 854 1603 completa,
876 1522 933 1582 hoc
953 1532 999 1583 est
1021 1531 1089 1602 post
1107 1522 1270 1603 sabbatum,
1294 1541 1342 1585 re·

335 1608 485 1674 surrexit?
521 1610 681 1671 Parentum
704 1620 857 1672 mutantur
880 1620 911 1672 et
928 1612 1060 1672 nomina:
1084 1614 1181 1678 omnia
1199 1621 1345 1672 resonant

335 1702 508 1780 novitatem,
540 1708 570 1759 et
599 1701 630 1759 in
660 1708 837 1760 testamento
868 1708 967 1761 vetere
998 1698 1193 1763 obumbratur
1222 1717 1342 1760 norum

335 1788 411 1859 Quid
440 1796 486 1847 est
514 1788 593 1848 enim
616 1786 696 1865 quod
718 1787 828 1849 dicitur
850 1795 1060 1848 testamentum
1084 1797 1168 1848 vetus
1192 1789 1249 1849 uisi
1273 1791 1342 1848 nori
1404 1801 1407 1806 “

283 1887 316 1937 15
335 1871 516 1937 occultatio?
560 1874 598 1936 Et
626 1873 696 1954 qtrid
724 1884 770 1935 est
798 1875 876 1936 alind
904 1874 983 1952 quod
1011 1875 1120 1937 dicitur
1147 1893 1256 1938 norum
1284 1877 1343 1936 nisi

335 1967 443 2026 veteris
466 1960 627 2024 revelatio?
663 1962 752 2024 Risus
766 1962 899 2023 Abrahae
923 1962 1064 2024 exultatio
1088 1972 1134 2024 est
1156 1963 1344 2044 gratulantis,

335 2071 394 2113 non
422 2053 525 2112 inrisio
553 2051 721 2112 diffidentis.
767 2050 862 2111 Verba
890 2068 1008 2129 quoque
1032 2052 1096 2113 eius
1118 2050 1166 2112 illa
1189 2054 1218 2111 in
1243 2054 1343 2112 animo

336 2159 403 2202 suo:
434 2141 471 2202 Si
490 2142 565 2200 mibi
586 2147 704 2201 centum
728 2156 824 2199 annos
847 2140 971 2199 habenti
991 2146 1137 2200 nascetur
1156 2143 1240 2212 lilius
1263 2146 1293 2202 et
1314 2143 1346 2200 si

335 2231 436 2292 Sarra
466 2245 616 2289 annorum
643 2230 810 2301 concutere
836 2230 952 2303 periet,
985 2244 1045 2286 non
1073 2236 1143 2288 sunt
1170 2225 1346 2300 dubitantis,

282 2317 388 2385 rosed
416 2317 594 2377 admirantis.
640 2314 673 2376 Si
699 2333 788 2394 quem
815 2333 885 2376 vero
913 2325 1011 2375 movet
1038 2315 1116 2393 qtrod
1146 2315 1344 2378 dictumest:

336 2407 376 2467 Et
398 2407 476 2466 dubo
499 2406 556 2464 tibi
576 2411 607 2465 et
627 2406 735 2464 semini
756 2412 807 2464 tuo
826 2411 897 2480 post
918 2411 947 2464 te
965 2411 1089 2477 terram,
1113 2407 1144 2464 in
1164 2421 1225 2479 pua
1244 2412 1276 2464 tu
1296 2407 1342 2464 in-

335 2499 403 2557 colo
426 2512 471 2566 es,
493 2509 608 2553 omnem
631 2500 746 2554 terrum
773 2493 922 2560 Charace
944 2494 977 2552 in
996 2495 1213 2567 possessionem
1242 2499 1343 2554 aeter-

336 2600 415 2655 num,
438 2599 497 2657 quo
521 2578 607 2640 modo
630 2581 791 2657 accipiatur
813 2578 967 2660 impletum
982 2580 1042 2638 sive
1057 2579 1152 2640 adbuc
1166 2589 1344 2658 expectetur

336 2669 531 2748 implendum,
563 2686 630 2728 com
657 2669 806 2746 possessio
836 2685 1040 2745 quaecumque
1074 2675 1192 2728 terrena
1221 2676 1344 2729 aeterna

284 2771 317 2821 et
337 2755 458 2819 cuilibet
485 2757 567 2834 genti
594 2773 660 2816 esse
688 2772 745 2815 non
774 2757 882 2833 possit:
913 2757 987 2816 sciat
1014 2764 1169 2816 aeteruum
1191 2772 1207 2815 a
1231 2759 1345 2817 nostris

337 2845 540 2924 interpretari,
563 2841 643 2920 quod
666 2841 770 2903 Graeci
793 2842 942 2923 appellant
964 2837 1114 2922 αἰώνιον,
1136 2843 1215 2921 quod
1239 2862 1255 2904 a
1279 2862 1342 2904 sne-

337 2933 404 2993 culo
428 2933 591 2992 derivatum
614 2939 672 3009 est3
704 2925 788 2992 αἰών
815 2933 924 3009 qnippe
948 2929 1058 2992 Graece
1086 2930 1237 2992 saeculum
1266 2950 1344 2992 nrrn·

338 3030 471 3100 cupatur.
517 3017 575 3078 Sed
599 3036 658 3078 non
681 3028 752 3079 sunt
773 3022 839 3080 ausi
861 3017 957 3079 Latini
979 3018 1035 3079 hoc
1058 3018 1159 3080 dicere
1183 3018 1346 3101 saeculare,

338 3128 375 3169 ne
402 3108 490 3186 longe
516 3109 546 3168 iu
575 3105 654 3166 aliud
682 3108 834 3167 mitterent
861 3124 989 3168 sensum.
1036 3106 1204 3168 Saecularia
1233 3109 1344 3188 quippe

184 3260 185 3275 p
286 3213 322 3262 eo
338 3198 478 3258 dicuutur
500 3194 600 3275 multa,
624 3212 698 3274 qtrae
721 3197 752 3254 in
775 3195 835 3262 hoc¹
851 3194 967 3261 saeculo
987 3197 1029 3256 sic
1049 3205 1185 3275 aguntur,
1209 3203 1242 3256 ut
1259 3195 1345 3277 breri

338 3288 425 3346 etiam
455 3296 588 3362 tempore
616 3291 781 3363 transeant;
813 3274 953 3344 αἰώνιον
982 3293 1081 3344 autem
1113 3284 1192 3361 quod
1225 3283 1345 3363 dicitnr,

338 3382 389 3434 aut
412 3389 471 3432 non
493 3370 582 3430 habet
604 3371 694 3430 finem
716 3381 768 3431 aut
791 3389 885 3448 usque
913 3373 943 3430 in
967 3370 1055 3432 huius
1078 3371 1188 3432 saeculi
1210 3371 1347 3432 tenditur

338 3461 435 3521 linem.

334 3587 397 3595 ...η
422 3589 426 3592 -
438 3586 547 3594 -—----

406 3642 591 3712 rumpemus
612 3645 658 3711 ru
672 3603 705 3697 u
723 3642 880 3697 ennemase
897 3643 1096 3712 enecone
1116 3641 1289 3696 acromonte
1304 3641 1347 3706 A;

334 3713 492 3839 {1}de&
510 3715 538 3838 ῗνς
565 3713 776 3834 hebdomadae
798 3713 810 3782 ll
831 3717 864 3766 48
888 3713 962 3766 filius
983 3715 1119 3785 VRbpo;
1146 3711 1348 3806 orrodeepl
