3284 4459
333 497 374 561 74
729 509 750 550 s.
764 509 930 552 accusatur

331 655 361 707 et
378 647 447 706 anui
465 646 547 706 taciti
565 661 624 705 non
648 653 726 724 suot,
750 643 800 723 qui
823 645 895 705 vixit
918 644 1072 704 minimum
1094 651 1163 705 aute
1186 643 1339 725 diluvium,

330 734 366 796 ad
386 736 588 814 septingentos
607 733 818 811 quinquaginta
837 739 900 793 tres
917 733 1094 811 perveniret.
1139 732 1213 793 Nam
1236 733 1339 812 piures

331 830 495 902 nongentos
527 839 620 883 annos
649 824 737 882 etiam
774 821 975 899 transierunt,
1012 823 1145 898 quamvis
1181 839 1270 882 nemo
1302 821 1338 881 ad

332 910 410 971 miiie
428 912 606 990 pervenerit.
651 909 725 980 Quis
742 911 842 988 itaque
860 907 1039 969 dubitaverit
1055 926 1111 987 per
1133 911 1222 970 unius
1244 909 1339 971 bomi-

295 1009 313 1058 ὁ
331 1001 377 1059 nis
400 1007 525 1060 aetatem
547 1006 661 1059 tantum
686 996 873 1076 multiplicari
895 998 1027 1076 potuisse
1050 1015 1145 1075 genus
1167 997 1339 1078 humanum,

332 1096 365 1148 ut
387 1096 466 1148 esset
484 1087 562 1148 uude
582 1088 837 1146 constituerentur
858 1102 918 1145 non
941 1102 1008 1164 orna,
1027 1085 1078 1145 sed
1101 1085 1245 1164 plurimae
1269 1088 1338 1147 civi·

331 1172 428 1237 tates?
472 1175 558 1248 Quod
582 1193 618 1234 ex
640 1174 697 1234 boc
720 1172 974 1234 conici‘iaciiiime
997 1177 1196 1254 potesq’quia
1218 1191 1254 1234 ex
1277 1193 1339 1234 uuo

331 1263 477 1324 Abrabam
499 1281 559 1324 nou
583 1262 675 1323 multo
698 1261 824 1341 amplius
847 1260 1070 1340 quadringentis
1092 1264 1177 1323 aunis
1201 1280 1338 1323 numero·

332 1355 403 1413 sitas
434 1351 584 1412 Hebraeae
614 1351 712 1431 gentis
744 1358 825 1411 tanta
856 1359 1010 1429 procreata
1041 1358 1104 1430 est,
1136 1359 1170 1411 ut
1196 1351 1227 1411 in
1256 1354 1337 1412 exitu

280 1453 312 1500 10
331 1440 463 1502 eiusdem
482 1439 583 1520 popuii
602 1457 638 1499 ex
656 1438 787 1518 Aegypto
810 1446 945 1499 sescenta
968 1437 1120 1499 homiuum
1144 1438 1222 1498 milia
1246 1439 1354 1501 fuisse·

330 1529 499 1590 reserantur
527 1527 647 1588 bellicae
671 1528 846 1607 iuventutis3
873 1534 907 1587 ut
935 1527 1106 1587 omittamus
1129 1534 1248 1606 gentem
1270 1525 1338 1588 Idu·

331 1635 481 1677 maeorum
502 1633 560 1676 non
579 1617 776 1695 pertinentem
795 1614 831 1675 ad
850 1613 992 1694 populum
1010 1613 1110 1696 lsrael,
1129 1632 1217 1694 quam
1236 1618 1339 1695 genuit

331 1706 422 1765 irater
441 1707 505 1766 eius
523 1703 611 1784 Esau,
633 1721 726 1783 nepos
749 1701 891 1783 Abrahae,
913 1710 944 1763 et
966 1702 1036 1762 alias
1059 1711 1142 1764 natas
1165 1722 1202 1764 ex
1225 1707 1338 1765 semine

331 1795 425 1872 ipsius
447 1791 580 1852 Abrahae
603 1809 663 1852 nou
686 1809 740 1870 per
764 1790 882 1851 Sarrum
906 1792 1062 1869 coniugem
1084 1801 1249 1870 procreato.

281 2049 312 2100 ta
733 2031 849 2098 Oarur
872 2033 927 2098 IX.

331 2165 378 2225 Be
404 2166 494 2237 longa
523 2165 585 2222 utta
612 2163 776 2235 bominum,
804 2178 884 2236 quoe
902 2159 966 2236 suit
987 2168 1059 2223 unte
1081 2165 1226 2224 diluuium
1249 2167 1341 2226 etde

491 2253 637 2327 ampliore
659 2251 858 2310 bumanorum
882 2266 1043 2326 corporum
1063 2250 1174 2326 formu.

420 2375 513 2446 Quam
531 2373 574 2434 -ob
594 2390 657 2432 rem
681 2371 779 2432 nulius
801 2373 934 2451 prudens
956 2390 1056 2433 rerum
1081 2376 1263 2436 existimatur
1286 2376 1339 2438 du·

332 2463 468 2527 bitarerit
491 2462 561 2523 Cain
589 2479 648 2521 uon
676 2459 771 2520 solum
794 2461 935 2540 aliquam,
962 2479 1065 2521 verum
1093 2465 1182 2524 etlam
1204 2482 1339 2543 magnam

279 2564 314 2614 20
332 2553 464 2631 potuisse
492 2550 620 2611 condere
648 2550 808 2628 civitatem,
836 2549 953 2627 quando
981 2551 1011 2610 in
1039 2558 1099 2611 tam
1122 2551 1241 2630 longum
1265 2562 1340 2615 tem·

331 2659 387 2720 pus
415 2637 647 2718 protendebatur
684 2638 741 2696 vita
769 2637 950 2717 mortalium3
983 2638 1039 2699 nisi
1069 2638 1147 2700 sorte
1176 2639 1339 2702 infidelium

332 2730 476 2806 quispiam
509 2745 545 2788 ex
580 2729 643 2806 ipsa
679 2727 891 2786 numerositate
926 2743 1070 2786 annorum
1103 2726 1188 2788 uobis
1224 2731 1341 2809 ingerat

332 2817 550 2895 quaestionem,
580 2831 637 2894 qua
666 2815 774 2874 vixisse
801 2821 873 2874 tuuc
900 2812 1035 2874 homines
1063 2817 1206 2894 scriptum
1235 2826 1282 2878 est
1308 2820 1340 2880 iu

333 2903 557 2965 auctoritatibus
579 2904 705 2982 nostris,
728 2910 757 2962 et
780 2901 837 2962 hoc
860 2910 948 2980 neget
970 2919 1036 2962 esse
1059 2904 1250 2966 credendum.
1296 2905 1341 2968 lta

280 3005 313 3053 25
333 2994 441 3072 quippe
469 3010 528 3052 non
556 2990 681 3051 credunt
709 2991 796 3050 etiam
825 2988 1041 3068 magnitudines
1071 3010 1230 3071 corporum
1252 2993 1340 3074 longe

333 3079 489 3160 ampliores
512 3089 583 3140 tuuc
602 3079 693 3139 inisse
717 3096 803 3156 quam
828 3097 908 3138 nuuc
935 3086 1013 3139 sunt.
1058 3077 1142 3140 Unde
1166 3090 1196 3142 et
1218 3082 1340 3144 nobilis-

333 3171 425 3230 simus
449 3185 552 3228 eorum
579 3176 665 3247 poeta
690 3164 835 3246 Vergiiius
858 3166 894 3225 de
916 3167 1030 3245 ingenti
1052 3167 1166 3251 lapide,
1196 3188 1285 3249 quem
1307 3173 1341 3234 iu

332 3275 470 3335 agrorum
498 3255 590 3316 limite
617 3256 740 3316 insnum
766 3255 812 3314 vir
840 3255 925 3314 tortis
954 3254 1072 3317 iliorum
1096 3266 1262 3336 temporum
1285 3277 1341 3339 pu·

332 3361 425 3424 gnaus
449 3352 478 3406 et
500 3345 598 3422 rapuit
622 3351 652 3404 et
674 3344 807 3404 cucurrit
830 3351 860 3402 et
882 3343 1002 3404 intorsit
1024 3353 1054 3406 et
1077 3347 1171 3407 misit:

403 3468 429 3536 s)
449 3465 517 3520 (ren.
533 3471 562 3552 a,
577 3469 609 3518 at
629 3463 731 3535 (Lxx).
787 3467 832 3535 11)
850 3463 936 3519 uxou
957 3469 999 3532 12,
1014 3469 1056 3517 aa.

403 3629 418 3677 6
445 3623 660 3679 constitueretur
681 3641 698 3678 o
719 3624 729 3692 ΙΙ
753 3628 785 3676 14
808 3624 954 3692 procreato
978 3621 1112 3688 ΗΜ
1141 3626 1220 3677 —tos
1238 3623 1267 3678 R
1294 3627 1341 3692 (ab

331 3695 425 3763 iudeo)
435 3712 466 3760 ας
481 3696 560 3748 —ius
570 3695 598 3750 R
612 3699 658 3762 (m.
670 3699 694 3747 1.
704 3697 785 3760 corr.)
798 3693 902 3762 Gbpu;
916 3695 998 3748 -tae
1012 3694 1039 3747 e¹
1052 3695 1061 3763 [1
1075 3699 1109 3748 24
1124 3694 1340 3751 auctoritatibus

338 3764 537 3832 VRAFQ
556 3764 716 3819 auctoribus
728 3763 864 3831 G'ubpo

386 4072 551 4144 ,Α
