3284 4459
745 495 766 538 S.
781 495 946 539 annosam

701 713 819 781 Ourna
843 713 988 780 XXXIV.

342 845 388 926 Ile
406 845 569 920 prophetia
592 843 729 904 Danielis
752 850 782 905 et
804 843 1015 916 Hiezeobielis,
1037 860 1117 917 auae
1140 845 1171 903 in
1197 841 1348 904 Christum

637 933 856 1006 ecclesiamque
877 932 1053 992 coneordat.

348 1097 351 1124 2
430 1053 463 1116 ln
487 1058 550 1134 ipsa
576 1072 667 1134 porro
691 1053 866 1133 Babyloniae
894 1056 1062 1134 captivitate
1085 1055 1168 1134 prins
1190 1055 1349 1134 propheta.

307 1151 450 1220 inerunt
472 1142 573 1205 Daniel
597 1151 626 1203 et
649 1141 833 1220 Hiezechiel„
847 1141 897 1203 alii
919 1141 1032 1203 scilicet
1055 1141 1114 1205 duo
1136 1161 1174 1204 ex
1196 1143 1351 1222 prophetis

342 1231 510 1304 maioribus.
557 1231 689 1302 Quorum
717 1229 819 1292 Daniel
846 1233 934 1291 etiam
962 1240 1093 1310 tempus,
1122 1249 1181 1310 quo
1204 1240 1350 1292 venturus

341 1317 439 1392 intonat
458 1318 594 1380 Christus
611 1328 699 1398 atque
718 1336 870 1399 possenna,
892 1337 1017 1380 numero
1036 1319 1168 1380 definivit
1189 1337 1351 1400 annornm3

343 1407 422 1490 quod
440 1408 561 1488 longum
580 1414 626 1468 est
648 1407 845 1486 computando
869 1416 1044 1488 monstraro,
1067 1415 1097 1467 et
1119 1406 1155 1468 ab
1179 1407 1242 1468 aliis
1266 1410 1349 1468 tacti·

343 1504 436 1558 tatum
463 1504 511 1557 est
536 1504 603 1557 ante
632 1513 694 1555 nos.
740 1495 782 1556 Do
811 1504 957 1574 potestate
985 1513 1055 1555 vero
1084 1497 1148 1556 eins
1172 1504 1201 1557 et
1224 1495 1350 1556 ecclesia

292 1596 325 1646 ιο
344 1587 387 1646 sio
409 1584 526 1646 locutus
549 1593 608 1646 est:
639 1584 793 1657 Videbam,
815 1585 925 1664 inquit,
949 1587 980 1644 in
1003 1587 1068 1644 risu
1091 1587 1201 1657 noctis,
1224 1593 1255 1646 et
1277 1603 1352 1647 eoae.

345 1690 413 1735 oum
436 1674 565 1735 nubibus
587 1675 669 1734 caeli
688 1679 723 1732 ut
740 1675 825 1745 tilius
847 1673 975 1732 bominis
996 1675 1120 1735 ueniens
1142 1680 1224 1747 erat,
1248 1680 1279 1734 et
1299 1691 1349 1738 us·

343 1779 401 1836 que
428 1763 471 1821 act
496 1768 641 1822 uetustum
669 1763 788 1821 dierum
811 1763 965 1837 peruenit,
993 1766 1022 1820 et
1044 1763 1076 1820 in
1099 1767 1261 1837 conspeetu
1284 1765 1350 1823 eius

340 1853 499 1926 praelatus
526 1857 586 1920 est,·
613 1857 644 1910 et
669 1851 729 1925 ipsi
754 1850 846 1911 datus
868 1855 913 1909 est
931 1851 1125 1924 principatus
1148 1858 1177 1909 et
1199 1851 1297 1910 bonor
1320 1857 1351 1913 et
1462 1880 1463 1885 ο

343 1953 484 2012 reanum,
510 1945 541 2001 ot
568 1955 669 1998 omnes
695 1939 813 2014 populi,
845 1938 955 2011 tribus,
982 1939 1106 2010 linquae
1129 1940 1187 2013 s‘psi
1207 1941 1353 2000 servienti

292 2035 325 2086 ιο
344 2026 481 2090 Potestas
508 2027 573 2088 aus
595 2031 729 2102 potestas
751 2032 917 2102 perpetua,
944 2041 1024 2100 quae
1051 2041 1112 2086 non
1140 2027 1296 2100 transibit,
1321 2033 1355 2087 et.

343 2131 472 2189 reanum
494 2116 566 2180 eius,
580 2131 641 2175 non
662 2120 884 2190 corrumpetur.
1348 2143 1352 2148 -

432 2200 598 2265 Hiezoohiel
626 2219 744 2280 qnoque
774 2219 857 2262 more
879 2201 1053 2280 prophetico
1076 2220 1130 2280 per
1153 2201 1243 2263 David
1266 2201 1355 2262 Chri·-

317 2325 325 2360 η
344 2299 422 2353 stum
446 2291 621 2370 significans,
644 2292 712 2368 quia
735 2307 856 2350 earnem
878 2289 915 2350 de
937 2289 1026 2350 David
1051 2292 1163 2350 semine
1186 2290 1351 2369 adsumpsit

345 2373 482 2462 (propter
505 2396 592 2458 quam
615 2379 740 2438 sormam
763 2379 851 2459 servi,
873 2395 930 2455 qna
954 2378 1048 2461 iactus
1071 2378 1237 2460 anthonio,
1261 2381 1350 2439 etiam

292 2480 326 2529 20
345 2485 449 2528 servus
471 2466 524 2527 Dei
547 2467 656 2530 dicitnr
678 2465 756 2526 idem
779 2465 833 2526 Dei
855 2460 961 2546 tilius),
988 2468 1032 2525 sio
1054 2484 1123 2526 enm
1145 2467 1352 2546 prophetando

344 2557 532 2635 praenuntiat
560 2573 596 2614 ex
612 2571 749 2633 ¹persona
772 2551 826 2613 Dei
852 2552 961 2616 Patris:
988 2555 1029 2614 Et
1049 2557 1215 2630 suscitabo,
1242 2559 1352 2637 inquit,

343 2662 436 2720 super
451 2659 568 2718 peoora
585 2659 653 2704 mea
668 2648 823 2717 pastorem
840 2659 933 2701 unum
955 2645 1010 2716 aui
1026 2652 1137 2720 poseat
1160 2661 1206 2718 eo,
1228 2663 1357 2708 seruum

344 2747 441 2792 meum
459 2731 576 2801 Booid;
598 2737 628 2792 et
646 2733 710 2806 ipse
723 2737 833 2805 pascet
849 2747 887 2793 ea
910 2738 940 2790 et
961 2734 1024 2807 epse
1046 2734 1107 2795 erit
1124 2733 1174 2792 bis
1194 2735 1226 2794 in
1245 2742 1357 2811 pasto,

344 2837 418 2888 rern.¹
462 2819 528 2893 Eoo
556 2826 656 2881 autem
683 2817 828 2878 Dominus
856 2833 910 2878 ero
933 2821 1032 2878 eisin
1053 2821 1164 2894 Deum,
1191 2828 1222 2882 et
1242 2838 1352 2883 servus

292 2917 326 2968 no
344 2923 427 2970 meus
450 2907 553 2968 Dauid
570 2910 714 2982 princeps
737 2909 768 2966 in
792 2908 889 2967 mealia
912 2923 1034 2977 eorum,-
1052 2925 1115 2982 eao
1138 2910 1284 2970 Dominus
1306 2914 1349 2972 lo

346 3003 434 3056 cutus
452 3011 524 3055 sum.
570 2993 608 3054 Et
626 2993 681 3053 alio
700 2993 780 3054 loco:
804 2995 844 3054 Et
865 3011 932 3066 reu,
954 2996 1061 3073 inquit,
1081 3013 1161 3057 unus
1178 3001 1239 3057 erit
1254 3002 1357 3059 omni·

346 3085 400 3145 bus
423 3086 593 3159 imperans,·
620 3090 649 3142 et
675 3099 735 3142 non
757 3090 850 3144 erunt
871 3084 954 3141 ultra
977 3085 1196 3159 innoeentes,
1222 3104 1280 3146 neo
1303 3088 1350 3148 di-

344 3173 484 3232 videntur
511 3172 638 3258 amplius
665 3173 697 3230 in
725 3171 784 3230 duo
814 3186 928 3244 reona;
953 3164 1050 3245 neque
1069 3175 1243 3248 polluentur
1265 3179 1359 3236 ultra.
1462 3222 1463 3235 ,

345 3261 482 3320 initialis
504 3261 616 3320 suiset
637 3259 908 3319 abominationibus
931 3265 962 3318 et
983 3261 1014 3318 ia
1040 3263 1158 3321 eunetis
1181 3264 1361 3336 iniquitati-1
1462 3256 1463 3341 ᾖ

291 3358 326 3408 30
345 3349 400 3409 bus
417 3350 488 3408 suis.
533 3346 574 3407 Et
590 3349 688 3408 salvos
706 3363 756 3408 eos
770 3344 889 3421 sociam
907 3346 945 3406 cle
963 3349 1111 3408 uniuersis
1131 3351 1254 3411 sedibus
1276 3355 1351 3426 suis,

411 3468 457 3534 16)
471 3466 544 3520 Dan.
565 3474 588 3535 7,
606 3473 638 3521 13
648 3485 689 3536 sq
735 3470 779 3538 2⁶)
797 3467 928 3522 Hieneoh.
948 3473 991 3534 34,
1006 3473 1089 3536 iisq.

365 3623 566 3678 tacelosis
583 3625 758 3752 RAGappss
776 3625 912 3682 ecelesiae
927 3625 1028 3692 Fnbe3
1047 3625 1201 3698 gloriani
1219 3631 1252 3682 13
1271 3643 1355 3696 p-rne

340 3694 420 3748 latua
443 3695 497 3765 ont]
519 3713 609 3764 προση
611 3717 627 3749 ν
628 3694 711 3767 ἔθη
722 3697 779 3755 ooli.
800 3697 937 3765 Marah(
928 3697 959 3765 (u
960 3668 1100 3767 ροηέἔχθη
1106 3698 1173 3764 ies
1170 3701 1259 3766 ,17θ,
1271 3645 1325 3768 1ii)
1336 3689 1463 3838 {³

343 3770 376 3818 14
394 3764 435 3817 lm
436 3781 509 3834 ne
527 3717 692 3837 Ranae
709 3765 836 3822 utoodri
851 3767 930 3820 Alea
946 3766 1067 3833 Moreb.;
1060 3767 1201 3838 ·otling
1216 3769 1326 3837 ποθρο

343 3839 376 3887 23
395 3834 435 3888 oin
453 3852 469 3889 a
436 3782 496 3904 gun
514 3841 548 3889 ib
565 3853 684 3904 quorum
673 3784 731 3890 qR
748 3839 757 3905 ΙΙ
776 3841 808 3890 29
829 3836 1099 3890 abominationibus
1096 3839 1160 3891 suia
1179 3855 1219 3893 on
