3284 4459
333 484 398 548 526
739 497 760 537 s.
774 496 941 539 anensem

333 636 365 693 in
387 631 512 693 eeclesia
535 630 677 691 catholiea
700 630 975 710 perseverantibus,
998 634 1132 708 quamvis
1155 634 1186 691 in
1209 650 1243 691 ea
1267 631 1345 692 male

334 719 516 794 virentibus,
543 719 600 778 hoc
622 721 812 798 promittunt,
839 737 894 797 per
917 721 1015 795 ignem
1037 719 1174 780 videlieet
1197 719 1345 780 salvandis

334 811 441 869 merita
468 807 665 888 fundamenti,
693 807 730 867 de
758 825 816 885 quo
840 809 881 866 ait
903 806 1068 886 apostolus.
1099 808 1346 869 Fundamentum

334 901 412 958 enim
435 899 522 957 atiud
543 913 628 956 nemo
648 902 747 971 potest
762 912 878 972 ponere
896 903 1024 971 praeter
1047 898 1089 971 id,
1111 899 1194 971 qaod
1210 900 1345 972 positam

298 992 390 1058 aest,
422 988 504 1059 qaod
530 958 575 1045 est
605 985 741 1044 Christus
770 985 863 1043 Iesus.
909 984 945 1043 Si
971 987 1038 1058 qais
1067 992 1168 1044 autem
1197 988 1345 1058 aedificat

333 1091 426 1149 saper
445 1072 676 1148 fundamentum
699 1090 822 1145 aarum,
850 1079 1025 1145 araentam,
1049 1075 1164 1148 lapides
1184 1077 1344 1150 pretiosos,

333 1166 430 1241 tiana,
450 1161 568 1236 fenam,
596 1164 751 1235 stipulam:
777 1164 1016 1234 aniascaiasqae
1039 1178 1113 1236 opas
1135 1160 1343 1237 manifestabi-

334 1260 401 1321 tar;
429 1253 493 1310 dies
516 1253 594 1310 enim
626 1250 808 1322 declarabit,
835 1251 979 1323 qnoniam
1001 1251 1032 1308 in
1056 1252 1125 1322 iane
1147 1251 1344 1323 revelabitur,

334 1347 362 1399 et
381 1341 619 1412 aniascaiasqae
637 1355 711 1412 opas
729 1340 819 1411 quale
841 1340 882 1396 sit
899 1339 978 1410 ionis
996 1339 1149 1413 probabit.
1195 1338 1232 1398 Si
1253 1341 1343 1399 enias

284 1439 314 1486 10
333 1446 408 1503 opas
415 1432 623 1507 permanserit
636 1430 719 1503 qaod
729 1430 1007 1503 superaedificavit,
1021 1432 1189 1489 mercedem
1202 1429 1343 1502 accipiet.

334 1517 370 1575 Si
400 1519 488 1577 enias
520 1521 620 1574 antem
652 1531 726 1589 opas
758 1516 887 1587 arserit,
920 1516 1064 1573 domnam
1090 1517 1246 1589 patietar;
1278 1517 1343 1590 ipse

334 1611 434 1664 antem
462 1605 564 1662 salvas
590 1604 661 1674 erit,
688 1604 733 1661 sic
761 1608 861 1661 tamen
890 1605 981 1675 qnasi
997 1620 1057 1677 per
1080 1605 1187 1675 ionem.
1233 1601 1344 1662 Dicunt

335 1709 405 1769 erga
442 1688 601 1750 cuiuslibet
635 1692 711 1749 ritae
748 1688 924 1749 catholicum
958 1688 1158 1749 Christianum
1190 1688 1343 1750 Christum

333 1779 441 1839 habere
464 1780 496 1837 in
519 1776 723 1857 fundamenta,
750 1777 830 1856 quod
861 1776 1084 1838 fundamentum
1108 1777 1186 1838 nuila
1209 1778 1344 1839 haeresis

281 1867 422 1928 lababat
450 1884 467 1925 a
495 1868 630 1943 eorporis
657 1868 721 1925 eius
750 1868 864 1925 unitate
894 1868 1039 1946 praecisa,
1067 1873 1097 1925 et
1125 1866 1191 1926 idea
1219 1874 1344 1946 propter

333 1955 390 2015 hoc
420 1954 658 2029 fundamentum,
688 1955 803 2014 etiarnsi
836 1952 927 2013 maiae
957 1956 1032 2014 vitae
1061 1954 1152 2014 suerit
1179 1953 1344 2015 catholicus

333 2043 531 2123 Christianus,
554 2041 635 2101 velut
656 2045 708 2119 qui
731 2042 1019 2120 superaedificaverit
1041 2041 1133 2123 ligna,
1157 2042 1267 2123 senum,
1291 2046 1345 2103 sti·

332 2131 445 2211 puiam,
471 2139 577 2209 putant
604 2148 673 2190 eum
701 2128 813 2189 salvum
841 2130 906 2189 fieri
935 2148 990 2209 per
1011 2132 1123 2209 ignem,
1153 2130 1182 2190 id
1206 2138 1252 2190 est
1274 2140 1345 2210 post

332 2238 443 2298 paenas
473 2220 552 2297 ignis
582 2217 661 2279 illius
692 2216 826 2298 liberari,
858 2235 917 2296 quo
945 2220 1012 2297 igne
1039 2220 1070 2278 in
1099 2217 1202 2278 ultimo
1231 2219 1344 2280 iudicio

280 2321 314 2369 20
332 2309 495 2387 punientur
518 2305 595 2367 mali.

715 2529 834 2596 Garun·
858 2530 960 2595 XXIL

333 2664 380 2723 De
397 2663 453 2741 itis,
476 2664 530 2735 qai
543 2666 656 2737 patant
676 2676 714 2719 ea
736 2661 876 2732 crimina,
899 2676 979 2733 qaae
1001 2662 1081 2720 inter
1103 2664 1345 2738 elemosynarum

430 2765 524 2824 opera
547 2751 780 2820 committantur,
804 2749 848 2807 ad
869 2749 1072 2808 damnationis
1094 2750 1241 2809 indiciam

739 2852 798 2895 non
821 2852 935 2895 vocari.

282 2992 314 3038 aa
423 2974 561 3054 Compei-i
599 2976 687 3035 etiam
726 2976 868 3053 quosdam
907 2983 1012 3054 putare
1051 2994 1102 3035 eas
1139 2979 1344 3039 tantummodo

334 3083 455 3127 arsuras
481 3063 560 3125 iliius
587 3065 760 3123 aeternitate
789 3062 938 3143 supplicii,
966 3065 1017 3141 qui
1044 3081 1098 3142 pro
1126 3066 1256 3143 peccatis
1279 3070 1344 3127 suis

335 3156 431 3215 iacere
459 3151 562 3229 dignas
592 3150 773 3229 elemosynas
805 3150 978 3231 neglegunt,
1007 3153 1088 3211 iuxta
1115 3152 1187 3213 illud
1217 3155 1345 3233 apastoli

333 3241 445 3303 larabi:
477 3240 630 3300 Indicium
657 3247 757 3299 antem
784 3243 852 3300 sine
877 3242 1091 3300 misericordia
1118 3244 1178 3316 iiii,
1206 3245 1261 3317 qai
1280 3260 1344 3304 non

402 3364 445 3432 12)
465 3369 489 3415 1.
509 3360 569 3415 Cor.
589 3365 731 3428 3,1lsqq.

402 3537 653 3591 tfundameninm
676 3534 812 3605 Rideam
835 3532 960 3586 fundam.
983 3534 1037 3587 hoe
1060 3532 1345 3601 (1111191091-

330 3607 466 3662 manserit
483 3606 673 3676 AabeqpaE
691 3609 766 3673 (541,
779 3607 844 3672 22);
862 3602 998 3657 manserit
1011 3604 1061 3657 Ra
1080 3605 1088 3671 ii
1109 3608 1140 3657 11
1160 3619 1204 3671 op.
1221 3605 1278 3655 aui
1293 3604 1345 3669 ῠυς

330 3680 365 3743 ci.
381 3682 443 3743 541,
456 3682 509 3743 25;
527 3679 623 3731 autem
640 3692 690 3729 am
707 3675 803 3730 Graec
817 3676 827 3743 ΙΙ
843 3678 875 3729 18
893 3674 969 3743 posi]
987 3690 1037 3741 per
1050 3674 1101 3742 ΕΙΙ
1116 3678 1149 3726 27
1169 3674 1345 3741 elemosynas

332 3749 468 3818 RAae93
488 3746 652 3801 elemosinas
673 3745 734 3811 Gn·
753 3743 914 3799 elimosinas
934 3745 985 3813 bp3
1005 3742 1230 3812 eleemosynasa
