3284 4459
562 536 602 577 nn
617 536 760 577 ormrnrn
774 536 828 576 nar
842 536 867 575 1..
882 535 946 575 x1x.
960 535 983 576 o.
997 537 1029 575 1a.
1230 520 1270 582 37
1276 519 1292 581 7

287 689 346 751 que
375 674 545 752 consensio,
572 687 628 751 pax
656 673 789 748 corporis
818 679 848 731 et
875 673 988 730 animae
1016 669 1148 729 ordinata
1180 671 1237 728 vita
1266 677 1295 728 et

288 760 367 820 salus
392 761 562 839 animantis,
589 777 645 838 pax
674 757 801 818 bominis
826 759 957 818 mortalis
980 767 1010 818 et
1033 757 1086 817 llei
1108 755 1241 816 ordinata
1264 758 1295 816 in

287 849 345 908 fide
370 847 425 909 sub
449 857 568 908 aeterna
592 847 655 926 lege
680 846 878 928 oboedientia,
906 865 962 926 pax
985 845 1138 906 bominum
1162 845 1295 904 ordinata

289 936 456 1017 concordia,
478 955 533 1016 pax
553 935 658 996 domus
677 935 809 996 ordinata
829 935 993 1014 imperandi
1012 943 1100 1012 atque
1120 932 1296 994 oboediendi

287 1024 446 1086 concordia
469 1025 714 1104 cohabitantium,
742 1042 797 1102 pax
825 1026 951 1084 civitatis
974 1023 1107 1083 ordinata
1131 1021 1330 1101 imperandis

288 1123 377 1192 atque
400 1112 576 1174 oboediendi
600 1112 756 1172 concordia
781 1114 902 1192 civium,
932 1130 988 1190 pax
1001 1111 1147 1171 'caelestis
1170 1111 1295 1170 civitatis

289 1202 505 1262 ordinatissima
539 1209 568 1261 et
600 1200 830 1261 concordissima
866 1203 991 1260 societas
1023 1198 1141 1258 fruendi
1173 1197 1234 1257 [leo
1266 1205 1297 1258 et

288 1293 415 1350 invicem
438 1291 469 1349 in
493 1289 568 1370 Deo,
597 1307 653 1368 pax
676 1291 808 1349 omnium
832 1307 932 1349 rerum
956 1287 1152 1365 tranquillitas
1175 1286 1296 1345 ordinis.

289 1377 370 1439 Ordo
403 1387 448 1438 est
482 1380 596 1457 parium
628 1378 849 1456 dispariumque
880 1395 980 1437 rerum
1013 1394 1065 1436 sua
1095 1377 1203 1452 crrique
1233 1373 1296 1433 loca

288 1466 425 1528 tribuens
457 1466 619 1545 dispositio.
665 1465 792 1525 Proinde
826 1467 942 1546 miseri,
974 1466 1057 1544 qula,
1089 1466 1119 1523 in
1153 1471 1348 1541 quantum10

290 1557 391 1615 miseri
415 1563 497 1634 sunt,
524 1557 628 1632 utique
653 1555 683 1613 in
706 1573 778 1632 pace
802 1571 861 1613 nou
884 1562 968 1633 sunt,
998 1551 1208 1630 tranquillitate
1233 1552 1295 1628 qui·

290 1642 358 1703 dem
390 1643 502 1703 ordinis
533 1651 651 1723 carent,
687 1643 739 1702 ubi
775 1640 959 1720 perturbatio
993 1640 1072 1700 nulla
1104 1649 1162 1721 est;
1194 1656 1296 1699 verum

289 1741 389 1792 tamen
419 1733 487 1809 quia
518 1733 623 1792 merito
651 1733 786 1809 iusteque
816 1738 885 1790 sunt
912 1732 1029 1810 miseri,
1058 1731 1088 1788 in
1117 1746 1151 1789 ea
1179 1745 1296 1806 quoque

290 1823 353 1898 ipsa
377 1821 495 1879 miseria
524 1837 576 1880 sua
606 1829 723 1898 praeter
746 1817 881 1878 ordinem
905 1837 969 1878 esse
994 1836 1053 1878 non
1076 1825 1215 1896 possunt,
1238 1834 1297 1876 non

291 1908 409 1987 quidem
440 1909 591 1968 coniuncti
618 1906 727 1987 beatis,
758 1907 808 1967 sed
837 1906 873 1967 ab
902 1909 944 1966 eis
972 1916 1068 1967 tamen
1097 1906 1210 1965 ordinis
1232 1905 1297 1982 lege
1317 1911 1350 1962 ta

291 1998 426 2056 seiuncti.
464 1995 521 2066 Qut
540 2013 607 2056 cum
627 1998 690 2056 sine
710 1993 932 2074 perturbatione
956 2003 1034 2075 sunt,
1058 1994 1156 2074 rebus,
1179 1996 1210 2054 in
1234 1995 1297 2071 qui·

290 2084 347 2145 bus
380 2091 464 2164 sum,
493 2093 728 2162 quantacumque
758 2085 949 2160 corrgruentia
973 2092 1160 2162 coaptantur3
1188 2099 1222 2142 ac
1245 2099 1299 2159 per

291 2172 348 2233 boc
379 2175 456 2232 inest
488 2175 531 2232 eis
561 2173 673 2233 ordinis
705 2171 844 2231 nonnulla
875 2171 1086 2251 tranquillitas,
1118 2173 1196 2230 inest
1227 2188 1297 2247 ergo

292 2260 432 2321 nonnulla
455 2279 519 2340 pax.
565 2259 674 2320 Verum
697 2261 763 2320 ideo
788 2262 889 2320 miseri
913 2269 991 2340 sunt,
1014 2262 1091 2339 quia,
1115 2261 1170 2318 etsi
1194 2260 1224 2316 iu
1248 2259 1297 2316 ali·

292 2367 350 2428 qua
374 2351 532 2410 securitate
561 2367 620 2408 nort
648 2348 763 2428 dolent,
793 2356 974 2408 nontamen
998 2346 1039 2407 ibi
1063 2355 1147 2426 sunt,
1179 2345 1230 2406 ubi
1254 2363 1298 2405 se·
1318 2355 1352 2404 20

293 2438 358 2498 curi
389 2454 454 2497 csse
485 2455 519 2497 ac
549 2436 648 2496 dolere
677 2455 736 2497 non
767 2436 906 2515 debeant3
937 2437 1106 2496 miseriores
1129 2443 1244 2513 autem,
1273 2435 1299 2492 si

292 2535 349 2604 pax
380 2527 423 2586 eis
450 2543 518 2585 cum
548 2527 610 2603 ipsa
639 2525 703 2604 lege
732 2543 790 2584 non
819 2533 878 2605 est,
908 2542 966 2602 qua
989 2523 1130 2584 naturalis
1153 2523 1226 2583 ordo
1250 2522 1298 2581 ad·

293 2616 486 2674 ministratur.
534 2612 607 2673 Cum
639 2622 738 2673 autem
770 2612 885 2692 dolent,
917 2631 953 2672 ex
986 2631 1043 2691 qua
1075 2621 1157 2690 parte
1191 2611 1299 2691 dolent,

294 2704 374 2781 pacis
403 2700 588 2781 perturbatio
620 2702 694 2762 lacta
725 2711 782 2780 est,
812 2704 843 2761 in
872 2701 919 2760 illa
947 2718 1017 2760 vero
1048 2701 1143 2761 adbuc
1166 2718 1222 2779 pax
1246 2708 1300 2779 est,

294 2793 324 2850 iu
344 2808 401 2868 qua
420 2807 476 2850 nec
494 2789 578 2849 dolor
601 2793 662 2850 urit
686 2808 739 2850 nec
763 2808 904 2869 compago
928 2792 990 2868 ipsa
1013 2788 1191 2849 dissolvitur.
1237 2788 1299 2848 Sic·
1319 2799 1353 2848 25

294 2886 328 2939 ut
352 2896 422 2956 ergo
451 2887 497 2938 est
520 2876 661 2956 quaedam
689 2880 747 2938 vita
778 2881 841 2938 sine
865 2877 980 2958 dolore,
1008 2877 1091 2937 dolor
1115 2885 1214 2937 autem
1236 2879 1300 2937 sine

295 2966 392 3044 aliqua
421 2968 479 3025 vita
510 2983 574 3026 esse
605 2983 665 3026 non
692 2975 803 3045 potest:
834 2969 877 3026 sic
908 2974 954 3025 est
981 2966 1123 3043 quaedam
1150 2984 1206 3045 par
1237 2967 1300 3025 sine

295 3054 355 3114 ullo
379 3053 469 3133 bello,
491 3052 601 3113 bellum
625 3071 694 3114 vero
717 3073 783 3115 esse
807 3057 870 3114 siue
895 3055 989 3132 aliqua
1013 3072 1084 3133 pace
1108 3072 1168 3114 uon
1191 3061 1301 3133 potest3

295 3160 354 3202 non
385 3141 549 3202 secundum
579 3141 625 3223 id,
657 3143 735 3221 quod
763 3143 872 3203 bellum
901 3152 961 3221 cst,
994 3142 1045 3202 sed
1077 3142 1240 3202 secuudum
1262 3141 1301 3221 id,

295 3229 374 3309 quod
399 3229 435 3290 ab
453 3233 496 3290 cis
515 3229 561 3290 vel
579 3231 609 3290 in
629 3232 672 3289 eis
690 3233 814 3311 geritur,
837 3249 911 3310 quae
936 3230 1049 3308 aliquae
1072 3239 1195 3290 naturae
1219 3237 1301 3307 sunt3
1320 3238 1355 3287 30

295 3317 375 3396 quod
403 3318 483 3378 nrrllo
512 3317 599 3378 modo
628 3328 740 3394 essent,
769 3322 794 3380 si
824 3338 883 3379 non
907 3318 1114 3397 qualicumque
1138 3337 1209 3397 pace
1233 3315 1301 3377 sub·

296 3409 446 3466 sisterent.

386 3493 572 3574 Quapropter
591 3503 637 3554 est
655 3503 768 3575 natura,
791 3496 898 3573 inqua
922 3495 1035 3555 nullum
1057 3495 1166 3555 malum
1189 3502 1235 3553 est
1257 3493 1302 3552 vel

296 3583 385 3642 etiam
408 3585 438 3641 in
462 3600 519 3660 qua
542 3582 655 3642 nullum
684 3601 749 3642 esse
772 3582 880 3643 malum
903 3591 1014 3662 potest3
1042 3601 1108 3644 esse
1131 3590 1229 3642 autem
1252 3600 1301 3641 ua-

365 3745 382 3792 4
397 3736 592 3820 atqueoboed.
603 3738 665 3802 Ro3
680 3735 904 3818 oboediendique
915 3736 1051 3837 Achp3
1066 3737 1257 3819 operandique
1270 3739 1306 3808 ’τι

292 3816 328 3865 15
351 3809 503 3880 consancta]
524 3825 587 3862 cum
605 3807 647 3861 R¹
660 3809 669 3877 ΙΙ
684 3812 717 3860 16
736 3805 949 3860 conturbauone
968 3807 995 3860 R
1021 3810 1079 3875 1118
1099 3810 1142 3860 est
1159 3824 1189 3860 m
1208 3823 1248 3862 e1s
1263 3825 1306 3877 pv
