3284 4459
325 489 388 554 152
710 538 713 546 .
730 502 935 547 s.euooerm1
1024 547 1027 551 .

323 655 356 698 se
377 645 536 717 praecepto
559 636 626 719 Dei,
649 645 680 698 et
702 637 769 699 inde
793 639 890 700 exisse
913 640 1151 717 septuagensimo
1174 646 1206 700 et
1227 641 1341 717 quinto.

299 727 387 806 ‘suo‚
409 727 502 805 patrie
520 733 619 788 autem
638 727 684 786 sui
703 728 887 786 centensimo
905 725 1151 805 quadragensimo
1174 735 1205 788 et
1227 730 1337 806 qtrioto

323 829 408 874 auno.
454 812 692 875 Conlocationem
723 831 794 874 vero
821 816 887 876 eius
919 816 950 874 in
977 822 1057 875 terra
1087 813 1240 896 chanaan,
1271 834 1337 876 uon

323 901 538 981 protectionem
566 901 601 962 de
626 901 736 962 Charra
763 911 832 981 post
858 911 983 964 mortem
1011 905 1104 982 patris
1132 905 1197 964 eius
1225 905 1338 966 laetam

289 1003 304 1052 5
323 1007 389 1050 esse
408 989 488 1072 dicit,
511 992 579 1070 quia
597 992 655 1051 iam
673 998 809 1052 mortuus
828 1001 893 1052 erat
914 999 999 1071 pater
1020 993 1096 1072 eius,
1118 990 1236 1070 quiando
1260 995 1339 1054 omit

324 1086 447 1158 terram,
481 1080 565 1140 euius
597 1077 639 1139 ibi
670 1081 727 1138 iam
760 1097 831 1140 suae
863 1081 908 1139 rei
939 1082 1038 1158 eoepit
1069 1097 1136 1140 esse
1167 1098 1333 1160 possessor»

324 1165 409 1236 Quod
433 1175 531 1228 autem
554 1169 611 1226 iam
634 1169 665 1228 in
687 1165 897 1246 Mesopotamia
919 1169 1095 1249 constituto,
1125 1167 1182 1228 hoo
1204 1177 1251 1229 est
1273 1171 1334 1230 iam

324 1272 444 1333 egresso
467 1254 504 1315 de
527 1263 607 1316 terra
630 1253 857 1337 Chaldaeorum,
880 1255 952 1317 dieit
973 1254 1066 1318 Bous:
1098 1257 1162 1316 Exi
1184 1259 1222 1318 de
1244 1265 1336 1318 terra

323 1351 377 1404 tuo
400 1351 430 1404 et
451 1345 489 1404 de
511 1347 692 1418 eoonouone
713 1351 767 1404 tuo
790 1351 820 1404 et
842 1347 880 1405 de
902 1347 990 1406 domo
1008 1348 1109 1421 potres
1132 1348 1192 1419 tui,
1215 1364 1274 1406 non
1298 1354 1337 1406 ut

272 1447 305 1494 10
324 1449 433 1511 eorpus
460 1431 529 1492 inde
558 1433 684 1511 eiceret,
710 1431 788 1511 quod
816 1434 874 1493 iam
907 1433 1031 1507 iecerat,
1060 1433 1111 1494 sed
1139 1442 1173 1494 ut
1200 1435 1334 1496 animum

323 1519 475 1601 avelleret,
503 1518 619 1580 dieitur.
665 1518 730 1580 Non
760 1521 840 1584 enim
864 1522 976 1583 exierat
997 1520 1066 1581 inde
1089 1523 1201 1596 animo,
1228 1524 1254 1582 si
1277 1540 1333 1601 spe

323 1607 467 1668 redeundi
490 1615 520 1668 et
541 1606 690 1668 desiderio
713 1607 885 1690 tenebatur,
908 1627 983 1688 quae
1007 1627 1075 1690 spes
1098 1618 1129 1670 et
1150 1609 1336 1671 desiderium

323 1694 384 1756 Deo
410 1694 532 1756 iubente
559 1713 593 1756 ao
622 1698 740 1758 iuvante
768 1704 798 1757 et
827 1695 878 1758 illo
905 1696 1081 1759 oboedieute
1110 1697 1208 1759 iuerat
1229 1716 1335 1778 ampu-

323 1783 453 1844 tandum.
498 1781 563 1844 Non
587 1801 657 1844 sane
679 1783 892 1846 incredibiliter
914 1787 1116 1866 existimatur,
1138 1803 1208 1848 eum
1229 1794 1336 1866 postea

272 1886 305 1935 15
324 1880 444 1933 secutus
473 1879 552 1932 esset
574 1870 691 1932 Naehor
718 1881 833 1951 patrem
855 1891 957 1954 suum,
985 1882 1057 1934 tuno
1078 1873 1225 1935 aorauam
1247 1892 1334 1954 prae·

324 1970 443 2040 ceptum
469 1959 586 2020 Domini
613 1960 764 2039 implesse,
792 1969 826 2022 ut
853 1980 921 2024 oum
949 1961 1038 2022 Sarra
1064 1954 1190 2042 coniuge
1217 1980 1271 2024 sua
1301 1970 1339 2024 et

322 2046 399 2108 Loth
421 2047 481 2110 lilio
505 2047 605 2110 fratris
628 2051 675 2110 eui
698 2051 792 2110 exiret
814 2048 852 2110 de
876 2048 994 2111 Charra.

714 2271 833 2340 Carur
851 2269 939 2340 XVI.

324 2403 370 2464 De
388 2404 496 2463 ordine
512 2407 542 2464 et
563 2404 712 2476 qualitate
730 2405 963 2478 promissionum
981 2404 1047 2477 oet,
1070 2421 1150 2479 quae
1172 2379 1216 2465 od
1232 2374 1340 2465 aldro-¹

271 2502 305 2551 20
676 2492 746 2550 dom
766 2488 875 2566 saetae
894 2498 973 2552 sunt.

411 2612 472 2672 lam
498 2611 729 2673 considerandae
759 2620 830 2672 sunt
855 2615 1068 2692 promissiones
1090 2613 1144 2674 llei
1171 2614 1267 2675 laetae
1296 2615 1336 2676 ad

323 2699 477 2760 Abraham.
522 2699 555 2760 ln
578 2699 625 2759 his
648 2702 726 2761 enim
750 2703 896 2780 apertiora
920 2700 973 2762 liei
995 2704 1106 2784 nostri,
1128 2700 1185 2763 hoo
1208 2710 1256 2763 est
1278 2702 1335 2764 liei

323 2791 395 2870 veri,
418 2787 535 2848 oracula
554 2805 696 2867 apparere
715 2796 879 2868 coeperunt
901 2789 937 2849 de
960 2789 1069 2870 populo
1093 2793 1220 2871 piorum,
1242 2809 1335 2870 quem

324 2876 496 2956 prophetica
532 2877 749 2955 praenuntiavit
785 2879 955 2938 auotoritas.
1009 2877 1121 2939 Harum
1158 2881 1253 2959 prima
1291 2881 1335 2940 ita

270 2976 306 3026 25
323 2964 444 3044 legitur:
467 2964 508 3026 Et
529 2966 610 3024 dieii
631 2965 776 3024 Dominus
799 2967 843 3025 od
864 2965 993 3026 Adrum:
1020 2967 1085 3026 Exi
1106 2969 1145 3028 de
1167 2974 1254 3028 terro
1277 2975 1336 3029 tuo

324 3059 354 3113 et
376 3055 414 3113 de
436 3055 616 3128 corrutione
643 3059 696 3112 too
728 3059 758 3112 et
785 3055 824 3113 de
846 3056 932 3114 domo
950 3057 1053 3130 patris
1075 3058 1122 3115 tui
1148 3062 1179 3116 et
1199 3057 1278 3117 vade
1299 3059 1336 3117 in

324 3147 452 3214 terrum,
481 3156 572 3215 quom
599 3141 655 3201 tilii
676 3142 937 3212 demonstrarem
965 3149 995 3203 et
1013 3141 1131 3217 sociem
1153 3150 1183 3204 te
1204 3146 1237 3204 in
1257 3162 1334 3220 oen·

324 3235 382 3290 tem
400 3244 542 3304 moenam
559 3235 589 3288 et
606 3229 828 3289 benedicente
846 3235 877 3290 et
893 3231 1095 3305 moqnifioodo
1114 3248 1220 3292 nomen
1240 3242 1337 3309 tuum,

324 3320 433 3378 eteris
451 3317 634 3389 benedictus,
658 3324 688 3377 et
705 3317 882 3378 benedicam
905 3319 1114 3380 benedicentes
1137 3326 1167 3380 te
1189 3326 1220 3381 et
1241 3323 1334 3382 mole-

269 3417 306 3468 30
325 3407 458 3466 dieentes
481 3411 510 3464 te
532 3407 728 3478 maledicam,
752 3412 782 3465 et
805 3406 1025 3468 benedicentur
1047 3411 1079 3468 in
1102 3415 1132 3470 te
1154 3424 1255 3470 omnes
1277 3412 1334 3470 tri-

396 3523 423 3591 9)
442 3519 510 3575 Gen.
531 3528 573 3591 tt,
589 3529 612 3576 1.

396 3647 461 3699 tet
478 3663 546 3712 mao;
564 3661 614 3701 om.
633 3648 676 3716 oll
694 3652 728 3700 25
742 3653 767 3703 et
782 3653 887 3714 16313
905 3648 1043 3702 abraham
1062 3648 1341 3718 renuntiaret

323 3715 396 3771 rede
413 3731 464 3770 om.
485 3717 565 3787 7129
581 3723 613 3771 ut
631 3717 707 3798 codd.
722 3719 800 3772 Alex.
817 3719 920 3774 witon
940 3720 1059 3775 otOient
1075 3720 1154 3774 Rom.
1173 3720 1270 3774 1..Oor
1285 3724 1339 3816 103·

323 3789 371 3842 sed
389 3787 422 3854 os.
443 3791 505 3853 153,
518 3791 548 3853 43
568 3789 597 3840 et
614 3787 679 3841 ueni
694 3805 729 3856 p·
748 3790 782 3855 of.
802 3794 864 3856 151
879 3793 915 3843 12
933 3796 959 3844 et
977 3791 1089 3860 Vulp.
1327 3831 1330 3839 .
