3284 4459
548 519 589 561 nu
603 518 745 560 omraru
759 519 814 559 nm
827 519 853 559 n.
866 520 943 560 xxm.
957 518 980 560 c.
994 521 1026 559 ro
1231 504 1297 567 615

291 653 425 714 indicant
447 672 539 733 purae
569 655 658 714 iacies
681 655 871 734 seminarum,
898 672 971 733 quas
995 656 1097 733 utique
1119 654 1298 714 infirmiores

295 743 405 802 muniri
428 744 521 802 tutius
545 744 724 803 conveniret.
770 741 803 802 Si
830 760 901 821 ergo
924 741 1036 803 nullum
1059 741 1239 821 membrum,
1266 743 1297 801 in

292 830 338 890 bis
362 830 481 909 quidem
505 832 672 910 conspicuis
696 824 788 913 (unde
812 829 933 910 ambigit
955 825 1071 913 nemo),
1094 828 1173 909 quod
1196 832 1236 891 ita
1259 832 1297 889 sit

291 918 378 979 alicui
406 920 490 998 operi
519 918 784 1000 accommodatum,
812 927 847 979 ut
873 937 932 979 non
960 921 1049 979 etiam
1076 921 1116 979 sit
1142 918 1296 998 decorum3

291 1014 361 1067 sunt
384 1014 483 1066 autem
505 1006 658 1087 nonnulla,
685 1025 813 1087 quorum
842 1006 937 1067 solum
954 1006 1052 1067 decus
1075 1016 1106 1068 et
1128 1006 1227 1068 nullus
1250 1016 1331 1066 esto

291 1112 377 1156 usus:
405 1102 476 1174 puto
504 1094 587 1156 facile
617 1094 748 1174 intellegi
769 1096 799 1155 in
823 1094 992 1155 conditione
1015 1097 1149 1175 corporis
1172 1095 1295 1174 dignita-

293 1190 353 1243 tem
380 1185 549 1244 necessitati
578 1185 668 1245 luisse
696 1183 865 1263 praelatam.
910 1182 1085 1244 Transitura
1112 1191 1158 1244 est
1185 1185 1295 1263 quippe

292 1274 452 1332 necessitas
471 1279 648 1351 tempusque
666 1279 834 1352 venturum,
858 1271 974 1350 quando
998 1271 1060 1332 sola
1082 1272 1208 1332 invicem
1230 1271 1294 1351 pul·

291 1360 458 1420 clrritudine
477 1362 541 1420 sine
561 1359 619 1421 ulla
637 1359 759 1420 libidine
781 1360 985 1440 perfruamur,
1008 1359 1086 1439 quod
1111 1362 1236 1420 maxime
1259 1359 1295 1419 ad

292 1448 408 1508 laudem
430 1447 620 1509 referendum
643 1455 689 1508 est
711 1447 889 1528 Conditoris,
911 1450 960 1509 cui
983 1448 1092 1509 dicitur
1115 1450 1146 1508 in
1168 1447 1295 1527 psalmo:
1316 1460 1348 1510 to

295 1535 515 1612 Confessioncm
536 1543 567 1598 et
588 1538 727 1598 decorem
750 1539 884 1598 induisti.

379 1624 440 1684 lam
472 1632 570 1685 cetera
600 1624 788 1703 pulchritudo
818 1632 849 1685 et
879 1605 996 1686 utilitasX
1019 1634 1189 1706 creaturae,
1222 1642 1296 1703 quae

291 1712 416 1794 bomini,
444 1712 513 1774 licet
540 1715 571 1773 in
598 1715 673 1774 istos
696 1711 812 1773 labores
835 1715 1028 1793 miseriasque
1051 1716 1184 1793 proiecto
1207 1722 1296 1791 atque

292 1800 441 1881 damnato,
469 1801 627 1881 spectanda
658 1808 746 1879 atque
774 1800 917 1861 sumenda
944 1801 1040 1863 divina
1070 1802 1204 1881 largitate
1227 1820 1296 1861 con·

292 1906 375 1949 cessa
399 1897 452 1967 est,
476 1908 534 1968 quo
558 1906 695 1949 sermone
718 1890 872 1949 terminari
894 1886 1013 1969 potest?
1035 1892 1067 1950 in
1090 1889 1163 1950 caeli
1186 1898 1217 1951 et
1237 1897 1297 1950 ter·
1317 1902 1349 1951 to

292 1996 342 2037 rae
366 1984 396 2037 et
418 1980 508 2037 maris
531 1975 701 2037 multimoda
729 1985 759 2037 et
786 1979 866 2036 varia
887 1976 1121 2057 pulchritudine,
1146 1980 1178 2038 in
1201 1980 1295 2057 ipsius

294 2065 368 2125 lucis
390 2073 470 2125 tanta
493 2066 577 2144 copia
600 2074 717 2143 tamque
741 2064 868 2126 mirabili
891 2066 1003 2144 specie,
1031 2067 1063 2126 in
1086 2065 1147 2126 sole
1171 2084 1205 2126 ac
1227 2065 1297 2125 luna

293 2162 323 2213 et
353 2153 518 2232 sideribus,
549 2155 581 2213 in
608 2152 802 2231 opacitatibus
831 2171 1003 2229 nemorum,
1035 2155 1067 2213 in
1095 2153 1244 2214 coloribus
1267 2163 1298 2214 et

293 2240 434 2302 odoribus
464 2241 584 2320 llorum,
612 2244 642 2301 in
670 2241 840 2301 diversitate
868 2260 902 2301 ac
931 2241 1120 2302 multitudine
1143 2241 1297 2303 volucrum

293 2329 478 2411 garrularum
501 2338 589 2409 atque
612 2331 771 2409 pictarum,
793 2332 825 2389 in
848 2329 1022 2390 multiformi
1044 2332 1142 2409 specie
1165 2337 1212 2391 tot
1233 2339 1296 2390 tan·
1315 2343 1349 2392 20

293 2427 450 2497 torumque
481 2420 688 2496 animantium,
716 2435 842 2496 quarum
863 2417 930 2478 illae
953 2417 1019 2497 plus
1042 2417 1152 2479 babent
1175 2417 1298 2479 admira-

293 2509 397 2587 tionis,
424 2524 500 2585 quae
530 2505 615 2567 molis
639 2507 792 2566 minimum
815 2499 899 2587 (plus
922 2508 1001 2566 enim
1024 2506 1245 2567 formicularum
1269 2516 1300 2568 et

294 2594 475 2675 apicularum
494 2612 584 2674 opera
602 2600 756 2673 stupemus
779 2613 867 2673 quam
890 2597 1022 2656 inmensa
1046 2612 1171 2675 corpora
1192 2593 1298 2656 ballae-

295 2677 427 2767 narum),
453 2685 486 2744 in
512 2684 607 2763 ipsius
635 2700 753 2761 quoque
787 2685 877 2743 maris
904 2691 962 2743 tam
990 2683 1094 2761 grandi
1120 2683 1298 2763 spectaculo,

295 2790 363 2834 cum
391 2789 457 2833 sese
484 2770 608 2832 diversis
636 2770 785 2831 coloribus
813 2770 893 2832 velut
921 2770 1052 2832 restibus
1075 2770 1172 2833 induit
1193 2780 1224 2833 et
1246 2771 1296 2832 ali·
1316 2772 1349 2834 ‘lo

295 2860 411 2939 quando
426 2859 518 2919 viride
533 2869 620 2938 atque
634 2858 690 2919 boc
704 2858 805 2919 multis
819 2859 923 2940 modis,
936 2858 1091 2938 aliquando
1104 2877 1298 2942 purpureum,

295 2946 451 3027 aliquando
465 2947 634 3009 caeruleum
653 2954 706 3007 est.
735 2946 829 3018 Quam
847 2965 936 3026 porro
954 2946 1166 3009 delectabiliter
1184 2957 1298 3028 specta-

297 3045 345 3097 tur
368 3037 456 3095 etiam
480 3035 725 3114 quandocumque
749 3034 895 3114 turbatur,
918 3043 948 3096 et
969 3036 1003 3095 fit
1024 3035 1093 3096 inde
1117 3038 1210 3096 maior
1232 3055 1298 3097 sua·

296 3126 381 3197 ritas,
405 3124 473 3202 quia
496 3124 539 3183 sic
558 3123 705 3185 demulcet
727 3126 902 3202 intuentem,
925 3130 958 3184 ut
980 3140 1039 3183 non
1062 3126 1152 3183 iactet
1174 3132 1205 3184 et
1227 3142 1297 3203 qua·

297 3214 349 3273 tiat
369 3209 565 3289 navigantem!
603 3210 680 3282 Quid
698 3211 832 3271 ciborum
852 3229 1064 3290 usquequaque
1087 3213 1172 3289 copia
1194 3221 1297 3273 contra
1316 3226 1351 3275 ao

297 3296 424 3359 famem?
448 3298 518 3377 quid
537 3316 676 3377 saporum
694 3299 848 3359 diversitas
871 3306 973 3359 contra
995 3299 1155 3378 fastidium,
1177 3307 1299 3361 naturae

295 3388 401 3447 dill'usa
415 3387 532 3467 divitiis,
552 3405 611 3447 non
630 3404 794 3466 coquorum
812 3394 875 3447 arte
894 3404 928 3447 ao
942 3385 1042 3447 labore
1056 3383 1211 3465 quaesita?
1228 3388 1298 3466 quid

364 3508 406 3573 11)
426 3504 469 3557 Pe.
490 3509 588 3568 103,1.

363 3668 378 3714 2
393 3662 549 3716 membrum
559 3663 627 3726 um
641 3660 755 3715 membr.
771 3664 813 3715 est
825 3661 873 3715 Gn
882 3662 966 3718 rollo
979 3664 989 3732 ΙΙ
1003 3666 1018 3715 6
1034 3660 1194 3717 conditione
1204 3663 1305 3718 Rana

292 3734 407 3801 (cf.10;
425 3737 487 3799 614,
501 3737 545 3800 8);
565 3731 728 3787 condicione
745 3731 848 3799 Hoffm.
866 3734 877 3802 q
894 3737 928 3786 20
947 3734 1050 3786 tenter.
1065 3732 1182 3801 Adam
1201 3735 1302 3788 tentor.

292 3805 426 3875 Raeppo
440 3806 449 3874 l}
463 3810 495 3859 21
516 3820 593 3872 quar.
612 3802 661 3856 ille
675 3802 888 3874 RAGffabem
908 3820 984 3873 quor.
1003 3802 1055 3865 illo
1066 3821 1110 3873 po
1122 3805 1132 3874 ΙΙ
1146 3809 1180 3859 ts
1198 3804 1302 3861 bollen.

293 3874 439 3942 Reque
458 3874 548 3930 baleo.
568 3892 651 3946 appo
664 3876 673 3945 ll
688 3881 721 3927 32
740 3874 809 3943 quid
828 3876 888 3931 BA
906 3877 976 3942 rell.;
996 3879 1137 3943 quantoe
