3284 4459
355 468 420 532 500
760 478 961 521 snueusrmr

355 617 418 677 solo
448 623 479 675 et
506 632 622 675 camera
650 616 842 693 proportione
871 612 1083 692 magnitudinis
1113 616 1218 693 positis
1248 616 1367 677 simula-

356 721 440 765 crum
464 704 596 763 lerrenm
623 704 701 762 aeris
730 701 809 762 illius
833 702 929 762 medio
953 704 1031 761 inter
1055 710 1217 782 utrumque
1240 704 1368 783 lapidem

355 790 569 871 ignorantibus,
592 790 663 869 quid
686 808 806 850 sursum
830 800 909 850 esset
932 809 966 849 ac
989 789 1139 871 deorsum,
1162 795 1248 869 quasi
1271 797 1368 853 numi·

356 882 402 941 uis
419 887 566 960 potestate
584 879 742 959 penderet3
765 878 851 957 quale
875 878 983 957 aliquid
1008 880 1096 938 etiem
1119 881 1149 939 in
1172 880 1223 941 illa
1245 880 1369 941 lucerna

321 967 479 1029 tVeneris
511 967 548 1027 de
575 967 670 1045 lapide
701 965 817 1026 asbesto
848 965 885 1026 ab
916 967 1026 1027 artifice
1055 967 1120 1027 lieri
1147 970 1281 1046 potuisse
1308 971 1369 1029 iam

356 1050 513 1138 diximus);
536 1057 562 1114 si
585 1072 737 1133 magorum
759 1072 859 1134 opera,
883 1072 957 1133 quos
981 1063 1082 1114 nostra
1107 1057 1256 1135 scriptura
1279 1076 1367 1117 vene-

356 1146 428 1204 ficos
450 1152 481 1203 et
503 1147 701 1204 incantatores
724 1151 821 1222 vocat,
850 1144 880 1202 in
904 1150 1018 1203 tantum
1041 1142 1200 1204 daemones
1225 1146 1367 1206 extollere

356 1242 533 1313 potnerunt,
562 1239 597 1292 nt
626 1248 791 1309 congruere
823 1229 976 1290 bominum
1006 1229 1143 1290 sensibus
1171 1232 1227 1293 sibi
1258 1233 1369 1295 nobilis

356 1331 443 1400 poeta
465 1321 631 1399 videretur,
660 1318 697 1379 de
720 1318 846 1397 quadam
870 1319 992 1398 femina,
1015 1336 1090 1397 quae
1114 1318 1165 1379 tali
1188 1330 1252 1382 arte
1276 1322 1367 1401 polle·

306 1422 339 1471 ιο
357 1417 417 1491 ret,
439 1409 555 1469 dicens:

445 1533 528 1592 Haec
550 1550 583 1591 se
606 1531 788 1590 carminibus
810 1532 962 1607 promittit
985 1532 1103 1593 solvere
1125 1536 1241 1594 mentes

445 1620 526 1691 Ques
549 1620 633 1696 velit,
655 1622 704 1679 est
726 1620 794 1679 aliis
817 1620 908 1678 duras
930 1618 1083 1679 inmittere
1106 1638 1202 1695 curas,

446 1708 560 1767 Sistere
583 1726 692 1784 aquam
714 1708 812 1768 fluviis
837 1711 867 1767 et
889 1712 1008 1767 vertere
1032 1708 1130 1767 sidere
1153 1714 1249 1788 retro;

444 1796 675 1873 Nocturnosque
697 1798 756 1855 ciet
778 1814 897 1856 manes:
919 1797 1037 1871 mugire
1059 1796 1176 1857 videbis

307 1895 339 1945 15
447 1884 508 1944 Sub
530 1885 656 1961 pedibus
679 1889 793 1944 terram
816 1888 847 1943 et
870 1884 1047 1943 descendere
1070 1886 1223 1945 montibus
1246 1906 1351 1949 ornos:

358 2015 468 2087 quanto
500 2009 593 2085 magis
625 2006 704 2067 Deus
741 2014 847 2085 potens
884 2014 930 2066 est
962 2007 1059 2067 iacere
1092 2024 1167 2085 quae
1199 2008 1371 2071 infidelibus

359 2105 429 2157 sunt
455 2094 652 2173 incredibilia,
680 2093 732 2154 sed
761 2093 840 2153 illius
864 2094 958 2153 facilia
981 2098 1133 2175 potestati3
1161 2096 1279 2174 quando
1304 2102 1370 2177 qui·

359 2185 427 2245 dem
450 2186 513 2263 ipse
532 2183 662 2262 lapidum
681 2182 863 2263 aliarumque
887 2185 945 2242 vim
969 2200 1071 2243 rerum
1095 2192 1124 2243 et
1147 2183 1301 2245 bominum
1325 2190 1370 2247 in-

359 2276 457 2352 genia,
485 2274 536 2351 qui
559 2289 593 2331 ea
616 2273 700 2330 miris
728 2279 854 2330 utuntur
881 2270 989 2351 modis,
1017 2271 1223 2350 angelicasque
1247 2283 1371 2336 naturas

307 2373 340 2421 20
360 2360 497 2421 omnibus
524 2361 653 2421 terrenis
682 2360 865 2437 potentiores
900 2358 1097 2419 animantibus
1128 2361 1273 2443 condidit,
1303 2366 1371 2424 nni·

358 2467 443 2509 versa
473 2447 615 2508 mirabilia
643 2445 769 2506 mirabili
797 2447 934 2507 vincente
963 2449 1071 2507 virtute
1100 2457 1130 2508 et
1158 2451 1301 2528 operandi
1324 2455 1371 2513 iu·

358 2536 448 2597 beudi
471 2536 645 2614 sinendique
664 2536 816 2614 sapientia,
839 2543 927 2595 utens
945 2534 1083 2596 omnibus
1101 2546 1161 2597 tam
1185 2538 1372 2621 mirabiliter,

359 2642 447 2703 quam
470 2625 589 2684 crearit.

758 2811 875 2879 (larun
897 2811 969 2877 VH.

307 2952 340 3001 nt
386 2942 474 3014 Quod
495 2944 527 3001 in
549 2940 641 3000 rebus
662 2943 748 3001 miris
770 2958 886 3000 summo
910 2943 1058 3002 credendi
1079 2945 1160 3004 ratio
1182 2946 1224 3005 cit
1244 2951 1341 3007 omni-

700 3032 837 3105 potentio
860 3029 1022 3089 Creatort's.

448 3151 508 3213 Cur
531 3153 631 3230 itaque
655 3152 752 3211 iacere
782 3169 841 3211 non
864 3154 959 3229 possit
981 3149 1074 3234 Deus,
1101 3163 1135 3214 ut
1158 3162 1189 3215 et
1211 3167 1371 3236 resurgant

361 3258 484 3320 corpora
514 3248 701 3299 mortuorum
731 3247 761 3299 et
787 3241 856 3317 igne
889 3248 1010 3299 aeterno
1040 3244 1214 3303 crucientur
1243 3262 1371 3324 corpora

361 3329 574 3408 damnatorum,
597 3329 648 3406 qui
666 3327 737 3387 lecit
755 3326 899 3387 mundum
921 3330 952 3387 in
976 3328 1057 3387 eaelo
1079 3331 1110 3389 in
1134 3340 1222 3411 terra,
1244 3335 1276 3393 in
1299 3352 1371 3395 aere

308 3431 343 3478 to
361 3420 391 3477 in
416 3419 500 3495 aquis
527 3413 791 3476 innumerabilibus
813 3415 964 3475 miraculis
986 3415 1120 3497 plenum,
1148 3437 1216 3479 cum
1244 3422 1284 3481 sit
1308 3442 1372 3484 om·
1446 3412 1447 3417 ¹

363 3503 450 3564 nibus
473 3503 581 3582 quibus
603 3502 710 3581 plenus
738 3512 784 3563 est
813 3503 918 3580 procul
941 3502 1030 3563 dubio
1053 3508 1148 3566 maius
1171 3515 1201 3567 et
1223 3509 1372 3572 excellen-

363 3594 422 3652 tius
440 3594 528 3651 etiam
547 3590 676 3651 mundus
694 3592 758 3669 ipse
777 3586 974 3651 miraculum?
1010 3591 1069 3653 Sed
1087 3595 1146 3676 isti,
1169 3612 1237 3655 cum
1259 3599 1373 3676 quibus

429 3699 456 3766 4)
465 3697 536 3751 Plin.
547 3702 590 3763 34,
601 3702 643 3763 14,
654 3702 713 3750 148.
733 3696 824 3750 Rufin.
835 3698 899 3752 hist.
912 3700 977 3754 eccl.
989 3705 1013 3771 2,
1022 3708 1063 3755 23.
1084 3706 1129 3772 15)
1138 3704 1207 3757 Aen.
1218 3707 1303 3773 &48⁷
1311 3722 1374 3775 sqq.

431 3841 464 3890 13
483 3852 571 3906 eques
589 3836 628 3890 nb
646 3837 655 3904 l
673 3840 706 3888 Ἡ
726 3838 755 3890 et
772 3854 823 3892 om.
839 3838 876 3909 tp
893 3842 902 3908 ll
921 3846 954 3895 28
973 3842 1003 3894 in
1021 3842 1087 3912 igne
1106 3844 1145 3916 dp
