<?xml version="1.0" encoding="UTF-8"?>
<!DOCTYPE html PUBLIC "-//W3C//DTD XHTML 1.0 Transitional//EN"
    "http://www.w3.org/TR/xhtml1/DTD/xhtml1-transitional.dtd">
<html xmlns="http://www.w3.org/1999/xhtml" xml:lang="en" lang="en">
 <head>
  <title>
</title>
<meta http-equiv="Content-Type" content="text/html;charset=utf-8" />
  <meta name='ocr-system' content='tesseract 3.04.00' />
  <meta name='ocr-capabilities' content='ocr_page ocr_carea ocr_par ocr_line ocrx_word'/>
</head>
<body>
  <div class='ocr_page' id='page_1' title='image "./sanctiaureliiau11augugoog_0261.png"; bbox 0 0 3284 4459; ppageno 0'>
   <div class='ocr_carea' id='block_1_1' title="bbox 531 517 1298 595">
    <p class='ocr_par' dir='ltr' id='par_1_1' title="bbox 531 517 1298 595">
     <span class='ocr_line' id='line_1_1' title="bbox 531 517 1298 595; baseline 0.001 -23"><span class='ocrx_word' id='word_1_1' title='bbox 531 529 572 572; x_wconf 80' lang='lat' dir='ltr'><strong>ou</strong></span> <span class='ocrx_word' id='word_1_2' title='bbox 586 529 728 572; x_wconf 73' lang='lat' dir='ltr'><strong>armatus</strong></span> <span class='ocrx_word' id='word_1_3' title='bbox 743 530 796 572; x_wconf 79' lang='lat' dir='ltr'><strong>om</strong></span> <span class='ocrx_word' id='word_1_4' title='bbox 809 531 835 572; x_wconf 85' lang='lat' dir='ltr'><strong>u.</strong></span> <span class='ocrx_word' id='word_1_5' title='bbox 848 531 923 572; x_wconf 81' lang='lat' dir='ltr'><strong>xm</strong></span> <span class='ocrx_word' id='word_1_6' title='bbox 936 530 959 573; x_wconf 93' lang='lat' dir='ltr'><strong>o.</strong></span> <span class='ocrx_word' id='word_1_7' title='bbox 973 532 1005 573; x_wconf 84' lang='lat' dir='ltr'><strong>re.</strong></span> <span class='ocrx_word' id='word_1_8' title='bbox 1019 532 1053 574; x_wconf 80' lang='lat' dir='ltr'><strong>tr.</strong></span> <span class='ocrx_word' id='word_1_9' title='bbox 1226 517 1298 595; x_wconf 51' lang='lat'><strong>2413</strong></span> 
     </span>
    </p>
   </div>
   <div class='ocr_carea' id='block_1_2' title="bbox 284 662 1295 903">
    <p class='ocr_par' dir='ltr' id='par_1_2' title="bbox 284 662 1295 903">
     <span class='ocr_line' id='line_1_2' title="bbox 285 662 1295 748; baseline 0.004 -24"><span class='ocrx_word' id='word_1_10' title='bbox 285 664 356 744; x_wconf 83' lang='lat' dir='ltr'><strong>qrrid</strong></span> <span class='ocrx_word' id='word_1_11' title='bbox 393 662 443 726; x_wconf 93' lang='lat' dir='ltr'><strong>hic</strong></span> <span class='ocrx_word' id='word_1_12' title='bbox 480 666 602 744; x_wconf 85' lang='lat' dir='ltr'><strong>tropicis</strong></span> <span class='ocrx_word' id='word_1_13' title='bbox 638 662 838 726; x_wconf 90' lang='lat' dir='ltr'><strong>locutionibus</strong></span> <span class='ocrx_word' id='word_1_14' title='bbox 869 664 1052 727; x_wconf 91' lang='lat' dir='ltr'><strong>subobscure</strong></span> <span class='ocrx_word' id='word_1_15' title='bbox 1088 665 1214 729; x_wconf 59' lang='lat' dir='ltr'><strong>dictum*</strong></span> <span class='ocrx_word' id='word_1_16' title='bbox 1235 675 1295 748; x_wconf 79' lang='lat' dir='ltr'><strong>est,</strong></span> 
     </span>
     <span class='ocr_line' id='line_1_3' title="bbox 284 750 1295 856; baseline 0.004 -43"><span class='ocrx_word' id='word_1_17' title='bbox 284 771 408 856; x_wconf 80' lang='lat' dir='ltr'><strong>quoquo</strong></span> <span class='ocrx_word' id='word_1_18' title='bbox 429 752 515 814; x_wconf 89' lang='lat' dir='ltr'><strong>modo</strong></span> <span class='ocrx_word' id='word_1_19' title='bbox 534 751 730 835; x_wconf 78' lang='lat' dir='ltr'><strong>intellegatur,</strong></span> <span class='ocrx_word' id='word_1_20' title='bbox 752 750 842 814; x_wconf 85' lang='lat' dir='ltr'><strong>debet</strong></span> <span class='ocrx_word' id='word_1_21' title='bbox 862 751 910 814; x_wconf 90' lang='lat' dir='ltr'><strong>his</strong></span> <span class='ocrx_word' id='word_1_22' title='bbox 931 752 1023 816; x_wconf 87' lang='lat' dir='ltr'><strong>rebus</strong></span> <span class='ocrx_word' id='word_1_23' title='bbox 1045 755 1295 825; x_wconf 75' lang='lat' dir='ltr'><strong>manifestissimis</strong></span> 
     </span>
     <span class='ocr_line' id='line_1_4' title="bbox 284 859 452 903; baseline -0.006 -1"><span class='ocrx_word' id='word_1_24' title='bbox 284 859 452 903; x_wconf 78' lang='lat' dir='ltr'><strong>conventre.</strong></span> 
     </span>
    </p>
   </div>
   <div class='ocr_carea' id='block_1_3' title="bbox 672 1011 908 1079">
    <p class='ocr_par' dir='ltr' id='par_1_3' title="bbox 672 1011 908 1079">
     <span class='ocr_line' id='line_1_5' title="bbox 672 1011 908 1079; baseline -0.004 0"><span class='ocrx_word' id='word_1_25' title='bbox 672 1011 787 1079; x_wconf 78' lang='lat' dir='ltr'><strong>Garun</strong></span> <span class='ocrx_word' id='word_1_26' title='bbox 804 1012 908 1079; x_wconf 85' lang='lat' dir='ltr'>XVII.</span> 
     </span>
    </p>
   </div>
   <div class='ocr_carea' id='block_1_4' title="bbox 282 1141 1327 1394">
    <p class='ocr_par' dir='ltr' id='par_1_4' title="bbox 282 1141 1327 1394">
     <span class='ocr_line' id='line_1_6' title="bbox 284 1141 1327 1217; baseline -0.001 -14"><span class='ocrx_word' id='word_1_27' title='bbox 284 1142 331 1203; x_wconf 82' lang='lat' dir='ltr'><strong>De</strong></span> <span class='ocrx_word' id='word_1_28' title='bbox 353 1142 416 1216; x_wconf 82' lang='lat' dir='ltr'><strong>bis,</strong></span> <span class='ocrx_word' id='word_1_29' title='bbox 445 1157 525 1217; x_wconf 82' lang='lat' dir='ltr'><strong>qaae</strong></span> <span class='ocrx_word' id='word_1_30' title='bbox 551 1143 595 1203; x_wconf 90' lang='lat' dir='ltr'><strong>ad</strong></span> <span class='ocrx_word' id='word_1_31' title='bbox 614 1143 818 1202; x_wconf 80' lang='lat' dir='ltr'><strong>sacerdotium</strong></span> <span class='ocrx_word' id='word_1_32' title='bbox 845 1141 960 1202; x_wconf 78' lang='lat' dir='ltr'><strong>Obrr&#39;sti</strong></span> <span class='ocrx_word' id='word_1_33' title='bbox 980 1143 1011 1201; x_wconf 83' lang='lat' dir='ltr'><strong>in</strong></span> <span class='ocrx_word' id='word_1_34' title='bbox 1031 1143 1148 1217; x_wconf 80' lang='lat' dir='ltr'><strong>psalmo</strong></span> <span class='ocrx_word' id='word_1_35' title='bbox 1170 1149 1327 1204; x_wconf 79' lang='lat' dir='ltr'><strong>center-s</strong></span> 
     </span>
     <span class='ocr_line' id='line_1_7' title="bbox 282 1231 1292 1307; baseline 0.001 -16"><span class='ocrx_word' id='word_1_36' title='bbox 282 1233 359 1292; x_wconf 87' lang='lat' dir='ltr'><strong>simo</strong></span> <span class='ocrx_word' id='word_1_37' title='bbox 386 1246 478 1304; x_wconf 83' lang='lat' dir='ltr'><strong>nono,</strong></span> <span class='ocrx_word' id='word_1_38' title='bbox 506 1237 536 1292; x_wconf 89' lang='lat' dir='ltr'><strong>et</strong></span> <span class='ocrx_word' id='word_1_39' title='bbox 562 1231 601 1291; x_wconf 85' lang='lat' dir='ltr'><strong>de</strong></span> <span class='ocrx_word' id='word_1_40' title='bbox 626 1231 686 1304; x_wconf 84' lang='lat' dir='ltr'><strong>bis,</strong></span> <span class='ocrx_word' id='word_1_41' title='bbox 713 1246 792 1305; x_wconf 79' lang='lat' dir='ltr'><strong>quae</strong></span> <span class='ocrx_word' id='word_1_42' title='bbox 819 1232 852 1290; x_wconf 85' lang='lat' dir='ltr'><strong>in</strong></span> <span class='ocrx_word' id='word_1_43' title='bbox 871 1233 987 1305; x_wconf 82' lang='lat' dir='ltr'><strong>psalmo</strong></span> <span class='ocrx_word' id='word_1_44' title='bbox 1010 1233 1171 1292; x_wconf 83' lang='lat' dir='ltr'><strong>vicensimo</strong></span> <span class='ocrx_word' id='word_1_45' title='bbox 1191 1234 1292 1307; x_wconf 87' lang='lat' dir='ltr'><strong>primo</strong></span> 
     </span>
     <span class='ocr_line' id='line_1_8' title="bbox 529 1319 1044 1394; baseline -0.002 -16"><span class='ocrx_word' id='word_1_46' title='bbox 529 1319 573 1378; x_wconf 90' lang='lat' dir='ltr'><strong>ad</strong></span> <span class='ocrx_word' id='word_1_47' title='bbox 590 1321 761 1394; x_wconf 80' lang='lat' dir='ltr'><em>passionem</em></span> <span class='ocrx_word' id='word_1_48' title='bbox 784 1320 878 1394; x_wconf 81' lang='lat' dir='ltr'><strong>ipsius</strong></span> <span class='ocrx_word' id='word_1_49' title='bbox 899 1323 1044 1394; x_wconf 80' lang='lat' dir='ltr'><strong>spectant.</strong></span> 
     </span>
    </p>
   </div>
   <div class='ocr_carea' id='block_1_5' title="bbox 284 1438 1352 3546">
    <p class='ocr_par' dir='ltr' id='par_1_5' title="bbox 284 1438 1352 3546">
     <span class='ocr_line' id='line_1_9' title="bbox 375 1438 1322 1525; baseline 0.001 -23"><span class='ocrx_word' id='word_1_50' title='bbox 375 1439 459 1502; x_wconf 88' lang='lat' dir='ltr'><strong>Sicut</strong></span> <span class='ocrx_word' id='word_1_51' title='bbox 487 1442 576 1502; x_wconf 87' lang='lat' dir='ltr'><strong>eliam</strong></span> <span class='ocrx_word' id='word_1_52' title='bbox 603 1442 633 1500; x_wconf 94' lang='lat' dir='ltr'><strong>in</strong></span> <span class='ocrx_word' id='word_1_53' title='bbox 663 1439 713 1500; x_wconf 94' lang='lat' dir='ltr'><strong>illo</strong></span> <span class='ocrx_word' id='word_1_54' title='bbox 741 1439 868 1520; x_wconf 90' lang='lat' dir='ltr'><strong>psalmo,</strong></span> <span class='ocrx_word' id='word_1_55' title='bbox 900 1438 952 1500; x_wconf 91' lang='lat' dir='ltr'><strong>ubi</strong></span> <span class='ocrx_word' id='word_1_56' title='bbox 984 1438 1322 1525; x_wconf 62' lang='lat' dir='ltr'><strong>sacramencum„</strong></span> 
     </span>
     <span class='ocr_line' id='line_1_10' title="bbox 285 1527 1294 1610; baseline 0.002 -21"><span class='ocrx_word' id='word_1_57' title='bbox 285 1547 375 1610; x_wconf 88' lang='lat' dir='ltr'><strong>quem</strong></span> <span class='ocrx_word' id='word_1_58' title='bbox 398 1528 433 1590; x_wconf 91' lang='lat' dir='ltr'><strong>ad</strong></span> <span class='ocrx_word' id='word_1_59' title='bbox 462 1528 581 1590; x_wconf 92' lang='lat' dir='ltr'><strong>modum</strong></span> <span class='ocrx_word' id='word_1_60' title='bbox 604 1527 652 1588; x_wconf 93' lang='lat' dir='ltr'><strong>hic</strong></span> <span class='ocrx_word' id='word_1_61' title='bbox 676 1546 741 1608; x_wconf 83' lang='lat' dir='ltr'><strong>rex,</strong></span> <span class='ocrx_word' id='word_1_62' title='bbox 770 1530 953 1607; x_wconf 79' lang='lat' dir='ltr'><strong>apertissime</strong></span> <span class='ocrx_word' id='word_1_63' title='bbox 975 1531 1178 1608; x_wconf 90' lang='lat' dir='ltr'><strong>praedicatur:</strong></span> <span class='ocrx_word' id='word_1_64' title='bbox 1205 1532 1294 1591; x_wconf 73' lang='lat' dir='ltr'><strong>Dr&#39;aoit</strong></span> 
     </span>
     <span class='ocr_line' id='line_1_11' title="bbox 286 1617 1348 1696; baseline -0.002 -16"><span class='ocrx_word' id='word_1_65' title='bbox 286 1620 431 1681; x_wconf 78' lang='lat' dir='ltr'><strong>Dominus</strong></span> <span class='ocrx_word' id='word_1_66' title='bbox 449 1619 577 1680; x_wconf 83' lang='lat' dir='ltr'><strong>Domino</strong></span> <span class='ocrx_word' id='word_1_67' title='bbox 593 1633 672 1678; x_wconf 86' lang='lat' dir='ltr'><strong>meo:</strong></span> <span class='ocrx_word' id='word_1_68' title='bbox 694 1617 773 1678; x_wconf 85' lang='lat' dir='ltr'><strong>Sede</strong></span> <span class='ocrx_word' id='word_1_69' title='bbox 790 1635 810 1676; x_wconf 88' lang='lat' dir='ltr'><strong>a</strong></span> <span class='ocrx_word' id='word_1_70' title='bbox 830 1618 947 1678; x_wconf 73' lang='lat' dir='ltr'><strong>dextris</strong></span> <span class='ocrx_word' id='word_1_71' title='bbox 964 1621 1045 1692; x_wconf 76' lang='lat' dir='ltr'><strong>mers,</strong></span> <span class='ocrx_word' id='word_1_72' title='bbox 1069 1619 1165 1680; x_wconf 84' lang='lat' dir='ltr'><strong>donea</strong></span> <span class='ocrx_word' id='word_1_73' title='bbox 1179 1636 1292 1696; x_wconf 84' lang='lat' dir='ltr'><strong>ponam</strong></span> <span class='ocrx_word' id='word_1_74' title='bbox 1312 1629 1348 1678; x_wconf 84' lang='lat' dir='ltr'><strong>to</strong></span> 
     </span>
     <span class='ocr_line' id='line_1_12' title="bbox 284 1695 1292 1789; baseline 0 -21"><span class='ocrx_word' id='word_1_75' title='bbox 284 1707 424 1768; x_wconf 77' lang='lat' dir='ltr'><strong>inimicos</strong></span> <span class='ocrx_word' id='word_1_76' title='bbox 451 1713 518 1768; x_wconf 84' lang='lat' dir='ltr'><strong>taos</strong></span> <span class='ocrx_word' id='word_1_77' title='bbox 544 1705 707 1766; x_wconf 84' lang='lat' dir='ltr'><strong>scabellum</strong></span> <span class='ocrx_word' id='word_1_78' title='bbox 730 1695 844 1781; x_wconf 85' lang='lat' dir='ltr'><strong>pedum</strong></span> <span class='ocrx_word' id='word_1_79' title='bbox 870 1712 1005 1781; x_wconf 83' lang='lat' dir='ltr'><strong>tuorum,</strong></span> <span class='ocrx_word' id='word_1_80' title='bbox 1029 1705 1133 1767; x_wconf 86' lang='lat' dir='ltr'><strong>sedere</strong></span> <span class='ocrx_word' id='word_1_81' title='bbox 1157 1704 1292 1789; x_wconf 85' lang='lat' dir='ltr'><strong>Christus</strong></span> 
     </span>
     <span class='ocr_line' id='line_1_13' title="bbox 285 1791 1292 1873; baseline 0 -18"><span class='ocrx_word' id='word_1_82' title='bbox 285 1794 322 1868; x_wconf 85' lang='lat' dir='ltr'><strong>ad</strong></span> <span class='ocrx_word' id='word_1_83' title='bbox 347 1794 498 1855; x_wconf 86' lang='lat' dir='ltr'><strong>dexteram</strong></span> <span class='ocrx_word' id='word_1_84' title='bbox 520 1793 617 1853; x_wconf 90' lang='lat' dir='ltr'><strong>Patris</strong></span> <span class='ocrx_word' id='word_1_85' title='bbox 640 1793 785 1872; x_wconf 86' lang='lat' dir='ltr'><strong>creditur,</strong></span> <span class='ocrx_word' id='word_1_86' title='bbox 813 1810 874 1853; x_wconf 93' lang='lat' dir='ltr'><strong>non</strong></span> <span class='ocrx_word' id='word_1_87' title='bbox 895 1791 1025 1873; x_wconf 78' lang='lat' dir='ltr'><strong>ridetur3</strong></span> <span class='ocrx_word' id='word_1_88' title='bbox 1049 1796 1114 1854; x_wconf 91' lang='lat' dir='ltr'><strong>eius</strong></span> <span class='ocrx_word' id='word_1_89' title='bbox 1137 1796 1226 1854; x_wconf 86' lang='lat' dir='ltr'><strong>etiam</strong></span> <span class='ocrx_word' id='word_1_90' title='bbox 1248 1798 1292 1855; x_wconf 94' lang='lat' dir='ltr'><strong>in·</strong></span> 
     </span>
     <span class='ocr_line' id='line_1_14' title="bbox 285 1879 1293 1964; baseline 0.001 -21"><span class='ocrx_word' id='word_1_91' title='bbox 285 1885 391 1960; x_wconf 87' lang='lat' dir='ltr'><strong>imioos</strong></span> <span class='ocrx_word' id='word_1_92' title='bbox 414 1884 484 1963; x_wconf 95' lang='lat' dir='ltr'><strong>poni</strong></span> <span class='ocrx_word' id='word_1_93' title='bbox 508 1879 563 1942; x_wconf 89' lang='lat' dir='ltr'><strong>sub</strong></span> <span class='ocrx_word' id='word_1_94' title='bbox 586 1881 712 1960; x_wconf 89' lang='lat' dir='ltr'><strong>pedibus</strong></span> <span class='ocrx_word' id='word_1_95' title='bbox 735 1883 799 1940; x_wconf 93' lang='lat' dir='ltr'><strong>eius</strong></span> <span class='ocrx_word' id='word_1_96' title='bbox 823 1879 954 1941; x_wconf 90' lang='lat' dir='ltr'><strong>noudum</strong></span> <span class='ocrx_word' id='word_1_97' title='bbox 977 1890 1111 1962; x_wconf 81' lang='lat' dir='ltr'><strong>apparet3</strong></span> <span class='ocrx_word' id='word_1_98' title='bbox 1134 1880 1164 1942; x_wconf 89' lang='lat' dir='ltr'><strong>id</strong></span> <span class='ocrx_word' id='word_1_99' title='bbox 1187 1885 1293 1964; x_wconf 92' lang='lat' dir='ltr'><strong>agitur,</strong></span> 
     </span>
     <span class='ocr_line' id='line_1_15' title="bbox 285 1967 1292 2052; baseline 0.001 -21"><span class='ocrx_word' id='word_1_100' title='bbox 285 1970 440 2052; x_wconf 81' lang='lat' dir='ltr'><strong>apparebit</strong></span> <span class='ocrx_word' id='word_1_101' title='bbox 466 1973 496 2032; x_wconf 90' lang='lat' dir='ltr'><strong>in</strong></span> <span class='ocrx_word' id='word_1_102' title='bbox 523 1969 600 2050; x_wconf 61' lang='lat' dir='ltr'><strong>line,</strong></span> <span class='ocrx_word' id='word_1_103' title='bbox 623 1971 710 2030; x_wconf 88' lang='lat' dir='ltr'><strong>etiam</strong></span> <span class='ocrx_word' id='word_1_104' title='bbox 739 1967 794 2027; x_wconf 93' lang='lat' dir='ltr'><strong>hoc</strong></span> <span class='ocrx_word' id='word_1_105' title='bbox 818 1987 897 2029; x_wconf 90' lang='lat' dir='ltr'><strong>nunc</strong></span> <span class='ocrx_word' id='word_1_106' title='bbox 921 1969 1065 2050; x_wconf 89' lang='lat' dir='ltr'><strong>creditur,</strong></span> <span class='ocrx_word' id='word_1_107' title='bbox 1092 1977 1161 2049; x_wconf 91' lang='lat' dir='ltr'><strong>post</strong></span> <span class='ocrx_word' id='word_1_108' title='bbox 1183 1970 1292 2032; x_wconf 88' lang='lat' dir='ltr'><strong>videbi·</strong></span> 
     </span>
     <span class='ocr_line' id='line_1_16' title="bbox 286 2056 1347 2136; baseline -0.003 -16"><span class='ocrx_word' id='word_1_109' title='bbox 286 2061 344 2120; x_wconf 86' lang='lat' dir='ltr'><strong>tur.</strong></span> <span class='ocrx_word' id='word_1_110' title='bbox 390 2057 498 2119; x_wconf 89' lang='lat' dir='ltr'><strong>Verum</strong></span> <span class='ocrx_word' id='word_1_111' title='bbox 523 2056 601 2136; x_wconf 90' lang='lat' dir='ltr'><strong>quod</strong></span> <span class='ocrx_word' id='word_1_112' title='bbox 620 2059 770 2136; x_wconf 84' lang='lat' dir='ltr'><strong>sequitur:</strong></span> <span class='ocrx_word' id='word_1_113' title='bbox 801 2057 923 2133; x_wconf 74' lang='lat' dir='ltr'><strong>Virgam</strong></span> <span class='ocrx_word' id='word_1_114' title='bbox 946 2061 1065 2120; x_wconf 81' lang='lat' dir='ltr'><strong>virtutis</strong></span> <span class='ocrx_word' id='word_1_115' title='bbox 1088 2066 1159 2120; x_wconf 83' lang='lat' dir='ltr'><strong>tuae</strong></span> <span class='ocrx_word' id='word_1_116' title='bbox 1181 2063 1347 2120; x_wconf 76' lang='lat' dir='ltr'><strong>emittetis</strong></span> 
     </span>
     <span class='ocr_line' id='line_1_17' title="bbox 286 2141 1296 2222; baseline -0.001 -13"><span class='ocrx_word' id='word_1_117' title='bbox 286 2149 434 2210; x_wconf 83' lang='lat' dir='ltr'><strong>Dominus</strong></span> <span class='ocrx_word' id='word_1_118' title='bbox 451 2164 492 2208; x_wconf 84' lang='lat' dir='ltr'><strong>era</strong></span> <span class='ocrx_word' id='word_1_119' title='bbox 509 2147 591 2220; x_wconf 85' lang='lat' dir='ltr'><strong>Sion,</strong></span> <span class='ocrx_word' id='word_1_120' title='bbox 614 2153 644 2207; x_wconf 90' lang='lat' dir='ltr'><strong>et</strong></span> <span class='ocrx_word' id='word_1_121' title='bbox 662 2148 820 2214; x_wconf 83' lang='lat' dir='ltr'><strong>dominare</strong></span> <span class='ocrx_word' id='word_1_122' title='bbox 842 2148 873 2206; x_wconf 83' lang='lat' dir='ltr'><strong>ia</strong></span> <span class='ocrx_word' id='word_1_123' title='bbox 895 2148 992 2208; x_wconf 85' lang='lat' dir='ltr'><strong>medio</strong></span> <span class='ocrx_word' id='word_1_124' title='bbox 1015 2149 1205 2208; x_wconf 83' lang='lat' dir='ltr'><strong>inimicorum</strong></span> <span class='ocrx_word' id='word_1_125' title='bbox 1228 2141 1296 2222; x_wconf 83' lang='lat' dir='ltr'><strong>tao-¹</strong></span> 
     </span>
     <span class='ocr_line' id='line_1_18' title="bbox 286 2233 1292 2314; baseline -0.002 -18"><span class='ocrx_word' id='word_1_126' title='bbox 286 2239 371 2309; x_wconf 85' lang='lat' dir='ltr'><strong>rum,</strong></span> <span class='ocrx_word' id='word_1_127' title='bbox 400 2237 439 2295; x_wconf 91' lang='lat' dir='ltr'><strong>ita</strong></span> <span class='ocrx_word' id='word_1_128' title='bbox 467 2234 579 2296; x_wconf 88' lang='lat' dir='ltr'><strong>clarum</strong></span> <span class='ocrx_word' id='word_1_129' title='bbox 606 2242 667 2314; x_wconf 89' lang='lat' dir='ltr'><strong>est,</strong></span> <span class='ocrx_word' id='word_1_130' title='bbox 696 2242 730 2296; x_wconf 89' lang='lat' dir='ltr'><strong>ut</strong></span> <span class='ocrx_word' id='word_1_131' title='bbox 757 2251 816 2293; x_wconf 91' lang='lat' dir='ltr'><strong>non</strong></span> <span class='ocrx_word' id='word_1_132' title='bbox 848 2233 943 2293; x_wconf 88' lang='lat' dir='ltr'><strong>solum</strong></span> <span class='ocrx_word' id='word_1_133' title='bbox 965 2233 1123 2294; x_wconf 87' lang='lat' dir='ltr'><strong>infideliter</strong></span> <span class='ocrx_word' id='word_1_134' title='bbox 1145 2244 1175 2295; x_wconf 90' lang='lat' dir='ltr'><strong>et</strong></span> <span class='ocrx_word' id='word_1_135' title='bbox 1197 2235 1292 2296; x_wconf 89' lang='lat' dir='ltr'><strong>inicli-</strong></span> 
     </span>
     <span class='ocr_line' id='line_1_19' title="bbox 285 2319 1292 2404; baseline -0.002 -20"><span class='ocrx_word' id='word_1_136' title='bbox 285 2327 376 2404; x_wconf 89' lang='lat' dir='ltr'><strong>citer,</strong></span> <span class='ocrx_word' id='word_1_137' title='bbox 404 2322 456 2383; x_wconf 88' lang='lat' dir='ltr'><strong>sed</strong></span> <span class='ocrx_word' id='word_1_138' title='bbox 484 2324 572 2383; x_wconf 89' lang='lat' dir='ltr'><strong>etiam</strong></span> <span class='ocrx_word' id='word_1_139' title='bbox 600 2319 779 2401; x_wconf 88' lang='lat' dir='ltr'><strong>inpudenter</strong></span> <span class='ocrx_word' id='word_1_140' title='bbox 801 2330 934 2399; x_wconf 80' lang='lat' dir='ltr'><strong>negetur.</strong></span> <span class='ocrx_word' id='word_1_141' title='bbox 979 2319 1017 2381; x_wconf 89' lang='lat' dir='ltr'><strong>Et</strong></span> <span class='ocrx_word' id='word_1_142' title='bbox 1038 2323 1095 2401; x_wconf 91' lang='lat' dir='ltr'><strong>ipsi</strong></span> <span class='ocrx_word' id='word_1_143' title='bbox 1119 2323 1228 2402; x_wconf 88' lang='lat' dir='ltr'><strong>quippe</strong></span> <span class='ocrx_word' id='word_1_144' title='bbox 1252 2323 1292 2382; x_wconf 88' lang='lat' dir='ltr'><strong>ia-</strong></span> 
     </span>
     <span class='ocr_line' id='line_1_20' title="bbox 287 2408 1292 2490; baseline -0.003 -17"><span class='ocrx_word' id='word_1_145' title='bbox 287 2421 390 2473; x_wconf 89' lang='lat' dir='ltr'><strong>tentur</strong></span> <span class='ocrx_word' id='word_1_146' title='bbox 412 2412 523 2472; x_wconf 91' lang='lat' dir='ltr'><strong>inimici</strong></span> <span class='ocrx_word' id='word_1_147' title='bbox 546 2429 581 2472; x_wconf 84' lang='lat' dir='ltr'><strong>ex</strong></span> <span class='ocrx_word' id='word_1_148' title='bbox 606 2409 677 2470; x_wconf 90' lang='lat' dir='ltr'><strong>Sion</strong></span> <span class='ocrx_word' id='word_1_149' title='bbox 700 2413 819 2470; x_wconf 90' lang='lat' dir='ltr'><strong>missam</strong></span> <span class='ocrx_word' id='word_1_150' title='bbox 843 2409 934 2470; x_wconf 84' lang='lat' dir='ltr'><strong>tuisse</strong></span> <span class='ocrx_word' id='word_1_151' title='bbox 957 2409 1052 2487; x_wconf 86' lang='lat' dir='ltr'><strong>legem</strong></span> <span class='ocrx_word' id='word_1_152' title='bbox 1071 2408 1190 2490; x_wconf 85' lang='lat' dir='ltr'><strong>Christi,</strong></span> <span class='ocrx_word' id='word_1_153' title='bbox 1213 2409 1292 2488; x_wconf 90' lang='lat' dir='ltr'><strong>quod</strong></span> 
     </span>
     <span class='ocr_line' id='line_1_21' title="bbox 285 2493 1346 2580; baseline 0 -22"><span class='ocrx_word' id='word_1_154' title='bbox 285 2498 471 2578; x_wconf 74' lang='lat' dir='ltr'><strong>evangelium</strong></span> <span class='ocrx_word' id='word_1_155' title='bbox 504 2517 557 2559; x_wconf 94' lang='lat' dir='ltr'><strong>nos</strong></span> <span class='ocrx_word' id='word_1_156' title='bbox 580 2493 744 2580; x_wconf 70' lang='lat' dir='ltr'><strong>&#39;vocmnus&#39;,</strong></span> <span class='ocrx_word' id='word_1_157' title='bbox 766 2497 806 2557; x_wconf 82' lang='lat' dir='ltr'><strong>&#39;et</strong></span> <span class='ocrx_word' id='word_1_158' title='bbox 838 2514 902 2556; x_wconf 89' lang='lat' dir='ltr'><strong>eam</strong></span> <span class='ocrx_word' id='word_1_159' title='bbox 920 2496 1045 2575; x_wconf 82' lang='lat' dir='ltr'><strong>¹virgam</strong></span> <span class='ocrx_word' id='word_1_160' title='bbox 1076 2499 1195 2558; x_wconf 88' lang='lat' dir='ltr'><strong>virtutis</strong></span> <span class='ocrx_word' id='word_1_161' title='bbox 1227 2501 1293 2559; x_wconf 89' lang='lat' dir='ltr'><strong>eius</strong></span> <span class='ocrx_word' id='word_1_162' title='bbox 1311 2509 1346 2558; x_wconf 79' lang='lat'><strong>20</strong></span> 
     </span>
     <span class='ocr_line' id='line_1_22' title="bbox 286 2584 1293 2668; baseline -0.002 -20"><span class='ocrx_word' id='word_1_163' title='bbox 286 2589 484 2667; x_wconf 79' lang='lat' dir='ltr'><strong>agnoscimus.</strong></span> <span class='ocrx_word' id='word_1_164' title='bbox 529 2585 679 2668; x_wconf 84' lang='lat' dir='ltr'><strong>Dominari</strong></span> <span class='ocrx_word' id='word_1_165' title='bbox 710 2602 780 2645; x_wconf 88' lang='lat' dir='ltr'><strong>vero</strong></span> <span class='ocrx_word' id='word_1_166' title='bbox 814 2602 882 2644; x_wconf 89' lang='lat' dir='ltr'><strong>eum</strong></span> <span class='ocrx_word' id='word_1_167' title='bbox 914 2586 943 2644; x_wconf 94' lang='lat' dir='ltr'><strong>in</strong></span> <span class='ocrx_word' id='word_1_168' title='bbox 976 2584 1072 2646; x_wconf 89' lang='lat' dir='ltr'><strong>medio</strong></span> <span class='ocrx_word' id='word_1_169' title='bbox 1104 2587 1293 2647; x_wconf 88' lang='lat' dir='ltr'><strong>inimicorum</strong></span> 
     </span>
     <span class='ocr_line' id='line_1_23' title="bbox 287 2671 1292 2754; baseline -0.003 -17"><span class='ocrx_word' id='word_1_170' title='bbox 287 2693 412 2737; x_wconf 87' lang='lat' dir='ltr'><strong>suorum</strong></span> <span class='ocrx_word' id='word_1_171' title='bbox 439 2673 516 2736; x_wconf 91' lang='lat' dir='ltr'><strong>idem</strong></span> <span class='ocrx_word' id='word_1_172' title='bbox 544 2677 614 2754; x_wconf 92' lang='lat' dir='ltr'><strong>ipsi,</strong></span> <span class='ocrx_word' id='word_1_173' title='bbox 640 2675 720 2734; x_wconf 89' lang='lat' dir='ltr'><strong>inter</strong></span> <span class='ocrx_word' id='word_1_174' title='bbox 743 2690 817 2752; x_wconf 91' lang='lat' dir='ltr'><strong>quos</strong></span> <span class='ocrx_word' id='word_1_175' title='bbox 840 2671 1021 2754; x_wconf 85' lang='lat' dir='ltr'><strong>dominatur,</strong></span> <span class='ocrx_word' id='word_1_176' title='bbox 1051 2671 1190 2735; x_wconf 88' lang='lat' dir='ltr'><strong>dentibus</strong></span> <span class='ocrx_word' id='word_1_177' title='bbox 1213 2675 1292 2736; x_wconf 84' lang='lat' dir='ltr'><strong>iron-</strong></span> 
     </span>
     <span class='ocr_line' id='line_1_24' title="bbox 285 2760 1291 2825; baseline -0.002 0"><span class='ocrx_word' id='word_1_178' title='bbox 285 2761 385 2825; x_wconf 87' lang='lat' dir='ltr'><strong>deudo</strong></span> <span class='ocrx_word' id='word_1_179' title='bbox 409 2772 439 2822; x_wconf 90' lang='lat' dir='ltr'><strong>et</strong></span> <span class='ocrx_word' id='word_1_180' title='bbox 457 2761 633 2823; x_wconf 87' lang='lat' dir='ltr'><strong>tabescendo</strong></span> <span class='ocrx_word' id='word_1_181' title='bbox 652 2769 686 2821; x_wconf 90' lang='lat' dir='ltr'><strong>et.</strong></span> <span class='ocrx_word' id='word_1_182' title='bbox 700 2760 773 2821; x_wconf 89' lang='lat' dir='ltr'><strong>nihil</strong></span> <span class='ocrx_word' id='word_1_183' title='bbox 791 2761 932 2821; x_wconf 87' lang='lat' dir='ltr'><strong>adversus</strong></span> <span class='ocrx_word' id='word_1_184' title='bbox 950 2779 1019 2821; x_wconf 88' lang='lat' dir='ltr'><strong>eum</strong></span> <span class='ocrx_word' id='word_1_185' title='bbox 1037 2760 1159 2821; x_wconf 88' lang='lat' dir='ltr'><strong>valendo</strong></span> <span class='ocrx_word' id='word_1_186' title='bbox 1182 2770 1291 2823; x_wconf 89' lang='lat' dir='ltr'><strong>testau-</strong></span> 
     </span>
     <span class='ocr_line' id='line_1_25' title="bbox 289 2847 1293 2928; baseline 0 -16"><span class='ocrx_word' id='word_1_187' title='bbox 289 2862 346 2913; x_wconf 91' lang='lat' dir='ltr'><strong>tur.</strong></span> <span class='ocrx_word' id='word_1_188' title='bbox 393 2849 503 2911; x_wconf 84' lang='lat' dir='ltr'><strong>Deinde</strong></span> <span class='ocrx_word' id='word_1_189' title='bbox 527 2850 605 2928; x_wconf 79' lang='lat' dir='ltr'><strong>qrrod</strong></span> <span class='ocrx_word' id='word_1_190' title='bbox 628 2847 715 2928; x_wconf 89' lang='lat' dir='ltr'><strong>paulo</strong></span> <span class='ocrx_word' id='word_1_191' title='bbox 737 2858 806 2928; x_wconf 89' lang='lat' dir='ltr'><strong>post</strong></span> <span class='ocrx_word' id='word_1_192' title='bbox 827 2848 912 2909; x_wconf 88' lang='lat' dir='ltr'><strong>dicit:</strong></span> <span class='ocrx_word' id='word_1_193' title='bbox 940 2849 1061 2910; x_wconf 81' lang='lat' dir='ltr'><strong>Iuravit</strong></span> <span class='ocrx_word' id='word_1_194' title='bbox 1082 2850 1240 2926; x_wconf 82' lang='lat' dir='ltr'><strong>Dominus,</strong></span> <span class='ocrx_word' id='word_1_195' title='bbox 1262 2859 1293 2913; x_wconf 88' lang='lat' dir='ltr'><strong>et</strong></span> 
     </span>
     <span class='ocr_line' id='line_1_26' title="bbox 285 2935 1346 3016; baseline -0.002 -15"><span class='ocrx_word' id='word_1_196' title='bbox 285 2958 347 3001; x_wconf 80' lang='lat' dir='ltr'><strong>non</strong></span> <span class='ocrx_word' id='word_1_197' title='bbox 378 2940 545 3015; x_wconf 84' lang='lat' dir='ltr'><strong>paenitebit</strong></span> <span class='ocrx_word' id='word_1_198' title='bbox 575 2955 657 3012; x_wconf 84' lang='lat' dir='ltr'><strong>eam,</strong></span> <span class='ocrx_word' id='word_1_199' title='bbox 689 2935 797 3016; x_wconf 88' lang='lat' dir='ltr'><strong>quibus</strong></span> <span class='ocrx_word' id='word_1_200' title='bbox 829 2936 928 2997; x_wconf 88' lang='lat' dir='ltr'><strong>verbis</strong></span> <span class='ocrx_word' id='word_1_201' title='bbox 956 2936 1128 2997; x_wconf 88' lang='lat' dir='ltr'><strong>inmutabile</strong></span> <span class='ocrx_word' id='word_1_202' title='bbox 1158 2939 1291 2999; x_wconf 81' lang='lat' dir='ltr'><strong>futurum</strong></span> <span class='ocrx_word' id='word_1_203' title='bbox 1310 2950 1346 2999; x_wconf 74' lang='lat' dir='ltr'><strong>ab</strong></span> 
     </span>
     <span class='ocr_line' id='line_1_27' title="bbox 286 3024 1291 3106; baseline 0 -18"><span class='ocrx_word' id='word_1_204' title='bbox 286 3045 354 3088; x_wconf 90' lang='lat' dir='ltr'><strong>esse</strong></span> <span class='ocrx_word' id='word_1_205' title='bbox 384 3027 542 3106; x_wconf 82' lang='lat' dir='ltr'><strong>significat,</strong></span> <span class='ocrx_word' id='word_1_206' title='bbox 569 3024 648 3105; x_wconf 90' lang='lat' dir='ltr'><strong>quod</strong></span> <span class='ocrx_word' id='word_1_207' title='bbox 676 3024 823 3103; x_wconf 89' lang='lat' dir='ltr'><strong>adiungit:</strong></span> <span class='ocrx_word' id='word_1_208' title='bbox 853 3025 895 3085; x_wconf 76' lang='lat' dir='ltr'><strong>Pu</strong></span> <span class='ocrx_word' id='word_1_209' title='bbox 919 3044 951 3088; x_wconf 90' lang='lat' dir='ltr'><strong>es</strong></span> <span class='ocrx_word' id='word_1_210' title='bbox 972 3026 1172 3088; x_wconf 78' lang='lat' dir='ltr'><strong>sacerdocio</strong></span> <span class='ocrx_word' id='word_1_211' title='bbox 1194 3034 1291 3088; x_wconf 87' lang='lat' dir='ltr'><strong>aeter-</strong></span> 
     </span>
     <span class='ocr_line' id='line_1_28' title="bbox 287 3113 1292 3192; baseline -0.002 -16"><span class='ocrx_word' id='word_1_212' title='bbox 287 3133 360 3177; x_wconf 83' lang='lat' dir='ltr'><strong>num</strong></span> <span class='ocrx_word' id='word_1_213' title='bbox 387 3117 554 3176; x_wconf 81' lang='lat' dir='ltr'><strong>secundum</strong></span> <span class='ocrx_word' id='word_1_214' title='bbox 581 3116 719 3176; x_wconf 83' lang='lat' dir='ltr'><strong>ordinem</strong></span> <span class='ocrx_word' id='word_1_215' title='bbox 746 3114 982 3187; x_wconf 79' lang='lat' dir='ltr'><strong>Melchisedech,</strong></span> <span class='ocrx_word' id='word_1_216' title='bbox 1012 3132 1047 3173; x_wconf 84' lang='lat' dir='ltr'><strong>ex</strong></span> <span class='ocrx_word' id='word_1_217' title='bbox 1075 3131 1110 3174; x_wconf 89' lang='lat' dir='ltr'><strong>eo</strong></span> <span class='ocrx_word' id='word_1_218' title='bbox 1134 3113 1292 3192; x_wconf 79' lang='lat' dir='ltr'><strong>quodiam</strong></span> 
     </span>
     <span class='ocr_line' id='line_1_29' title="bbox 287 3201 1292 3282; baseline -0.002 -18"><span class='ocrx_word' id='word_1_219' title='bbox 287 3220 435 3282; x_wconf 85' lang='lat' dir='ltr'><strong>nusquam</strong></span> <span class='ocrx_word' id='word_1_220' title='bbox 453 3211 499 3263; x_wconf 90' lang='lat' dir='ltr'><strong>est</strong></span> <span class='ocrx_word' id='word_1_221' title='bbox 517 3202 714 3264; x_wconf 86' lang='lat' dir='ltr'><strong>sacerdotium</strong></span> <span class='ocrx_word' id='word_1_222' title='bbox 732 3210 764 3262; x_wconf 88' lang='lat' dir='ltr'><strong>et</strong></span> <span class='ocrx_word' id='word_1_223' title='bbox 782 3201 957 3262; x_wconf 88' lang='lat' dir='ltr'><strong>sacrificium</strong></span> <span class='ocrx_word' id='word_1_224' title='bbox 976 3201 1139 3264; x_wconf 87' lang='lat' dir='ltr'><strong>secuudum</strong></span> <span class='ocrx_word' id='word_1_225' title='bbox 1158 3201 1292 3262; x_wconf 88' lang='lat' dir='ltr'><strong>ordinem</strong></span> 
     </span>
     <span class='ocr_line' id='line_1_30' title="bbox 287 3288 1299 3374; baseline -0.001 -23"><span class='ocrx_word' id='word_1_226' title='bbox 287 3291 386 3352; x_wconf 68' lang='lat' dir='ltr'><strong>Aaron</strong></span> <span class='ocrx_word' id='word_1_227' title='bbox 404 3298 434 3351; x_wconf 94' lang='lat' dir='ltr'><strong>et</strong></span> <span class='ocrx_word' id='word_1_228' title='bbox 453 3288 562 3370; x_wconf 90' lang='lat' dir='ltr'><strong>ubique</strong></span> <span class='ocrx_word' id='word_1_229' title='bbox 581 3291 704 3350; x_wconf 82' lang='lat' dir='ltr'><strong>offertur</strong></span> <span class='ocrx_word' id='word_1_230' title='bbox 723 3289 778 3350; x_wconf 92' lang='lat' dir='ltr'><strong>sub</strong></span> <span class='ocrx_word' id='word_1_231' title='bbox 802 3288 954 3355; x_wconf 88' lang='lat' dir='ltr'><strong>sacerdote</strong></span> <span class='ocrx_word' id='word_1_232' title='bbox 973 3288 1100 3370; x_wconf 86' lang='lat' dir='ltr'><strong>Christo,</strong></span> <span class='ocrx_word' id='word_1_233' title='bbox 1123 3289 1201 3368; x_wconf 92' lang='lat' dir='ltr'><strong>quod</strong></span> <span class='ocrx_word' id='word_1_234' title='bbox 1224 3309 1299 3374; x_wconf 63' lang='lat' dir='ltr'><strong>pro-2</strong></span> 
     </span>
     <span class='ocr_line' id='line_1_31' title="bbox 287 3375 1352 3462; baseline 0.001 -22"><span class='ocrx_word' id='word_1_235' title='bbox 287 3378 357 3440; x_wconf 86' lang='lat' dir='ltr'><strong>tulit</strong></span> <span class='ocrx_word' id='word_1_236' title='bbox 381 3377 604 3460; x_wconf 82' lang='lat' dir='ltr'><strong>Melchisedech,</strong></span> <span class='ocrx_word' id='word_1_237' title='bbox 628 3375 744 3458; x_wconf 90' lang='lat' dir='ltr'><strong>quando</strong></span> <span class='ocrx_word' id='word_1_238' title='bbox 768 3377 917 3438; x_wconf 82' lang='lat' dir='ltr'><strong>benedixit</strong></span> <span class='ocrx_word' id='word_1_239' title='bbox 945 3375 1098 3458; x_wconf 71' lang='lat' dir='ltr'><strong>Abraham,</strong></span> <span class='ocrx_word' id='word_1_240' title='bbox 1115 3379 1189 3455; x_wconf 54' lang='lat' dir='ltr'><strong>,quis</strong></span> <span class='ocrx_word' id='word_1_241' title='bbox 1212 3377 1291 3438; x_wconf 90' lang='lat' dir='ltr'><strong>amb·</strong></span> <span class='ocrx_word' id='word_1_242' title='bbox 1310 3389 1352 3462; x_wconf 81' lang='lat'><strong>3⁰:</strong></span> 
     </span>
     <span class='ocr_line' id='line_1_32' title="bbox 288 3461 1291 3546; baseline -0.003 -19"><span class='ocrx_word' id='word_1_243' title='bbox 288 3468 372 3545; x_wconf 80' lang='lat' dir='ltr'><strong>igere</strong></span> <span class='ocrx_word' id='word_1_244' title='bbox 400 3469 595 3546; x_wconf 89' lang='lat' dir='ltr'><strong>permittitur,</strong></span> <span class='ocrx_word' id='word_1_245' title='bbox 619 3465 655 3526; x_wconf 92' lang='lat' dir='ltr'><strong>de</strong></span> <span class='ocrx_word' id='word_1_246' title='bbox 679 3483 738 3544; x_wconf 80' lang='lat' dir='ltr'><strong>qrro</strong></span> <span class='ocrx_word' id='word_1_247' title='bbox 762 3468 817 3525; x_wconf 88' lang='lat' dir='ltr'><strong>ista</strong></span> <span class='ocrx_word' id='word_1_248' title='bbox 840 3461 996 3525; x_wconf 81' lang='lat' dir='ltr'><strong>dicautur?</strong></span> <span class='ocrx_word' id='word_1_249' title='bbox 1032 3465 1075 3526; x_wconf 80' lang='lat' dir='ltr'><strong>Ad</strong></span> <span class='ocrx_word' id='word_1_250' title='bbox 1099 3463 1171 3525; x_wconf 87' lang='lat' dir='ltr'><strong>haec</strong></span> <span class='ocrx_word' id='word_1_251' title='bbox 1194 3466 1291 3543; x_wconf 86' lang='lat' dir='ltr'><strong>itaque</strong></span> 
     </span>
    </p>
   </div>
   <div class='ocr_carea' id='block_1_6' title="bbox 359 3596 974 3671">
    <p class='ocr_par' dir='ltr' id='par_1_6' title="bbox 359 3596 974 3671">
     <span class='ocr_line' id='line_1_33' title="bbox 359 3596 974 3671; baseline -0.002 -16"><span class='ocrx_word' id='word_1_252' title='bbox 359 3603 404 3669; x_wconf 81' lang='lat' dir='ltr'><strong>ar)</strong></span> <span class='ocrx_word' id='word_1_253' title='bbox 422 3601 466 3656; x_wconf 70' lang='lat' dir='ltr'><strong>Pa.</strong></span> <span class='ocrx_word' id='word_1_254' title='bbox 487 3607 545 3667; x_wconf 83' lang='lat' dir='ltr'><strong>roo,</strong></span> <span class='ocrx_word' id='word_1_255' title='bbox 565 3606 593 3667; x_wconf 85' lang='lat'><strong>1;</strong></span> <span class='ocrx_word' id='word_1_256' title='bbox 612 3607 642 3666; x_wconf 79' lang='lat' dir='ltr'><strong>e;</strong></span> <span class='ocrx_word' id='word_1_257' title='bbox 660 3605 684 3652; x_wconf 79' lang='lat' dir='ltr'><strong>t.</strong></span> <span class='ocrx_word' id='word_1_258' title='bbox 722 3603 766 3664; x_wconf 79' lang='lat' dir='ltr'><strong>oo)</strong></span> <span class='ocrx_word' id='word_1_259' title='bbox 785 3596 852 3654; x_wconf 78' lang='lat' dir='ltr'><strong>Gen.</strong></span> <span class='ocrx_word' id='word_1_260' title='bbox 873 3604 914 3667; x_wconf 74' lang='grc' dir='ltr'><strong>ιι,</strong></span> <span class='ocrx_word' id='word_1_261' title='bbox 934 3603 974 3671; x_wconf 72' lang='lat' dir='ltr'><strong>rs,</strong></span> 
     </span>
    </p>
   </div>
   <div class='ocr_carea' id='block_1_7' title="bbox 361 3789 1186 3866">
    <p class='ocr_par' dir='ltr' id='par_1_7' title="bbox 361 3789 1186 3866">
     <span class='ocr_line' id='line_1_34' title="bbox 361 3789 1186 3866; baseline -0.007 -17"><span class='ocrx_word' id='word_1_262' title='bbox 361 3800 377 3850; x_wconf 88' lang='lat'><strong>8</strong></span> <span class='ocrx_word' id='word_1_263' title='bbox 396 3791 488 3866; x_wconf 77' lang='lat' dir='ltr'><strong>Sicut]</strong></span> <span class='ocrx_word' id='word_1_264' title='bbox 504 3794 641 3864; x_wconf 77' lang='lat' dir='ltr'><strong>suspicor:</strong></span> <span class='ocrx_word' id='word_1_265' title='bbox 660 3792 705 3848; x_wconf 83' lang='lat' dir='ltr'><strong>Sic</strong></span> <span class='ocrx_word' id='word_1_266' title='bbox 724 3792 770 3859; x_wconf 77' lang='lat' dir='ltr'><strong>(cs.</strong></span> <span class='ocrx_word' id='word_1_267' title='bbox 788 3795 858 3857; x_wconf 74' lang='lat'><strong>242,</strong></span> <span class='ocrx_word' id='word_1_268' title='bbox 875 3793 928 3859; x_wconf 86' lang='grc' dir='ltr'><strong>3)Ι</strong></span> <span class='ocrx_word' id='word_1_269' title='bbox 943 3797 974 3845; x_wconf 80' lang='lat' dir='ltr'><strong>ta</strong></span> <span class='ocrx_word' id='word_1_270' title='bbox 994 3791 1045 3846; x_wconf 89' lang='lat' dir='ltr'><strong>Dei</strong></span> <span class='ocrx_word' id='word_1_271' title='bbox 1062 3789 1152 3861; x_wconf 83' lang='lat' dir='ltr'><strong>patris</strong></span> <span class='ocrx_word' id='word_1_272' title='bbox 1169 3807 1186 3843; x_wconf 84' lang='lat' dir='ltr'><strong>a</strong></span> 
     </span>
    </p>
   </div>
   <div class='ocr_carea' id='block_1_8' title="bbox 341 3885 1080 3933">
    <p class='ocr_par' dir='ltr' id='par_1_8' title="bbox 341 3885 1080 3933">
     <span class='ocr_line' id='line_1_35' title="bbox 341 3885 1080 3933; baseline -0.001 -2"><span class='ocrx_word' id='word_1_273' title='bbox 341 3901 399 3932; x_wconf 71' lang='lat' dir='ltr'><strong>aun.</strong></span> <span class='ocrx_word' id='word_1_274' title='bbox 413 3901 445 3931; x_wconf 74' lang='lat' dir='ltr'><strong>nn</strong></span> <span class='ocrx_word' id='word_1_275' title='bbox 460 3899 506 3933; x_wconf 77' lang='lat' dir='ltr'><strong>arv.</strong></span> <span class='ocrx_word' id='word_1_276' title='bbox 520 3901 567 3933; x_wconf 73' lang='lat' dir='ltr'><strong>nur.</strong></span> <span class='ocrx_word' id='word_1_277' title='bbox 595 3892 625 3931; x_wconf 89' lang='lat'><strong>11.</strong></span> <span class='ocrx_word' id='word_1_278' title='bbox 1048 3885 1080 3931; x_wconf 79' lang='grc'><strong>16</strong></span> 
     </span>
    </p>
   </div>
   <div class='ocr_carea' id='block_1_9' title="bbox 0 0 1650 4459">
    <p class='ocr_par' dir='ltr' id='par_1_9' title="bbox 0 0 1650 4459">
     <span class='ocr_line' id='line_1_36' title="bbox 0 0 1650 4459; baseline 0 0"><span class='ocrx_word' id='word_1_279' title='bbox 0 0 1650 4459; x_wconf 95' lang='lat' dir='ltr'><strong> </strong></span> 
     </span>
    </p>
   </div>
  </div>
 </body>
</html>
