3284 4459
475 518 517 561 nn
530 518 673 560 omnm
686 518 740 559 om
753 519 779 560 o.
792 518 855 560 nv.
869 518 891 561 o.
906 520 939 562 eo.
952 520 979 561 n.
992 521 1041 561 xv.
1055 521 1078 563 o.
1092 522 1111 562 1.
1249 504 1292 571 57

284 654 455 715 dominandi
483 652 573 715 libido
601 654 783 734 dominatur3
814 656 846 714 in
873 654 928 715 hae
958 657 1092 716 serviunt
1114 657 1239 716 invicem
1261 659 1293 717 io

284 745 410 804 caritate
434 752 464 803 et
480 745 641 823 praepositi
664 741 846 802 consulendo
869 751 899 803 et
921 742 1032 804 subditi
1054 741 1293 824 obtemperando.

284 832 337 893 Illa
363 834 395 893 in
423 833 486 892 suis
512 831 684 910 potentibus
715 830 810 909 diligit
836 833 979 892 virtutem
1002 850 1099 913 suam3
1126 832 1295 895 haecdicit

285 920 348 981 Deo
372 936 444 981 suo:
473 920 607 995 ditinum
629 927 673 995 te,
700 920 843 995 Domine,
871 922 970 981 virtus
990 938 1066 1001 meo.
1111 920 1240 1001 Ideoque
1262 925 1294 982 in

284 1008 333 1069 illa
362 1010 511 1088 sapientes
538 1011 603 1069 eius
632 1007 796 1068 secundnm
821 1007 971 1068 hominem
1000 1011 1134 1070 virentes
1155 1018 1207 1071 aut
1229 1018 1329 1071 cor-5

284 1100 368 1177 poris
392 1103 444 1158 aut
466 1099 556 1157 animi
579 1098 626 1157 sui
652 1094 731 1156 hona
753 1102 805 1155 aut
827 1098 984 1175 utriusque
1007 1100 1112 1158 sectati
1135 1108 1217 1179 sunt,
1244 1108 1296 1160 aut

286 1188 339 1265 qui
365 1194 529 1265 potuerunt
556 1200 735 1264 cognoscere
764 1183 872 1266 Deum,
898 1202 958 1247 non
984 1193 1021 1246 ot
1041 1187 1138 1247 Deam
1163 1189 1294 1249 donoro·

288 1281 398 1335 nerent
419 1281 476 1334 ant
491 1277 613 1349 pretias
636 1280 772 1349 operam,
794 1274 851 1334 sed
870 1282 1063 1335 evanuerunt
1083 1278 1114 1335 in
1136 1278 1295 1350 capitatio

287 1364 376 1425 nidere
388 1365 460 1436 otis,
478 1370 509 1423 et
521 1364 716 1424 obscuratum
730 1368 776 1423 est
788 1364 933 1437 insipiens
950 1379 1006 1423 eor
1022 1380 1145 1435 eornm
1162 1366 1296 1427 dieentes

287 1468 320 1513 se
347 1469 411 1513 esse
438 1453 590 1527 sopientes
618 1444 663 1531 (id
687 1457 733 1510 est
755 1448 924 1511 dominante
947 1449 1004 1510 sibi
1027 1450 1166 1530 superbia
1187 1452 1219 1512 in
1241 1470 1295 1512 sua
1315 1461 1348 1511 ιο

289 1540 430 1618 sapientia
458 1556 524 1599 sese
554 1530 743 1619 extollentes)
775 1541 860 1599 stulti
878 1536 961 1613 secti
979 1546 1052 1600 sont
1080 1546 1111 1600 et
1131 1542 1295 1601 inmutave-

288 1635 361 1689 runt
372 1630 505 1702 ploriom
519 1628 759 1703 incorruptibilis
778 1626 838 1687 Dei
853 1629 887 1687 in
907 1629 1133 1689 similitudinem
1155 1631 1297 1704 inopinis

287 1716 496 1793 corruptibilis
513 1718 642 1777 nominis
659 1722 690 1776 et
705 1718 863 1776 volnerum
879 1722 911 1775 et
927 1717 1160 1793 quadrupedum
1181 1723 1212 1778 et
1231 1734 1295 1778 ser·

284 1806 421 1879 pontium
448 1796 500 1885 (ad
527 1803 652 1864 huiusne
679 1802 759 1863 modi
786 1804 866 1863 enim
894 1803 1051 1864 simulacra
1081 1804 1227 1864 adoranda
1250 1804 1296 1864 rei

287 1891 381 1951 duces
412 1890 591 1971 populorum
623 1889 670 1951 vei
701 1899 864 1951 sectatores
895 1884 1046 1973 inerunt),
1077 1900 1108 1954 et
1138 1897 1297 1954 coluerunt
1316 1901 1349 1949 15

286 1988 380 2054 otone
408 1983 582 2041 servierunt
610 1986 776 2041 creaturae
801 1982 903 2055 potins
935 1997 1026 2054 quom
1061 1981 1213 2055 Creatori,
1245 1984 1299 2056 qni

286 2069 531 2129 estbenedictus
554 2071 586 2128 in
608 2070 750 2139 κωπίω
779 2068 810 2127 in
834 2066 889 2127 hac
912 2076 1010 2127 autem
1032 2068 1112 2129 nulia
1135 2076 1183 2129 est
1203 2068 1296 2129 homi·

285 2158 335 2217 nis
358 2157 503 2235 sapientia
525 2158 583 2216 nisi
605 2158 710 2237 pietas,
732 2174 790 2233 qua
811 2165 895 2216 recte
917 2154 1025 2216 ooiitnr
1046 2174 1136 2217 verns
1153 2156 1242 2238 Deus,
1264 2155 1294 2217 id

287 2252 450 2324 expectans
480 2246 645 2323 praemium
674 2246 704 2303 in
736 2245 878 2304 societate
910 2252 1081 2304 sanctorum
1111 2262 1172 2305 non
1202 2244 1297 2305 solum

285 2332 452 2413 hominnm,
474 2348 578 2392 verum
601 2334 688 2393 etiam
712 2330 898 2412 angelorum,
921 2339 956 2393 nt
975 2335 1017 2393 sit
1037 2334 1121 2395 Deus
1142 2336 1243 2395 omnio
1266 2336 1297 2394 in
1316 2342 1351 2391 20

285 2422 433 2483 omnibus.

685 2576 898 2585 ——-—

643 2712 829 2782 LIBER
863 2712 944 2783 XV.

710 2942 826 3010 Onrnr
849 2944 874 3009 Ι.
1316 2960 1350 3009 eo

286 3073 336 3133 Be
363 3070 479 3133 dnobus
506 3073 665 3133 ordinibus
682 3074 899 3149 *perventionis
925 3074 1077 3148 hantonae
1103 3075 1136 3135 in
1164 3076 1299 3137 diversos

543 3162 622 3233 fines
645 3160 683 3221 ab
707 3162 793 3222 initio
811 3163 1035 3238 procurrentis.

380 3282 422 3345 De
441 3283 581 3344 felicitate
603 3282 731 3362 paradisi
753 3281 800 3342 rei
822 3281 860 3343 de
881 3284 947 3362 ipso
969 3283 1104 3362 paradiso
1125 3293 1158 3345 et
1180 3284 1218 3345 de
1240 3287 1299 3345 vita

287 3370 333 3433 ihi
355 3374 522 3452 primorum
540 3371 692 3432 hominum
711 3388 874 3449 eorumque
898 3379 1019 3451 peccato
1043 3380 1130 3452 atque
1154 3372 1298 3452 supplicio

288 3460 377 3521 multi
396 3459 487 3521 multa
506 3467 674 3539 senserunt,
696 3458 789 3519 multa
807 3458 956 3539 dixerunt,
978 3458 1070 3520 marita
1087 3458 1195 3520 litteris
1217 3478 1297 3520 man·
1317 3472 1352 3521 30

360 3598 388 3663 a)
406 3595 451 3651 Ps.
472 3598 515 3663 ιτ,
534 3600 559 3649 a.
597 3592 739 3661 1⁷)Rom.
758 3598 783 3663 1,
802 3598 835 3647 21
855 3610 915 3662 sqq.
952 3594 996 3663 nt)
1016 3597 1041 3647 1.
1059 3590 1120 3649 eor.
1140 3598 1183 3663 1⁶,
1201 3598 1243 3649 te.

362 3782 378 3832 8
397 3778 447 3831 oui
465 3774 602 3845 menn
619 3774 667 3829 uel
687 3774 795 3831 Gobeo
810 3777 823 3844 tt
841 3780 873 3830 21
894 3775 1030 3829 omnibus.
1050 3791 1140 3830 amen.
1159 3776 1255 3831 FGei
