3284 4459
588 513 892 557 oumvrraruomu
906 515 956 556 xv.
969 515 993 556 c.
1006 517 1026 556 a.
1267 501 1309 565 75

390 650 557 710 Vixillum
580 641 706 731 (inquit)
730 649 801 710 lecti
823 649 870 710 bis
893 667 946 710 sex
967 649 1083 710 cervice
1106 651 1251 726 subirent,

391 737 498 808 Qualia
519 757 597 798 nuno
619 739 773 798 hominum
794 738 934 814 producit
955 756 1080 814 corpora
1101 739 1202 819 tellus,

300 861 470 940 significans
497 861 606 921 maiora
640 868 712 921 tunc
747 878 871 939 corpora
903 860 1068 940 producere
1098 861 1194 923 solere
1224 861 1308 923 tellu-

300 967 375 1010 rem.
412 947 528 1019 Ouanto
548 949 641 1028 magis
660 951 750 1027 igitur
769 947 953 1029 temporibus
971 948 1187 1011 recentioribus
1206 950 1309 1011 mundi

300 1046 369 1099 ante
402 1035 473 1097 illud
506 1036 603 1098 nobile
632 1037 870 1116 diffamatumque
898 1035 1052 1098 diluvium!
1090 1037 1147 1099 Sed
1176 1039 1213 1099 de
1244 1047 1345 1099 cor-t

300 1143 409 1205 porum
451 1125 649 1205 magnitudine
690 1125 866 1204 plerumque
907 1125 1076 1187 incredulos
1112 1127 1219 1189 nudata
1255 1144 1311 1206 per

301 1221 480 1275 vetustatem
503 1216 563 1274 sive
590 1215 725 1292 pervim
747 1213 902 1275 fluminum
925 1217 1080 1293 variosque
1104 1233 1190 1276 casus
1213 1215 1310 1296 sepul-

302 1321 352 1362 cra
376 1304 568 1381 convincunt,
599 1301 650 1362 ubi
673 1311 875 1382 apparuerunt
901 1302 946 1363 vel
970 1303 1048 1363 rrnde
1072 1304 1244 1364 ceciderunt
1266 1306 1310 1364 in·

301 1389 453 1451 credibilis
480 1388 688 1468 magnitudinis
718 1408 784 1451 ossa
817 1399 1011 1453 mortuorum.
1064 1391 1128 1453 Vidi
1156 1393 1220 1472 ipse
1251 1410 1310 1452 non

302 1477 394 1555 solus,
416 1477 468 1538 sed
486 1477 598 1556 aliquot
616 1494 732 1538 mecum
750 1477 781 1538 in
800 1477 932 1539 Uticensi
949 1479 1036 1540 litore
1054 1480 1193 1540 molarem
1216 1479 1309 1542 homi·
1329 1491 1363 1542 10

305 1569 349 1627 nis
363 1566 483 1626 dentem
498 1574 556 1626 tam
570 1568 728 1647 ingentem,
742 1575 785 1648 ut,
799 1569 825 1626 si
838 1570 869 1627 in
879 1576 1050 1629 nostrorum
1060 1568 1193 1629 dentium
1207 1569 1309 1629 modu·

303 1655 347 1715 los
365 1656 533 1715 minutatim
551 1654 766 1735 concideretur,
789 1664 908 1717 centum
932 1655 1018 1716 nobis
1040 1657 1191 1717 videretur
1213 1658 1311 1718 lacere

303 1745 445 1822 potuisse.
491 1740 549 1804 Sed
577 1743 659 1803 illum
687 1743 812 1822 gigantis
845 1743 969 1804 alicuius
1001 1745 1093 1804 luisse
1125 1745 1311 1806 crediderim,

303 1829 377 1891 Nam
409 1839 528 1909 praeter
559 1831 637 1909 quod
676 1840 760 1892 erant
796 1834 929 1892 omnium
960 1833 1053 1893 mrulto
1091 1851 1178 1912 quam
1209 1842 1311 1893 nostra

303 1921 415 1979 maiora
432 1926 504 1979 tunc
523 1936 656 1998 corpora,
679 1921 811 1998 gigantes
829 1919 916 1998 longe
935 1921 1044 1982 ceteris
1066 1921 1230 2002 anteibant,
1253 1924 1309 1981 sic·
1330 1932 1363 1983 15

305 2014 338 2068 ut
367 2004 431 2067 aliis
461 2006 566 2067 deinde
595 2009 764 2087 nostrisque
798 2006 981 2087 temporibus
1003 2027 1070 2069 rara
1093 2009 1225 2090 quidem,
1258 2010 1309 2070 sed

304 2111 465 2172 numquam
478 2095 571 2155 terme
590 2095 758 2176 defuerunt,
776 2114 851 2175 quae
869 2095 989 2158 modum
1008 2097 1132 2158 aliorum
1150 2098 1312 2178 plurimum

304 2183 492 2243 excederent,
536 2182 649 2244 Plinius
673 2183 843 2265 Secundus,
866 2184 1055 2246 doctissimus
1077 2186 1178 2260 homo,
1201 2195 1311 2265 quanto

304 2272 397 2350 magis
424 2272 578 2349 magisque
604 2273 747 2350 praeterit
778 2272 889 2332 saeculi
915 2290 1073 2351 excursus,
1105 2277 1218 2334 minora
1246 2282 1310 2335 corss

304 2376 376 2438 pora
400 2366 534 2419 naturam
561 2359 639 2419 serre
668 2367 806 2441 testatur;
835 2360 914 2439 quod
937 2363 1025 2421 etiam
1047 2361 1208 2422 llomerum
1232 2381 1310 2422 com·
1330 2374 1364 2422 20

304 2455 449 2508 memorat
467 2465 554 2526 saepe
573 2449 701 2507 carmine
721 2449 811 2508 luisse
831 2457 1037 2530 conquestum,
1058 2467 1118 2510 non
1137 2449 1210 2510 haec
1232 2450 1313 2511 velut

304 2537 420 2616 poetica
448 2535 586 2613 figmenta
613 2535 764 2616 deridens,
792 2535 844 2596 sed
872 2537 902 2596 in
930 2535 1100 2598 historicam
1128 2539 1216 2600 fldem
1239 2547 1311 2600 tam·

304 2641 392 2702 quam
413 2623 620 2684 miraculorum
640 2624 816 2685 naturalium
840 2626 970 2703 scriptor
991 2624 1157 2688 adsumens.
1193 2625 1312 2708 Verum,

304 2720 339 2773 ut
366 2709 439 2791 diri,
466 2713 654 2790 antiquorum
682 2713 899 2791 magnitudiues
927 2731 1086 2794 corporum
1109 2716 1227 2775 inuenta
1251 2715 1311 2796 ple·

304 2817 431 2879 rumque
447 2817 521 2879 ossa,
541 2802 678 2878 quoniam
692 2799 832 2861 diuturna
851 2808 929 2882 sunt,
949 2804 1038 2862 etiam
1057 2803 1148 2863 multo
1166 2806 1310 2882 posterio-
1331 2814 1364 2862 25

305 2887 389 2948 ribus
430 2887 555 2948 saeculis
594 2887 733 2966 produnt.
790 2888 943 2949 Annorum
979 2898 1087 2951 autem·
1115 2894 1312 2952 numerositas

304 2978 450 3054 cuiusque
474 2975 614 3053 hominis,
641 2993 716 3055 quae
740 2976 924 3055 temporibus
947 2977 1004 3038 illis
1028 2979 1096 3059 luit,
1120 2978 1209 3040 nullis
1232 2998 1312 3041 nunc

304 3063 413 3126 talibus
441 3063 626 3125 documentis
653 3066 754 3124 venire
781 3067 812 3124 in
841 3067 1075 3143 experimentum
1098 3075 1205 3146 potest.
1251 3068 1312 3129 Nec

304 3159 404 3212 tamen
418 3151 484 3212 ideo
503 3151 575 3212 fides
593 3170 693 3212 sacrae
713 3151 782 3212 huic
800 3153 940 3212 historiae
959 3153 1124 3233 deroganda
1149 3166 1204 3236 est,
1226 3159 1312 3217 errius

304 3249 386 3302 tanto
417 3240 610 3318 inpudentins
639 3249 755 3300 narrata
785 3257 845 3299 non
868 3241 1031 3322 credimus,
1063 3252 1172 3321 quanto
1194 3244 1312 3323 impleri
1331 3256 1365 3305 30

304 3330 417 3389 certius
435 3330 640 3407 praenuntiata
658 3329 866 3406 conspicimus.
911 3327 988 3390 llicit
1006 3339 1104 3391 tamen
1123 3333 1210 3392 ctiam
1233 3333 1312 3392 idem

305 3415 418 3476 Plinius
445 3434 511 3476 esse
538 3415 634 3478 adhuc
662 3424 794 3496 gentem,
823 3414 874 3476 nbi
904 3416 1048 3478 ducentos
1075 3436 1168 3479 anuos
1197 3421 1311 3480 vivitur.

377 3563 403 3630 e)
422 3563 490 3614 Aen.
508 3565 548 3624 12,
560 3565 658 3628 soesq.
687 3562 731 3630 rs)
746 3558 779 3612 N.
789 3557 823 3612 H.
840 3564 864 3625 a,
875 3565 916 3614 ro.
950 3562 994 3629 er)
1008 3559 1085 3614 run.
1102 3563 1244 3631 a‚4s(4e)‚
1256 3567 1314 3615 154.

377 3777 410 3825 ‘29
430 3771 496 3825 huic
516 3771 690 3826 VFGobev
709 3772 768 3839 (78,
783 3774 843 3840 15);
863 3771 945 3825 huius
960 3772 1044 3839 nep
1057 3773 1066 3839 ΙΙ
1080 3771 1245 3840 deneganda
1260 3773 1287 3827 R
