3284 4459
353 465 420 529 560
762 478 784 519 s.
798 478 963 521 nucusrnu

353 633 434 694 muS,
457 613 596 693 credere,
623 613 787 674 secundum
810 623 959 691 coguntur
981 623 1012 673 et
1034 632 1173 695 cernere,
1197 614 1275 693 quod
1300 635 1363 675 non

351 704 507 764 inveniunt
529 701 608 762 unde
631 703 670 762 sit
692 702 816 782 factum,
847 704 872 761 si
895 720 954 761 non
978 701 1105 763 eredunt
1126 705 1257 763 tertium.
1303 704 1363 765 Re·

352 793 499 851 surrectio
527 798 609 850 eerte
637 789 747 850 Christi
776 799 806 850 et
832 792 864 849 in
893 790 1006 850 caelum
1034 808 1102 850 cnm
1132 809 1220 851 carne
1248 794 1364 871 inqua

351 880 517 938 resurrexit
539 880 672 938 ascensio
696 886 758 938 toto
781 881 840 937 iam
869 878 977 939 mundo
1000 879 1189 957 praedicatur
1212 887 1242 939 11
1265 880 1363 941 credi·

317 975 415 1046 otur3
442 968 468 1027 si
490 966 639 1027 credibilis
667 984 726 1026 non
754 975 815 1045 est,
843 966 921 1027 unde
950 975 1011 1027 toto
1034 976 1182 1027 terrarum
1207 966 1279 1028 orbe
1302 971 1363 1029 iam

352 1055 464 1115 credita
496 1052 563 1116 est?
608 1054 641 1115 Si
664 1054 762 1134 multi,
790 1054 919 1135 nobiles,
948 1054 1102 1136 sublimeS,
1129 1055 1209 1116 docti
1240 1075 1305 1117 eam
1330 1077 1363 1117 se

352 1143 460 1204 vidisse
488 1144 628 1203 dixerunt
650 1151 680 1203 et
703 1143 782 1221 quod
805 1142 944 1203 viderunt
967 1143 1116 1203 dillamare
1141 1154 1293 1225 curarunt,
1316 1148 1361 1206 eis

352 1232 495 1293 mundum
518 1232 679 1292 credidisse
703 1248 763 1291 non
786 1233 894 1291 mirum
918 1239 979 1313 est,
1005 1230 1055 1291 sed
1080 1234 1153 1292 istos
1177 1232 1273 1293 adhuc
1297 1252 1362 1295 cre·

352 1321 423 1381 dere
447 1319 523 1380 nolle
541 1320 705 1399 perdurum
727 1327 786 1400 est3
808 1320 836 1379 si
858 1327 965 1399 autem,
989 1328 1022 1380 ut
1045 1338 1147 1381 verum
1171 1330 1226 1401 est,
1248 1325 1362 1403 paucis,

300 1420 333 1469 10
352 1408 497 1490 obscuriS,
511 1410 650 1489 minimis,
662 1408 790 1467 indoctis
804 1426 869 1467 eam
883 1426 914 1467 se
933 1407 1040 1467 vidisse
1057 1407 1225 1470 dicentibus
1240 1418 1270 1470 et
1289 1414 1362 1470 seri·

351 1497 491 1558 bentibus
510 1496 636 1557 credidit
654 1496 791 1577 mundus,
813 1514 868 1556 cur
881 1498 969 1575 pauci
988 1495 1220 1577 obstinatissimi,
1243 1500 1295 1577 qui
1314 1518 1362 1559 re-

352 1594 534 1666 manserunt,
556 1587 612 1664 ipsi
631 1585 741 1644 mundo
755 1586 813 1643 iam
832 1584 965 1645 credenti
984 1584 1079 1644 adhue
1098 1603 1193 1664 usque
1213 1604 1272 1646 non
1297 1606 1362 1647 cre·

353 1671 448 1735 dunt?
467 1675 518 1752 qui
531 1681 690 1752 propterea
709 1690 835 1733 numero
855 1675 961 1751 exigno
980 1672 1163 1751 ignobilium,
1182 1675 1363 1755 intimorum,

351 1764 548 1841 inperitorum
570 1759 722 1820 hominum
747 1760 880 1835 credidit,
904 1763 972 1839 qnia
995 1764 1024 1821 in
1048 1769 1108 1821 tam
1132 1763 1361 1842 contemptibili·

301 1862 334 1909 15
352 1850 409 1911 bus
431 1849 558 1910 testibus
586 1848 678 1909 multo
707 1848 870 1909 mirabilius
897 1849 1033 1909 divinitas
1062 1868 1094 1911 se
1117 1852 1181 1929 ipsa
1204 1854 1361 1931 persuasit.

351 1938 476 2018 Eloquia
499 1955 625 2015 namque
648 1936 906 2018 persuadentium,
930 1956 1005 2016 qnae
1029 1937 1175 2019 dicebant,
1198 1942 1272 1999 mira
1297 1942 1361 2001 lue·

352 2034 424 2087 runt
446 2026 535 2107 lacta,
562 2043 621 2085 non
644 2024 742 2085 verba.
788 2024 846 2096 Qui
868 2028 948 2085 enim
972 2024 1122 2087 Christum
1144 2029 1176 2088 in
1200 2045 1288 2088 carne
1312 2047 1360 2090 re·

352 2117 518 2176 surrexisse
541 2122 657 2175 etcum
679 2112 728 2173 illa
750 2115 782 2173 in
805 2112 918 2174 caelum
942 2114 1110 2175 ascendisse
1135 2133 1194 2175 non
1217 2116 1362 2198 viderant,

351 2203 381 2263 id
414 2222 446 2263 se
478 2203 585 2263 vidisse
617 2200 806 2262 narrantibus
836 2220 896 2261 non
925 2201 1115 2280 loquentibus
1146 2211 1274 2285 tantum,
1306 2206 1361 2266 sed

299 2304 333 2351 20
353 2295 440 2353 etiam
455 2292 577 2352 miriiiea
590 2288 767 2350 iacientibus
786 2291 868 2369 signa
882 2289 1051 2352 credebant.
1083 2288 1224 2353 Homines
1239 2295 1360 2375 quippe,

352 2399 427 2460 quos
449 2382 539 2441 unius
561 2378 615 2458 vol,
638 2386 672 2438 ut
694 2377 829 2456 multum,
851 2377 978 2439 duarum
1000 2378 1167 2459 linguarum
1191 2381 1282 2441 inisse
1306 2400 1360 2441 no-

351 2478 467 2550 verant,
495 2476 618 2547 repente
645 2466 754 2545 linguis
782 2468 914 2527 omnium
936 2469 1068 2545 gentium
1092 2467 1248 2548 loquentes
1271 2472 1360 2530 mira·

351 2557 450 2619 biliter
478 2555 650 2636 audiebant,
678 2553 815 2615 claudum
844 2553 879 2614 ab
903 2554 1046 2615 uberibus
1070 2559 1172 2617 matris
1195 2556 1231 2617 ad
1254 2575 1362 2619 eorum

351 2645 474 2706 verbum
497 2648 528 2705 in
551 2643 661 2704 Christi
684 2644 803 2703 nomine
825 2650 894 2721 post
917 2642 1108 2723 quadraginta
1131 2663 1223 2705 annos
1245 2645 1361 2707 ineolu-

299 2744 332 2793 15
352 2752 429 2793 mem
448 2733 625 2811 constitisse,
643 2730 761 2791 sudaria
775 2730 811 2791 de
826 2730 1000 2810 corporibus
1020 2751 1124 2794 eorum
1142 2732 1237 2794 ablata
1255 2752 1361 2795 sanan-

351 2821 397 2881 dis
423 2821 571 2899 proluisse
598 2818 820 2899 languentibus,
847 2821 877 2879 in
905 2821 951 2879 via
981 2838 1039 2899 qua
1061 2821 1180 2882 luerent
1202 2824 1361 2884 transituri

350 2910 463 2988 positos
490 2910 521 2967 in
548 2907 651 2967 ordine
678 2905 909 2968 innumerabiles
931 2908 1042 2970 morbis
1070 2911 1158 2971 variis
1181 2909 1361 2993 laborantes,

351 3006 385 3057 ut
404 2994 615 3057 ambulantium
634 3012 724 3072 super
742 3014 794 3055 eos
817 2994 922 3055 umbra
946 2999 1093 3079 transiret,
1116 3000 1257 3059 continuo
1281 2998 1359 3060 salu-

352 3094 412 3145 tem
443 3083 539 3145 solere
571 3085 706 3161 recipere
738 3092 769 3143 11
800 3082 854 3143 1111
887 3082 977 3144 multa
1009 3086 1153 3164 stupenda
1186 3090 1217 3147 in
1248 3086 1361 3149 Christi

299 3184 333 3233 80
351 3175 469 3233 nonnine
483 3190 538 3251 per
556 3188 607 3231 eos
626 3171 711 3249 lacta,
728 3179 879 3249 postremo
899 3174 986 3231 etiam
1004 3183 1137 3234 mortuos
1156 3178 1359 3237 resurrexisse

352 3260 521 3322 cernebant.
567 3260 648 3331 Quae
676 3260 715 3339 si,
742 3269 776 3319 ut
801 3259 954 3339 leguntur,
982 3270 1064 3339 gesta
1092 3280 1157 3323 esse
1181 3264 1360 3346 concedunt,

352 3367 422 3410 ecce
444 3357 489 3410 tot
509 3346 693 3409 incredibilia
715 3347 811 3406 tribus
834 3346 892 3406 illis
914 3347 1138 3410 incredibilibus
1161 3350 1304 3433 addimus,
1329 3363 1359 3414 et

351 3445 385 3498 ut
399 3438 537 3498 credatur
555 3454 648 3498 unum
666 3433 847 3515 incredibile,
866 3434 944 3514 quod
963 3436 1000 3497 de
1019 3440 1117 3498 carnis
1135 3443 1358 3500 resurrectione

418 3544 463 3611 23)
481 3542 583 3595 1111.
634 3543 679 3609 30)
697 3540 758 3592 Act.
778 3544 807 3606 33
826 3545 850 3594 4.

419 3669 436 3717 8
453 3666 535 3719 cerba
552 3664 602 3717 sed
622 3706 628 3716 .
645 3705 650 3714 .
668 3661 820 3730 perdurum
838 3663 881 3715 est
899 3679 949 3717 ona.
965 3663 1009 3731 12¹,
1027 3665 1140 3721 11111111
1156 3665 1278 3735 Hoffm.;
1295 3676 1363 3725 aunt

348 3740 439 3790 tamen
461 3735 492 3786 in
514 3734 570 3788 rell.
589 3732 665 3787 codd.
687 3738 712 3784 11
730 3733 883 3800 Auynetini
904 3739 930 3787 11
947 3734 1020 3804 Eup.
1044 3737 1054 3803 ΙΙ
1076 3739 1110 3789 10
1133 3737 1238 3806 quippe
1261 3755 1312 3793 om.
1333 3742 1363 3795 R
