3284 4459
573 525 769 567 nncmnarn
783 527 837 566 nur
848 527 876 566 1..
890 527 939 566 xv.
953 526 977 566 c.
992 527 1026 568 ro.
1040 528 1074 568 11.
1273 512 1313 575 77

307 660 451 739 ferretur,
480 659 644 723 secuudum
670 668 814 738 utrosque
842 661 961 722 codices
990 670 1141 721 trecentos
1165 663 1314 739 sexaginta

306 750 448 826 utrinque.
494 747 602 810 Octava
629 751 780 828 generatio
808 748 898 810 habet
924 749 1044 827 quidem
1070 748 1241 810 nonnullam
1271 749 1313 810 di·

307 838 491 916 versitatem,
513 837 565 897 sed
588 838 734 898 minorem
756 855 790 897 ac
813 836 984 897 dissimilem
1008 840 1124 897 ceteris.
1168 837 1314 898 Mathusa-

306 923 364 984 lam
389 927 506 1005 qnippe,
529 942 618 1004 quem
640 927 745 1003 genuit
765 924 877 1005 Enoch,
899 934 1058 1003 antequam
1078 928 1214 1003 gigneret
1237 945 1314 1006 eum,

306 1014 359 1091 qui
392 1015 422 1072 in
455 1015 519 1092 ipso
552 1012 656 1074 ordine
687 1015 840 1093 sequitur,
875 1014 1039 1074 secuudum
1070 1013 1222 1074 Hebraeos
1254 1028 1349 1075 nous

303 1109 428 1164 centum
455 1103 566 1181 miuus,
593 1101 645 1161 sed
673 1103 776 1180 viginti
799 1101 925 1180 amplius
947 1103 1019 1162 vixit
1041 1119 1146 1181 annos,
1174 1105 1225 1180 qui
1248 1122 1313 1164 rur-

307 1207 359 1250 sus
382 1190 413 1249 in
436 1192 561 1269 nostris,
584 1198 685 1268 postea
710 1207 797 1268 quam
821 1208 890 1252 eum
913 1191 1028 1269 genuit,
1050 1192 1242 1269 reperiuntur
1264 1192 1313 1251 ad·

306 1277 376 1356 diti,
400 1285 430 1337 et
452 1280 482 1338 iu
506 1280 640 1356 utrisque
664 1277 721 1338 sibi
744 1295 858 1342 summa
881 1280 1012 1338 universi
1034 1281 1152 1338 numeri
1174 1283 1314 1339 occurrit.

306 1365 340 1425 lo
368 1364 431 1426 sola
458 1383 534 1430 uuna
562 1367 766 1446 generatione,
797 1367 827 1426 id
856 1375 902 1426 est
928 1367 959 1426 iu
987 1368 1073 1426 annis
1094 1364 1235 1448 Lamech,
1262 1368 1315 1428 filii

305 1453 495 1534 Mathusalae,
516 1457 609 1533 patris
632 1463 730 1515 autem
749 1454 820 1534 Noe,
843 1469 958 1514 summa
980 1456 1180 1515 universitatis
1204 1455 1367 1519 disere-10

306 1551 364 1621 pat,
388 1541 440 1602 sed
464 1561 523 1603 oon
550 1542 718 1622 plurimum.
764 1541 875 1621 Viginti
903 1545 983 1602 enim
1006 1550 1198 1620 etquattuor
1221 1562 1314 1604 annos

306 1629 373 1709 plus
391 1632 500 1699 vixisse
518 1632 549 1691 in
568 1630 710 1692 Hebraeis
729 1648 817 1709 quam
840 1633 871 1691 in
894 1632 1005 1691 uostris
1028 1630 1180 1692 codicibus
1202 1634 1313 1693 inveni·

306 1727 363 1780 tur.
409 1718 541 1797 Namque
569 1727 725 1797 antequam
748 1721 884 1797 gigneret
906 1718 1017 1799 lilium,
1050 1721 1102 1796 qui
1124 1730 1246 1781 vocatus
1268 1730 1315 1781 est

306 1806 378 1886 Noe,
401 1826 454 1868 sex
472 1809 570 1868 miuus
588 1806 676 1867 habet
694 1810 725 1867 in
744 1806 887 1868 Hebraeis
905 1825 998 1884 quiam
1013 1810 1043 1866 in
1066 1809 1190 1888 uostris3
1211 1817 1314 1888 postea
1371 1794 1384 1818 ’

305 1913 376 1956 vero
400 1913 487 1973 quam
511 1911 579 1956 enm
601 1898 718 1973 genuit,
746 1897 866 1974 triginta
889 1896 1015 1974 amplius
1037 1897 1067 1955 in
1091 1896 1203 1957 eisdem
1226 1916 1314 1976 qoam
1334 1911 1367 1960 15

306 1985 337 2042 in
360 1985 479 2044 nostris.
525 1982 609 2044 Unde
637 2001 689 2044 sex
715 1983 774 2044 illis
803 1984 946 2044 detractis
968 1991 1083 2044 restant
1104 1986 1207 2064 viginti
1230 1995 1313 2064 quat-

306 2081 383 2152 tuor,
405 2079 440 2131 ut
462 2071 573 2132 dictum
597 2079 650 2132 est.
716 2129 719 2134 ,

713 2278 828 2344 Oreus
851 2279 906 2346 XI.

305 2408 352 2467 De
380 2410 469 2468 anuis
492 2407 701 2481 Mathusalae,
729 2411 817 2468 caius
845 2415 930 2468 aetas
957 2411 1201 2484 quattuordecim
1223 2415 1313 2472 anais

576 2498 720 2556 attactam
741 2499 863 2556 videtur
884 2500 1043 2558 excedere.
1332 2513 1367 2561 20

395 2617 454 2678 Per
475 2618 551 2678 hanc
575 2627 672 2678 autem
701 2619 928 2697 discrepantiam
951 2618 1154 2680 Hebraeorum
1176 2621 1313 2682 codicum

305 2716 395 2786 atque
423 2715 594 2766 nostrorum
622 2709 755 2767 exoritur
781 2706 831 2767 illa
859 2709 1053 2767 famosissima
1081 2711 1230 2789 quaestio,
1262 2710 1313 2771 uhi

306 2794 497 2855 Mathusalam
534 2796 769 2874 quattuordecim
803 2813 896 2855 annos
927 2798 1035 2856 vixisse
1072 2805 1141 2875 post
1171 2796 1313 2858 diluvium

306 2891 495 2964 conputatur,
518 2901 585 2943 cum
610 2886 756 2962 scriptura
780 2901 814 2943 ex
840 2884 986 2964 omuibus,
1009 2887 1114 2963 quiin
1137 2895 1217 2945 terra
1241 2895 1312 2947 tunc

306 2973 438 3050 fueraut,
462 2971 540 3031 solos
563 2980 630 3031 octo
653 2971 787 3030 homines
810 2975 841 3030 in
865 2990 932 3031 arca
956 2975 1076 3033 exitium
1101 2984 1313 3035 commemoret
1331 2990 1366 3037 25

305 3061 433 3119 evasisse
462 3059 575 3139 diluvii,
602 3061 631 3119 iu
664 3058 771 3138 quibus
794 3059 985 3120 Mathusalam
1009 3079 1068 3121 nou
1091 3061 1155 3122 suit.
1201 3062 1312 3123 Secun-

306 3147 377 3208 dum
396 3147 513 3206 codices
531 3150 609 3207 euim
629 3155 747 3207 nostros
769 3147 961 3208 Mathusalam
983 3151 1157 3228 priusquam
1179 3153 1313 3230 gigneret

305 3234 398 3316 illum,
421 3253 509 3318 quem
528 3237 640 3295 vocavit
658 3234 793 3316 Lamech,
815 3238 888 3296 vixit
905 3255 997 3296 annos
1020 3247 1139 3298 centum
1163 3242 1313 3319 sexaginta

306 3331 434 3402 septem3
458 3322 563 3383 deinde
582 3326 646 3403 ipse
665 3321 801 3402 Lamech,
825 3332 982 3402 antequam
1000 3343 1037 3384 ex
1055 3326 1104 3385 illo
1123 3335 1210 3386 uatus
1234 3338 1313 3388 esset

306 3410 383 3490 Noe,
412 3413 484 3470 vixit
510 3429 602 3471 annos
630 3419 750 3472 uentum
774 3414 920 3490 octoginta
945 3421 1026 3493 octo,
1054 3417 1105 3492 qui
1127 3415 1202 3474 tium
1225 3415 1312 3476 simul
1331 3431 1366 3478 30

307 3501 434 3560 trecenti
474 3501 685 3578 quinquaginta
727 3501 872 3581 quinque3
911 3500 958 3560 his
999 3499 1147 3562 adduntur
1184 3493 1313 3564 sescenti

375 3665 390 3711 2
414 3663 442 3712 et
465 3662 587 3726 quinque
610 3675 645 3712 eo
667 3660 676 3726 ll
699 3665 715 3710 3
738 3657 926 3711 mathusalem
946 3660 1006 3713 aba
1029 3661 1038 3729 ll
1062 3666 1095 3713 10
1113 3661 1311 3730 mat(h)usalae

311 3729 473 3798 VHAFep
492 3733 712 3798 (progr.p.19);
730 3727 919 3782 mathusalem
937 3730 996 3784 aba
1009 3732 1019 3798 ll
1034 3736 1067 3783 13
1085 3747 1206 3799 namque
1227 3733 1315 3787 VAF

307 3799 407 3866 Gabe3
425 3815 491 3852 nam
510 3799 602 3873 Ri’vi
617 3803 649 3851 16
669 3801 698 3852 et
716 3801 850 3868 quattuor
867 3816 901 3853 eo
