3284 4459
325 446 372 509 24
730 460 751 501 s.
765 460 931 506 anensem

322 592 464 676 (autem)
474 598 501 655 si
514 590 658 656 ἀπάθεια
671 594 721 655 illa
735 594 927 674 dicendaest,
937 613 1005 661 cum
1018 595 1151 654 animum
1159 594 1335 673 contingere

326 684 446 743 omnino
465 701 524 742 non
542 690 640 761 potest
657 680 736 741 ullus
754 682 886 761 allectus,
909 684 975 761 quis
994 681 1074 742 hune
1096 689 1250 760 stuporem
1271 700 1334 743 nou

326 770 464 831 omnibus
481 771 561 831 vitiis
578 770 689 831 iudicet
712 787 776 829 esse
800 766 956 848 peiorem?
980 768 1082 831 Potest
1104 787 1175 848 ergo
1199 787 1259 829 ncu
1282 768 1333 830 ab·

327 858 417 920 surde
436 858 494 919 dici
511 859 675 937 perfectam
697 856 910 919 beatitudinem
933 860 997 918 sine
1020 858 1141 919 stimulo
1163 860 1279 919 timoris
1300 867 1336 919 et

290 956 308 1005 t>
326 949 390 1007 sine
409 945 466 1006 ulla
485 947 605 1007 tristitia
623 947 766 1027 luturam;
789 964 850 1006 nou
867 945 909 1006 ibi
927 954 1025 1007 autem
1043 946 1177 1007 futurum
1200 964 1334 1007 amorem

326 1034 523 1113 gaudiumque
542 1036 609 1113 quis
627 1035 744 1114 dixerit,
767 1036 825 1094 nisi
843 1036 923 1095 omni
942 1034 1028 1095 modo
1051 1053 1068 1094 a
1090 1036 1213 1104 veritate
1236 1035 1332 1096 seclu-
1353 1026 1358 1036 ’

326 1119 399 1184 sus?
431 1121 464 1183 Si
495 1129 594 1185 autem
625 1117 758 1185 ἀπάθεια
788 1122 837 1183 illa
869 1130 928 1203 est,
961 1122 1012 1183 ubi
1044 1140 1099 1183 nee
1125 1131 1225 1184 metus
1254 1121 1335 1183 ullus

326 1219 457 1272 exterret
486 1228 541 1272 nee
571 1213 651 1289 angit
681 1210 779 1291 dolor,
809 1211 968 1272 aversanda
998 1213 1100 1271 estin
1128 1210 1182 1271 hac
1205 1212 1277 1291 vita,
1307 1214 1335 1271 si

325 1307 425 1380 reete,
455 1298 511 1359 hoc
539 1306 585 1359 est
613 1298 776 1360 secundnm
800 1298 910 1380 ileum,
937 1301 1034 1359 vivere
1058 1298 1206 1380 volumus3
1229 1301 1260 1360 in
1283 1298 1333 1359 illa

270 1400 308 1449 ,tu
325 1406 396 1449 vero
425 1386 526 1469 beata,
555 1404 630 1465 quae
659 1389 839 1465 sempiterna
870 1388 1068 1467 promittitur,
1097 1386 1182 1466 plane
1212 1404 1332 1466 speran-

326 1477 363 1538 da
385 1484 439 1535 est

414 1564 515 1624 Timor
535 1581 660 1641 namque
684 1562 742 1643 ille,
766 1563 801 1625 de
826 1582 885 1641 quo
908 1563 980 1624 dicit
1003 1563 1153 1643 apestolus
1171 1563 1334 1624 iohannes:

330 1653 429 1713 Timor
447 1669 507 1743 pon
526 1660 572 1712 est
589 1655 621 1711 in
639 1655 779 1725 caritate,
796 1654 854 1713 sed
866 1650 1007 1728 perfecta
1026 1655 1144 1713 caritas
1159 1651 1248 1726 sorar
1265 1656 1331 1712 mit-

327 1744 363 1801 tit
379 1744 532 1813 timorm
556 1742 628 1814 quia
651 1743 741 1801 timor
760 1757 891 1815 poenam
912 1741 1020 1810 laben
1042 1744 1097 1814 qui
1118 1747 1219 1800 autem
1240 1744 1332 1814 timet,

275 1840 308 1889 15
327 1846 387 1890 non
405 1835 450 1889 est
463 1827 620 1904 perfectus
638 1830 670 1887 in
693 1830 834 1907 caritate,
856 1846 915 1888 nou
939 1836 985 1889 est
1006 1829 1071 1889 eius
1093 1830 1212 1906 generis
1234 1830 1333 1906 timor,

327 1918 412 1977 cuius
434 1915 492 1995 ille,
515 1934 573 1994 quc
593 1913 714 1976 timebat
737 1915 887 1993 apestolus
904 1915 1022 1995 Paulus,
1045 1934 1083 1976 ne
1102 1915 1247 1976 Corinthii
1269 1934 1331 1977 ser-

327 2006 447 2086 pentina
475 2004 689 2065 seducerentur
718 2005 838 2083 astutia3
865 2003 945 2064 hunc
972 2005 1052 2063 enim
1080 2006 1217 2064 timorem
1243 2002 1334 2064 habet

327 2094 448 2173 caritas,
479 2093 568 2152 immo
596 2110 656 2151 non
683 2090 772 2152 habet
798 2093 856 2151 nisi
884 2093 1006 2171 caritas3
1038 2091 1090 2151 sed
1112 2091 1191 2152 illius
1213 2095 1332 2171 generis

327 2189 374 2241 est
395 2182 496 2261 timor,
520 2182 571 2259 qni
594 2197 654 2240 non
677 2181 776 2240 estin
799 2182 929 2259 caritate,
951 2179 988 2240 de
1012 2197 1071 2257 quo
1093 2182 1157 2260 ipse
1181 2181 1331 2259 apostolus

266 2280 308 2329 2ο
327 2268 436 2329 Paulus
456 2270 509 2329 ait:
533 2269 598 2328 Non
618 2272 697 2329 enim
715 2271 875 2343 accepistis
892 2270 1033 2343 spiritum
1050 2272 1204 2329 servitutis
1222 2273 1331 2330 iterum

328 2362 360 2419 in
386 2360 501 2418 timore.
546 2356 647 2417 Timor
673 2373 744 2416 vero
771 2355 819 2415 ille
847 2364 947 2417 castus
974 2374 1150 2434 permanens
1176 2358 1208 2416 in
1231 2374 1331 2416 saecu-

326 2445 388 2506 lum
412 2444 534 2524 saeculi,
562 2446 588 2504 si
615 2445 673 2503 erit
696 2451 726 2503 et
747 2445 777 2503 in
801 2444 902 2504 futuru
925 2444 1056 2524 saeculo,
1086 2437 1169 2525 (nam
1192 2462 1251 2521 qno
1274 2444 1332 2503 aliu

327 2533 414 2594 modo
433 2541 532 2611 potest
548 2531 679 2610 intellegi
696 2548 870 2610 permanere
889 2533 921 2591 in
938 2532 1089 2593 saeculum
1107 2526 1253 2613 saeculi?)
1272 2551 1332 2592 nen

329 2630 376 2682 est
406 2623 495 2681 timer
527 2628 682 2680 exterrens
708 2638 724 2679 a
752 2618 828 2679 malo
860 2618 939 2697 quud
967 2619 1102 2680 accidere
1131 2626 1248 2701 potest,
1279 2619 1331 2681 sed

275 2721 308 2770 25
328 2719 433 2770 tenens
460 2712 492 2768 in
519 2707 596 2769 bone
629 2706 708 2786 qnod
730 2710 826 2769 amitti
848 2725 907 2768 nou
930 2714 1036 2787 potest.
1082 2706 1137 2767 Ubi
1160 2710 1239 2768 enim
1261 2706 1332 2769 boui

328 2798 425 2876 adepti
448 2814 530 2857 amer
552 2794 733 2857 inmutabilis
756 2805 817 2876 est,
840 2796 983 2877 proiecte,
1005 2798 1031 2856 si
1053 2795 1112 2857 dici
1133 2804 1241 2876 potest,
1263 2795 1333 2857 mali

328 2886 449 2946 cavendi
471 2886 560 2945 timor
582 2901 707 2945 securus
735 2892 789 2945 est.
835 2884 962 2945 Timoris
985 2886 1094 2963 quippe
1117 2886 1191 2944 casti
1213 2885 1332 2955 nemine

329 2992 362 3034 ea
381 2973 514 3034 voluntas
533 2972 694 3050 significata
711 2981 767 3052 est,
789 2991 847 3051 qua
867 2991 921 3032 nos
939 2990 1060 3033 neeesse
1085 2974 1142 3034 erit
1164 2972 1241 3033 nulle
1264 2991 1331 3053 pec·

329 3079 413 3143 care,
436 3069 466 3121 et
487 3078 547 3120 non
570 3060 767 3124 sollieitudine
790 3061 982 3141 infirmitatis,
1004 3078 1042 3120 ne
1066 3061 1143 3122 forte
1165 3080 1333 3141 peccemus,

274 3161 309 3210 ³0
328 3149 381 3209 sed
403 3148 614 3227 tranquillitate
642 3150 773 3209 caritatis
800 3166 904 3209 cavere
931 3155 1094 3227 peccatum.
1139 3150 1198 3209 dut
1220 3151 1245 3209 si
1268 3148 1332 3209 nrrl·

329 3237 386 3297 lius
414 3238 533 3297 omnino
560 3238 678 3314 generis
706 3238 794 3297 timor
822 3254 888 3296 esse
910 3239 1020 3315 poterit
1043 3240 1074 3297 in
1096 3235 1146 3298 illa
1167 3239 1333 3298 certissima

328 3327 488 3385 securitate
520 3333 733 3403 perpetuorum
766 3323 955 3403 feliciumque
986 3324 1180 3407 gaudiorum,
1211 3327 1255 3386 sic
1287 3333 1333 3385 est

327 3459 358 3583 P‘
392 3462 488 3583 119110
507 3458 546 3513 10.
564 3464 591 3527 4,
610 3460 652 3512 1e.
690 3461 734 3526 rr)
753 3465 777 3513 2.
797 3458 858 3514 cor.
878 3465 921 3528 11,
939 3464 963 3513 a.
1001 3461 1046 3527 21)
1065 3460 1144 3514 Rom.
1164 3465 1189 3526 s,
1210 3464 1250 3513 aa.
1288 3462 1333 3525 22)

351 3547 371 3583 s.
428 3571 435 3598 ,
489 3570 495 3583 .

371 3742 372 3747 p
396 3682 411 3729 t
431 3675 524 3729 animo
539 3674 644 3730 reae
658 3676 667 3745 q
682 3680 715 3728 19
735 3659 1079 3745 alipedumque
1099 3674 1200 3729 umora
1220 3676 1339 3731 unua

310 3746 418 3815 “abest
436 3753 467 3801 ut
484 3746 560 3801 eoae
579 3746 682 3801 Amiat.
703 3746 804 3813 Fuld.;
823 3745 953 3799 timorem
972 3746 1002 3799 lv
