3284 4459
334 481 399 546 248
605 507 606 512 κ
638 479 641 492 '
740 493 761 536 s.
779 493 945 538 sususrmr

334 633 568 692 contrariorum.
636 629 820 691 Contumelia
863 636 893 690 et
934 637 1081 690 tormento
1123 633 1345 704 interroaemus
1457 624 1458 697 ζ

336 723 431 792 ilium,
455 725 489 776 ut
509 720 643 778 sciamus
665 719 867 778 reuerentiam
890 721 970 778 iilius
993 724 1023 779 et
1041 719 1203 793 prohemus
1221 723 1343 794 patiem-

337 809 410 864 tiam
434 809 507 864 eius.
553 807 654 867 Morte
692 809 865 882 turpissima
897 807 1130 867 condemnemus
1153 810 1253 878 ittam;
1284 810 1344 868 erit

326 898 414 955 'emim
445 897 475 955 ei
504 902 659 972 respectas
691 911 731 955 ea
761 896 951 955 sermonibus
978 897 1065 955 itlius.
1111 895 1198 956 Haec
1227 898 1340 969 capito

298 981 444 1044 =stiterunt
474 990 505 1044 et
534 991 739 1054 erraverunt;
784 985 964 1044 exeaecavit
1001 987 1080 1044 enim
1120 985 1185 1044 iilos
1224 985 1342 1044 matitia

336 1071 476 1146 ipsoram.
523 1070 557 1131 ln
572 1070 771 1132 ecclesiastico
791 1078 890 1130 autem
909 1070 982 1130 tides
996 1073 1130 1149 gentium
1143 1072 1244 1131 sutura
1258 1088 1340 1150 prae·

335 1159 444 1219 dicitur
466 1161 523 1219 isto
547 1159 647 1220 inodo:
676 1160 825 1220 Miserere
847 1162 959 1233 nostri,
983 1161 1153 1222 dominator
1177 1161 1259 1221 Deus
1280 1167 1340 1220 om

327 1251 430 1322 niam,
453 1254 483 1308 et
505 1251 620 1308 inmitte
643 1240 777 1308 timorem
801 1257 884 1308 tuam
906 1266 999 1322 saper
1022 1264 1122 1309 omnes
1142 1255 1264 1323 pentem
1285 1257 1340 1309 ex-

327 1340 403 1398 tolle
421 1353 542 1396 mamam
561 1344 643 1396 taam
665 1353 758 1412 super
778 1343 883 1410 pentes
906 1341 1022 1397 alienas
1045 1344 1075 1396 et
1095 1338 1219 1397 uideant
1236 1343 1341 1413 potem·

282 1436 317 1485 10
336 1427 409 1484 tiam
438 1432 528 1486 taam.
574 1425 662 1485 Sicut
688 1441 791 1484 coram
821 1427 879 1485 illis
908 1427 1117 1497 sanctificatas
1139 1443 1171 1486 es
1194 1427 1226 1485 in
1246 1426 1343 1500 nohis,

328 1514 379 1572 ¹ita
402 1530 507 1574 eoram
525 1514 611 1573 nohis
629 1516 835 1588 maanifieeris
858 1516 890 1573 im
910 1516 980 1588 illis,
1003 1523 1033 1574 et
1054 1519 1223 1587 aanoseant
1244 1521 1274 1573 te
1295 1531 1340 1574 se·

334 1603 472 1661 eandam·
495 1603 578 1680 qaod
607 1608 637 1661 et
662 1618 717 1663 nas
745 1604 921 1676 manavimus
943 1609 984 1673 te,
1012 1604 1086 1676 qaia
1107 1617 1168 1662 noo
1191 1607 1235 1662 est
1256 1601 1342 1662 aeus

327 1697 459 1765 praeter
490 1696 537 1765 te,
566 1690 701 1750 Domine.
750 1687 833 1749 Haste
863 1688 983 1768 optandi
1012 1698 1043 1749 et
1071 1689 1211 1767 precandi
1241 1691 1343 1768 specie

335 1775 520 1855 prophetiam
546 1794 601 1856 per
623 1777 720 1837 iesum
744 1775 895 1838 Christum
923 1777 1056 1838 videmus
1079 1777 1235 1857 impletam.
1281 1776 1342 1838 Sed

283 1875 316 1924 15
337 1864 477 1925 adversus
507 1864 740 1926 contradictores
770 1860 830 1926 hon
859 1875 941 1926 tanta
970 1866 1107 1926 firmitate
1135 1866 1343 1947 proteruntur,

336 1969 411 2031 quae
435 1955 626 2032 scriptanan
650 1956 771 2015 suntin
796 1960 908 2015 canone
931 1942 1115 2014 iudaeorum.

424 2037 457 2100 ln
483 2041 578 2102 trihus
607 2057 675 2102 vero
699 2041 769 2120 iiiis,
796 2059 871 2120 quos
895 2041 1059 2102 Salomonis
1082 2059 1148 2102 esse
1172 2049 1288 2103 constat
1311 2051 1343 2103 et

335 2127 436 2189 ludaei
465 2132 623 2191 canonicos
653 2129 777 2208 habent,
808 2137 842 2191 ut
870 2131 1044 2190 ostendatur
1072 2130 1107 2190 ad
1131 2129 1282 2191 Christum
1310 2139 1342 2192 et

331 2217 491 2278 ecelesiam
527 2213 691 2298 pertinere
714 2217 792 2297 quod
829 2220 859 2278 in
896 2220 939 2278 eis
967 2221 1041 2279 'eius
1070 2218 1149 2278 modi
1181 2222 1343 2298 reperitur,

282 2306 318 2368 2'0
336 2307 459 2385 operosa
489 2306 647 2385 disputatio
677 2308 843 2366 necessaria
871 2315 932 2386 est,
961 2325 1036 2385 quae
1064 2325 1119 2366 nos
1147 2306 1223 2367 ultra
1253 2316 1342 2385 quam

337 2404 469 2473 oportet,
501 2397 526 2456 si
558 2412 637 2454 nunc
665 2393 836 2474 adhibetur,
867 2395 1006 2455 extendit.
1059 2394 1169 2454 Tamen
1199 2395 1278 2474 quod
1310 2398 1342 2456 in

336 2482 500 2561 proverbiis
527 2481 648 2561 iegitur,
677 2485 754 2542 viras
782 2485 888 2561 impios
915 2483 1027 2544 dicere:
1060 2484 1288 2544 distendamus
1311 2487 1343 2544 in

336 2577 423 2632 terra
446 2575 544 2631 airam
567 2574 677 2631 iustum
700 2573 821 2644 iniuste,
845 2573 1060 2633 absorbeamus
1082 2588 1154 2632 aero
1177 2589 1244 2632 eam
1267 2580 1341 2632 tam-

337 2675 427 2732 quam
445 2657 584 2734 infernas
602 2662 746 2720 uiuentem
768 2665 798 2720 et
820 2658 996 2735 auferamus
1019 2663 1085 2720 eius
1106 2663 1281 2720 memoriam
1304 2662 1344 2721 de

281 2746 439 2828 interra,
466 2750 682 2823 possessionem
705 2749 769 2808 eius
788 2751 954 2823 pretiosam
977 2750 1252 2824 adprehendamas,
1277 2755 1343 2809 'nuh

337 2837 377 2894 ita
402 2834 564 2894 obscurum
592 2845 652 2915 est,
682 2844 716 2895 ut
743 2835 779 2895 de
802 2834 920 2896 Christo
943 2844 974 2896 et
995 2837 1183 2915 possessione
1205 2839 1270 2896 eius
1291 2841 1342 2896 he·

325 2922 427 2982 'elesia
445 2926 508 2982 sine
528 2921 672 2982 laboriosa
691 2925 873 3001 expositione
897 2942 955 2984 non
981 2927 1075 3003 possit
1095 2923 1234 3003 intellegi.
1271 2916 1343 2985 Tale

338 3013 447 3090 'quippe
470 3010 579 3089 ahquid
604 3013 691 3072 etiam
711 3010 852 3072 Dominus
875 3013 938 3090 ipse
961 3012 1045 3073 lesus
1066 3029 1122 3091 per
1145 3013 1342 3091 evangelicam

337 3097 504 3178 parabolam
532 3100 660 3160 ostendit
686 3099 794 3161 dixisse
819 3099 910 3160 malus
933 3101 1066 3161 colonos:
1094 3101 1155 3161 Hie
1178 3107 1222 3163 est
1243 3092 1343 3176 heres,

284 3192 448 3260 woemite,
477 3190 652 3249 occidamus
681 3205 761 3268 eum,
788 3197 818 3250 et
837 3196 943 3250 nostra
965 3192 1025 3250 erit
1045 3190 1209 3252 hereditas.
1253 3188 1343 3275 item·

325 3286 396 3355 due
423 3275 494 3336 illud
522 3278 553 3337 in
580 3275 684 3336 eodem
714 3276 803 3356 libro,
831 3277 909 3354 quod
933 3279 990 3337 ium
1013 3287 1081 3338 unte
1104 3277 1344 3357 perstrinximus,

337 3382 406 3425 cum
433 3381 588 3443 ageremus
615 3363 652 3424 de
676 3364 782 3446 sterili,
810 3383 884 3443 quae
907 3368 1024 3445 peperit
1046 3374 1173 3446 septem,
1200 3368 1343 3427 nonnisi

336 3548 347 3558 „
384 3502 435 3571 s)
454 3497 518 3568 Sap.
543 3483 578 3566 2,
601 3505 633 3553 12
657 3517 727 3572 sqq„
760 3499 912 3569 1³)Ecch'.
936 3507 984 3569 ss,
1008 3506 1022 3554 1
1047 3517 1106 3569 sqq.
1143 3504 1188 3568 so)
1210 3499 1291 3556 Prov.
1318 3508 1345 3570 1,

327 3576 369 3647 ζ11
391 3587 449 3638 sqq.
486 3571 531 3637 30)
549 3570 597 3626 Mt.
617 3576 661 3638 21,
680 3575 722 3626 38.
760 3573 805 3639 31)
826 3569 855 3625 C.
874 3577 899 3626 4.

337 3695 551 3706 ...μ--κ

412 3767 428 3814 8
447 3761 586 3826 eiusRit3
600 3753 682 3815 illius
702 3761 771 3826 Fas
782 3750 872 3828 ipsius
890 3761 1001 3830 Aeypa
1019 3761 1080 3828 1128
1098 3759 1159 3828 ipse
1177 3775 1228 3814 mn.
1246 3759 1276 3815 R
1301 3760 1304 3766 ’
1324 3769 1328 3776 “
