3284 4459
335 462 400 525 536
736 472 937 517 snuuusrnu

335 610 493 671 multitudo
520 611 691 669 dulcedinis
713 615 798 682 tuae,
821 609 963 685 Domine,
985 626 1077 684 auum
1099 610 1287 669 abscondisti
1308 611 1347 668 ti·

335 699 483 759 mentibus
505 704 543 771 te,
561 694 724 773 perfecisti
741 705 842 758 autem
864 697 1065 773 sperantibus,
1089 714 1149 756 non
1172 698 1202 755 in
1226 714 1268 775 se,
1291 696 1347 756 scd

336 790 368 847 in
390 787 436 846 te!
472 782 611 845 Omnium
638 786 738 863 itaque
766 786 925 846 miseretur
955 802 1091 845 vasorum
1114 784 1348 845 misericordiae.

336 873 413 944 uuio
436 880 483 933 est
508 868 663 933 omnium?
708 871 746 933 Et
774 891 880 933 eorum
904 873 1017 933 scilicet
1039 890 1114 951 quos
1138 890 1174 932 en
1197 871 1349 953 gentibus,

301 970 367 1022 uel
388 979 494 1021 eurum
516 978 591 1039 quos
614 978 651 1021 ex
669 960 785 1021 ludaeis
807 960 1037 1040 praedestinavit
1060 961 1182 1039 vocavit,
1205 961 1348 1021 iustifica-

334 1050 377 1109 vit
398 1048 581 1131 glorificavit,
603 1066 663 1111 non
686 1048 839 1109 hominum
862 1050 1003 1128 omnium,
1026 1048 1079 1109 sed
1101 1050 1228 1110 istorum
1251 1050 1349 1109 omui-

335 1155 387 1198 um
410 1140 560 1199 neminem
582 1136 783 1198 damnaturus.

721 1377 838 1445 Gerar
859 1377 963 1445 XXV.

336 1510 384 1569 An
406 1510 455 1581 bi,
485 1510 540 1584 qui
565 1511 646 1568 inter
668 1509 840 1569 baereticos
863 1509 1015 1584 baptizati
1034 1513 1106 1569 sunt
1127 1515 1157 1569 et
1178 1508 1352 1569 deteriores

287 1608 318 1658 10
333 1602 441 1672 postea
463 1600 541 1658 male
563 1597 688 1657 uiuendo
704 1594 786 1670 sacti
805 1602 886 1669 sunt,
908 1598 957 1657 nel
976 1597 1016 1669 bi,
1039 1598 1094 1671 qui
1115 1599 1200 1671 apud
1221 1597 1349 1658 catltoli-

338 1701 390 1744 cos
420 1687 524 1744 renati
551 1686 595 1743 ad
620 1686 763 1744 baereses
794 1690 849 1744 ant
877 1684 1042 1745 schismata
1070 1687 1274 1759 transierunt,
1302 1688 1354 1745 uel

337 1774 378 1846 bi,
401 1774 456 1847 qui
476 1789 496 1831 a
519 1772 677 1832 catholicis
700 1774 786 1848 apud
806 1788 881 1845 quos
902 1775 1006 1831 renati
1026 1779 1098 1833 sunt
1118 1790 1179 1833 non
1202 1775 1350 1834 receden-

338 1866 382 1921 tes
405 1862 567 1921 eriminose
584 1863 686 1921 viuere
699 1863 909 1935 perstiterunt,
928 1862 1045 1937 possint
1060 1863 1222 1936 priuilepio
1240 1879 1350 1922 sacra-

413 1954 581 2009 mentorum
603 1951 809 2009 remissionem
832 1951 953 2008 oeterni
972 1965 1101 2024 sperem
1122 1952 1272 2025 supplicii.

287 2082 320 2133 tn
428 2070 487 2133 Sed
514 2072 573 2131 iam
601 2070 833 2150 respondeamus
864 2072 951 2131 etiam
980 2069 1055 2151 illis,
1083 2072 1135 2149 qui
1162 2089 1222 2133 non
1252 2072 1352 2133 solum

338 2157 453 2219 diabolo
474 2168 504 2219 et
522 2158 633 2237 angelis
651 2160 725 2239 eius,
748 2160 827 2219 sicut
844 2176 900 2218 nec
918 2160 977 2239 isti,
1000 2158 1052 2219 sed
1071 2176 1108 2219 ne
1132 2160 1205 2238 ipsis
1228 2160 1352 2238 quidem

339 2247 477 2309 omnibus
498 2244 669 2325 hominibus
695 2245 901 2307 liberationem
930 2245 967 2305 ab
990 2254 1111 2306 aeterno
1134 2249 1202 2325 igue
1225 2250 1350 2327 promit-

339 2343 419 2416 tuut,
448 2353 553 2396 verum
575 2336 619 2395 eis
642 2341 770 2415 tantum,
798 2336 850 2413 qui
873 2333 984 2394 Christi
1005 2333 1180 2413 baptismate
1203 2335 1296 2397 abluti
1319 2344 1354 2397 et

339 2425 474 2503 corporis
496 2425 562 2484 eius
583 2430 614 2483 et
636 2424 788 2501 sanguinis
809 2423 969 2501 participes
993 2422 1063 2482 iacti
1086 2432 1165 2501 sunt,
1187 2424 1351 2502 quomodo-

287 2510 411 2573 colibet
429 2513 565 2590 vixerint,
588 2512 618 2571 in
638 2528 824 2588 quacumque
846 2509 962 2569 haeresi
985 2508 1031 2569 vel
1054 2511 1204 2589 impietate
1228 2512 1352 2573 suerint.

341 2599 399 2659 Sed
431 2598 607 2660 contradicit
643 2599 687 2658 eis
718 2598 869 2677 apostolus
902 2598 1016 2658 dicens:
1049 2598 1217 2674 Manifesta
1248 2608 1353 2661 antem

339 2694 411 2747 sunt
428 2704 522 2762 opero
540 2688 654 2763 cornis,
672 2703 752 2762 quae
768 2693 840 2746 sunt
854 2684 1030 2760 fornicatio,
1050 2689 1240 2762 inmunditia,
1259 2692 1351 2749 lucu-

340 2777 401 2849 rio,
424 2776 573 2835 idolorum
590 2776 728 2849 servitus,
751 2776 907 2847 veneficia,
926 2776 1112 2855 inimicitiae,
1135 2780 1352 2850 contentiones,

341 2864 565 2936 aemulationes,
584 2864 798 2935 animositates,
812 2863 1020 2936 dissensiones,
1038 2864 1188 2938 boereses,
1208 2866 1352 2940 incidiae,

290 2964 323 3014 25
343 2951 512 3024 ebrietates,
535 2951 745 3011 comisationes
762 2957 793 3011 et
809 2951 857 3011 bis
879 2952 1006 3021 similia;
1029 2967 1108 3025 quae
1126 2954 1277 3027 praedico
1301 2970 1351 3013 oo-

342 3039 397 3112 bis,
418 3040 498 3098 sicut
512 3040 668 3114 praedixi,
691 3041 833 3113 qnoniam
856 3040 910 3111 qui
931 3040 1006 3097 tolia
1024 3045 1122 3112 aponi
1142 3057 1270 3114 reanum
1293 3041 1355 3101 Dei

342 3144 403 3187 non
426 3127 629 3203 possidebunt.
675 3125 754 3185 Haec
781 3126 914 3204 proiecto
942 3124 1102 3203 apostolica
1130 3125 1202 3186 ialsa
1231 3137 1351 3188 seuten-

342 3216 383 3275 tia
406 3223 464 3295 est,
491 3215 517 3273 si
539 3212 612 3274 tales
635 3222 703 3292 post
725 3212 907 3292 quantalibet
929 3220 1064 3291 tempora
1085 3212 1202 3276 liberati
1224 3233 1352 3294 regnum

343 3302 397 3363 Dei
425 3300 628 3381 possidebunt.
674 3299 732 3361 Sed
762 3303 901 3379 quoniam
931 3300 1002 3360 falsa
1032 3319 1092 3361 non
1122 3312 1184 3383 est,
1216 3305 1351 3382 proiecto

411 3428 455 3492 2⁹1)
474 3420 535 3475 Gal.
556 3425 697 3488 5,19sqq.

412 3605 426 3651 1
452 3595 642 3651 metuentibus
665 3597 712 3649 Ae
732 3598 742 3664 ss
764 3600 780 3648 o
806 3594 931 3649 omnium
952 3594 1097 3648 hominnm
1116 3596 1176 3649 aba
1198 3596 1208 3664 ΙΙ
1231 3600 1266 3648 10
1289 3598 1356 3649 saniz

339 3670 411 3725 fecti
425 3670 460 3737 sp
473 3670 483 3736 fl
496 3672 530 3720 25
549 3666 674 3720 comitet.
690 3666 752 3734 R¹p
771 3669 810 3733 (5,
823 3670 886 3732 22);
906 3665 1140 3732 comesnt.1l¹b¹;
1160 3666 1298 3720 comissst.
1314 3667 1354 3734 e¹;

342 3738 486 3797 comesset.
506 3738 670 3805 (commem.)
688 3734 905 3803 Aduob’eipo
