3284 4459
741 537 762 579 S.
776 536 942 580 Auousrm

731 754 851 822 Garun
870 756 956 822 XIX.

441 885 488 946 Bc
508 887 739 960 sionificotione,
761 900 841 959 quoe
863 888 895 945 in
918 886 1024 946 Enocii
1046 889 1247 948 translatione

745 980 941 1035 monstratur.

427 1097 501 1158 Nam
533 1106 563 1158 et
589 1099 645 1156 ista
674 1114 819 1177 propago,
850 1099 936 1157 cuius
956 1105 1011 1157 est
1037 1106 1122 1175 pater
1145 1097 1231 1178 Seth,
1258 1099 1290 1158 in
1313 1118 1348 1160 ea

305 1187 530 1266 ogeneratione
557 1183 646 1245 hahet
674 1183 866 1246 dedicationis
893 1203 1016 1266 nomen,
1045 1202 1120 1262 quae
1147 1188 1273 1266 septima
1302 1197 1349 1249 est

340 1293 377 1336 ex
390 1274 482 1334 Adam
500 1274 692 1334 adnumerato
706 1272 805 1333 Adam.
852 1272 1003 1353 Septimus
1025 1275 1105 1334 enim
1127 1273 1164 1334 ab
1187 1274 1236 1334 illo
1260 1283 1348 1336 natus

341 1370 387 1424 est
413 1363 529 1443 Enoch,
562 1360 640 1440 quod
667 1363 882 1440 interpretatur
913 1361 1067 1422 dedicatio.
1118 1361 1177 1422 Sed
1204 1364 1269 1442 ipse
1302 1373 1349 1424 est

339 1450 388 1512 ille
411 1449 580 1531 translatus,
603 1450 743 1528 quoniam
760 1448 872 1528 placuit
889 1448 960 1531 Deo,
983 1458 1014 1510 et
1035 1452 1144 1529 insigni
1168 1468 1293 1512 numero
1315 1454 1348 1512 in

339 1538 443 1600 ordine
466 1539 702 1618 generationum,
728 1556 789 1615 quo
812 1537 966 1599 sabbatum
989 1547 1196 1601 consecratum
1218 1548 1277 1619 est,
1300 1557 1345 1600 se·

287 1641 321 1690 10
339 1630 431 1707 ptimo
460 1627 573 1687 scilicet
599 1624 635 1686 ab
661 1626 761 1686 Adam.
806 1625 851 1686 Ab
881 1628 947 1707 ipso
979 1634 1078 1687 autem
1108 1635 1193 1706 patre
1220 1630 1346 1688 istarum

340 1717 576 1795 generationum,
604 1731 678 1793 quae
702 1714 915 1776 discernuntur
936 1733 953 1774 a
975 1716 1117 1794 progenie
1140 1714 1225 1798 Cain,
1246 1715 1278 1777 id
1301 1724 1348 1777 est

339 1822 356 1864 a
384 1803 469 1884 Seth,
501 1810 602 1863 sextus
630 1811 690 1882 est3
723 1810 813 1881 quoto
841 1803 888 1864 die
916 1804 1012 1864 iactus
1040 1811 1086 1864 est
1112 1803 1201 1862 homo
1224 1812 1255 1865 et
1276 1823 1346 1866 con-

340 1893 496 1954 summavit
514 1890 593 1952 neus
611 1893 709 1951 omnia
728 1909 817 1970 opera
837 1909 898 1952 sua.
944 1890 1004 1952 Sed
1021 1890 1111 1952 huius
1129 1891 1232 1954 Enoch
1251 1900 1346 1954 trans·

338 1980 408 2042 latio
443 1988 560 2040 nostrae
592 1977 785 2040 dedicationis
817 1987 864 2040 est
888 1980 1082 2060 praetigurata
1110 1979 1219 2040 dilatio.
1264 1979 1346 2052 Quae

287 2081 322 2130 15
341 2067 460 2148 quidem
492 2069 550 2128 iarn
578 2067 654 2127 iacta
682 2075 727 2127 est
753 2069 784 2126 in
812 2066 930 2128 Christo
958 2070 1053 2148 capite
1080 2075 1196 2148 nostro,
1223 2071 1275 2148 qui
1303 2071 1348 2130 sic

340 2158 515 2237 resurrexit,
537 2163 648 2216 utnon
666 2157 810 2216 moriatur
828 2155 964 2237 ulterius,
986 2157 1039 2216 sed
1059 2157 1147 2217 etiam
1163 2158 1228 2236 ipse
1251 2165 1346 2218 trans·

339 2245 416 2306 latus
439 2253 498 2325 est,
526 2251 619 2305 restat
646 2252 745 2304 autem
772 2241 862 2304 altera
886 2243 1029 2305 dedicatio
1053 2247 1209 2305 universae
1231 2245 1348 2326 domus,

340 2335 425 2394 euius
440 2335 519 2412 ipse
548 2331 683 2393 Christus
710 2340 756 2392 cst
783 2331 1020 2414 fundamentum,
1048 2351 1123 2411 quae
1150 2332 1288 2412 ditiegtur
1314 2335 1347 2395 in

339 2423 442 2502 finem,
470 2419 586 2499 qnando
611 2422 668 2480 erit
690 2421 823 2481 omnium
843 2423 1026 2482 resurrectio
1049 2439 1109 2481 non
1132 2423 1348 2482 moriturorum

286 2509 474 2589 etamplius.
520 2507 587 2584 Sive
620 2515 718 2569 autem
751 2508 855 2570 domus
883 2508 936 2570 Dei
967 2510 1083 2570 dicatur
1110 2511 1171 2570 sive
1203 2508 1347 2589 templum

338 2597 391 2658 Dei
415 2600 476 2658 sive
499 2598 601 2657 civitas
623 2594 691 2676 Dei,
721 2597 753 2657 id
775 2599 874 2676 ipsum
897 2606 1020 2658 estnec
1048 2597 1226 2658 abhorrete
1250 2597 1347 2659 Latini

339 2685 448 2765 eloquii
476 2683 698 2746 consuetudine.
742 2684 816 2745 Nam
844 2694 875 2746 et
902 2683 1047 2765 Vergilius
1074 2687 1348 2766 imperiosissimam

339 2777 487 2835 civitatem
509 2773 630 2834 domum
652 2773 779 2853 appellat
800 2774 943 2855 Assaraci,
966 2773 1113 2834 Romanos
1136 2773 1237 2835 volens
1259 2774 1346 2834 intei-

338 2862 409 2944 legi,
437 2865 488 2942 qui
515 2860 551 2922 de
574 2862 716 2921 Assaraco
744 2879 798 2940 per
820 2861 964 2922 Troianos
991 2865 1135 2941 originem
1163 2861 1293 2944 ducunt3
1316 2871 1348 2923 ct

286 2963 321 3012 25
341 2951 460 3011 domum
482 2951 598 3010 Aeneae
622 2950 741 3010 eosdem
763 2952 858 3031 ipsos,
887 2952 955 3029 quia
978 2969 1013 3010 eo
1037 2951 1111 3012 duce
1134 2950 1255 3011 Troiani
1277 2969 1348 3012 cum
1463 2958 1464 3037 ζ

338 3037 449 3100 ltaliam
468 3041 618 3098 venissent
636 3036 672 3097 ab
691 3039 735 3098 eie
758 3039 876 3099 condita
898 3048 944 3098 est
962 3038 1063 3100 Roma.
1108 3038 1242 3100 Imitatus
1265 3057 1346 3100 nam·

340 3144 396 3205 qne
421 3134 467 3187 est
483 3133 570 3206 poeta
588 3125 636 3186 ille
654 3125 769 3187 litteras
792 3144 900 3208 sacras,
921 3129 952 3187 in
976 3127 1085 3205 quihus
1108 3126 1217 3189 dicitur
1239 3127 1349 3188 domus

339 3214 425 3275 iacob
448 3217 506 3275 iam
529 3216 633 3293 ingens
655 3214 783 3294 populus
805 3213 1017 3276 Hebraeorum.

410 3395 454 3462 ee)
472 3396 541 3446 Aen.
564 3399 587 3460 1,
602 3398 667 3462 284³
687 3399 712 3461 a,
727 3399 769 3447 er.

409 3609 425 3656 6
444 3619 479 3658 ex
497 3604 581 3658 edam
600 3605 838 3674 usercam
857 3605 893 3659 eb
907 3605 999 3660 Adam
1015 3623 1051 3662 eo
1063 3609 1073 3677 ss
1087 3614 1120 3663 11
1139 3609 1294 3681 propagine
1308 3613 1350 3681 oi

340 3679 371 3726 13
390 3673 582 3740 menelotione,
602 3676 675 3744 quod
688 3677 771 3745 prius
788 3678 963 3742 conieceram,
979 3683 1020 3732 eet
1031 3679 1063 3731 iu
1076 3697 1095 3732 o
1107 3682 1117 3748 u
1131 3686 1165 3734 28
1182 3681 1241 3734 iam
1256 3683 1351 3738 ΠΜ

338 3745 461 3800 Fdaoe
480 3746 526 3814 (cf.
546 3747 563 3800 i.
578 3749 595 3799 3
613 3761 635 3799 c.
649 3749 685 3800 24
699 3747 754 3814 r'u.;
772 3747 789 3801 l.
805 3751 823 3800 4
840 3763 862 3801 c.
877 3751 894 3801 5
908 3749 974 3816 iu.);
994 3764 1060 3801 nem
1074 3767 1127 3818 pr3
1146 3752 1240 3807 tamo
