3284 4459
737 521 758 564 Β.
772 521 938 564 undosum

734 723 850 790 Curuo
871 723 927 791 XI.

333 855 421 926 Quod
446 871 483 914 ea
507 856 649 930 primitas
676 855 781 927 linquo
807 855 839 912 in
867 870 924 913 asu
947 854 1098 912 hominum
1118 850 1228 932 suerit,
1255 869 1338 926 quae

366 949 471 1019 posteo
495 942 637 1002 Hebraea
660 943 699 1001 ub
722 940 824 1001 Heder
847 943 966 1001 nornine
987 947 1165 1016 nuncupate
1187 948 1240 1014 est,
1263 944 1294 1000 in
1326 947 1329 951 '

439 1032 527 1089 caios
547 1028 667 1104 familia
690 1031 848 1102 remansit,
871 1045 941 1089 eum
964 1030 1125 1088 diversitas
1148 1035 1225 1088 esset

292 1137 308 1183 a
683 1115 771 1192 saeta
794 1119 978 1192 linguarum

336 1308 340 1318 ,
419 1241 511 1312 Quam
539 1240 577 1300 ob
608 1259 671 1301 rem
695 1241 772 1301 sieut
795 1239 893 1319 lingua
918 1257 976 1301 una
1000 1258 1068 1301 eum
1091 1249 1172 1302 esset
1192 1242 1336 1320 omnium,

330 1349 388 1406 non
407 1329 473 1390 ideo
493 1330 543 1390 filii
562 1327 747 1408 pestilentiae
767 1329 926 1389 doluerunt
945 1323 1026 1410 (uam
1050 1337 1080 1389 et
1101 1338 1169 1390 ante
1192 1328 1335 1393 diluvium

331 1437 389 1480 una
413 1427 477 1478 erat
501 1416 607 1497 lingua,
631 1424 780 1477 ettamen
804 1434 907 1477 omnes
930 1426 1048 1496 praeter
1072 1434 1159 1477 ernam
1177 1415 1239 1477 Noe
1263 1418 1335 1478 iusti

330 1508 449 1568 domum
484 1506 576 1566 deleri
611 1504 719 1565 diluvio
750 1498 954 1587 meruerunt):
985 1507 1042 1586 ita,
1079 1504 1195 1585 quando
1228 1507 1335 1566 merito

281 1613 312 1658 10
332 1596 461 1656 elatioris
491 1595 650 1673 impietatis
680 1601 784 1672 gentes
818 1592 986 1672 linguarum
1015 1592 1184 1654 diversitate
1214 1595 1335 1672 punitae

332 1694 419 1763 atque
438 1682 546 1744 divisae
571 1691 640 1743 sunt
663 1691 693 1742 et
716 1683 817 1742 civitas
840 1683 999 1761 impiorum
1022 1681 1204 1742 confusionis
1227 1700 1336 1742 nomen

332 1774 457 1852 accepit,
480 1771 536 1832 hoo
559 1779 614 1852 est,
637 1769 779 1850 appellata
802 1781 848 1831 est
870 1768 1008 1850 Babylon,
1031 1788 1091 1829 nou
1113 1767 1208 1831 deluit
1230 1769 1337 1830 domus

331 1859 444 1941 Heber,
467 1858 517 1921 ubi
541 1877 574 1919 ea
598 1877 673 1937 quaa
697 1867 781 1918 antea
805 1859 862 1919 luit
884 1861 1015 1919 omnium
1038 1856 1137 1937 lingua
1159 1866 1336 1920 remaneret.

331 1948 431 2028 Unde,
461 1950 538 2009 siout
564 1965 653 2026 supra
682 1949 857 2028 memoravi,
886 1965 955 2007 oum
978 1948 1145 2026 coepissent
1167 1949 1338 2008 enumerari

280 2054 311 2101 15
331 2037 384 2106 filii
407 2037 489 2117 Sem,
512 2039 563 2115 qui
586 2035 693 2113 singuli
716 2044 819 2113 gentes
843 2035 972 2114 singulas
995 2044 1200 2116 procrearunt,
1221 2031 1340 2114 primus

332 2134 378 2187 est
400 2123 621 2186 commendatus
644 2121 757 2206 Heber,
780 2142 849 2185 oum
872 2127 911 2184 sit
933 2122 1062 2202 abnepos
1085 2125 1187 2205 ipsius,
1209 2122 1267 2184 hoo
1290 2133 1337 2186 est

333 2213 369 2274 ab
399 2213 448 2274 illo
479 2215 600 2292 quintus
630 2213 796 2294 inueniatur
827 2220 955 2273 exortus.
1006 2211 1081 2282 Ouia
1110 2230 1180 2291 ergo
1210 2212 1241 2272 in
1271 2214 1337 2274 eius

331 2302 438 2364 familia
457 2303 598 2362 remansit
616 2299 689 2360 haee
708 2299 816 2381 lingua,
840 2299 941 2362 divisis
959 2318 1014 2380 per
1031 2299 1101 2361 alias
1120 2299 1234 2379 linguas
1258 2310 1335 2361 oete·

331 2394 373 2452 ris
387 2390 533 2471 gentibus,
552 2407 627 2469 quae
642 2388 740 2468 lingua
754 2391 838 2468 prius
852 2388 980 2450 humano
999 2390 1101 2467 generi
1119 2406 1178 2449 non
1197 2390 1336 2449 inmerito

279 2495 313 2543 20
332 2479 463 2540 creditur
483 2479 573 2538 luisse
592 2478 766 2558 eommunis,
789 2476 856 2537 ideo
879 2476 1018 2556 deinceps
1037 2475 1169 2537 Hebraea
1193 2486 1239 2537 est
1261 2495 1336 2537 nun·

333 2577 445 2646 eupata.
491 2565 575 2627 Tune
598 2566 676 2625 enim
701 2583 776 2643 opus
799 2572 950 2631 erateam
973 2564 1113 2643 distingui
1136 2563 1172 2624 ab
1196 2562 1260 2625 aliis
1282 2564 1336 2627 lio·

332 2658 398 2735 guis
430 2657 549 2714 nomine
580 2655 717 2734 proprio,
753 2654 830 2714 siout
861 2652 933 2713 aliae
965 2671 1083 2731 quoque
1116 2660 1234 2713 vocatae
1266 2661 1338 2714 sunt

333 2742 501 2804 nominibus
527 2743 664 2822 propriis.
711 2739 834 2812 Quando
857 2750 955 2803 autem
979 2750 1043 2800 erat
1065 2759 1140 2821 una,
1161 2740 1234 2800 nihil
1258 2739 1337 2802 aliud

333 2850 420 2913 quam
448 2830 574 2892 humana
601 2829 699 2908 lingua
727 2828 773 2889 vel
795 2829 921 2890 humana
944 2828 1053 2890 locutio
1076 2828 1249 2910 vocabatur,
1279 2848 1338 2909 qua

281 2937 313 2984 25
333 2920 393 3006 sola
417 2923 588 2980 uuiversum
611 2935 704 2996 genus
728 2917 889 2978 humanum
911 2917 1094 2995 loquebatur.

421 3006 535 3069 Dixerit
564 3006 680 3084 aliquis:
713 3004 744 3065 Si
767 3008 797 3065 in
822 3004 926 3066 diebus
949 3003 1076 3066 Phaleoh
1099 3004 1151 3067 lilii
1172 3003 1272 3066 Heber
1295 3005 1338 3066 di-

334 3100 394 3158 visa
414 3103 459 3158 est
476 3103 556 3158 terra
573 3113 628 3175 per
650 3094 774 3175 linguas,
796 3093 826 3154 id
850 3103 896 3154 est
917 3093 1061 3174 homines,
1085 3095 1135 3172 qui
1158 3103 1229 3154 tuno
1253 3103 1339 3157 erant

334 3189 364 3252 in
392 3195 486 3265 terra,
519 3201 554 3246 ex
583 3185 647 3244 eius
674 3184 793 3242 nomine
821 3183 920 3262 potius
950 3180 1053 3243 debuit
1075 3181 1215 3261 appellari
1237 3182 1337 3262 lingua

334 3274 396 3355 illa,
424 3291 498 3354 quae
526 3272 583 3336 luit
610 3269 746 3331 omnibus
774 3280 841 3331 ante
865 3272 1038 3331 eommunis.
1085 3268 1143 3330 Sed
1165 3269 1337 3349 intellegen-

282 3379 315 3427 30
336 3362 406 3424 dum
424 3357 470 3423 est
488 3362 585 3440 ipsum
603 3357 702 3419 Heben
722 3367 879 3438 propterea
898 3357 955 3419 tale
975 3376 1082 3418 nomen
1096 3360 1262 3437 inposuisse
1277 3358 1337 3422 lilio

335 3469 399 3531 siro,
417 3458 451 3511 ut
469 3457 625 3510 vocaretur
643 3446 779 3528 Phaleoh,
802 3447 881 3526 quod
901 3450 1114 3532 inteppretatur
1133 3446 1245 3528 divisio,
1269 3449 1339 3526 quia

335 3549 406 3600 tuno
435 3540 462 3598 ei
490 3546 576 3598 natus
604 3545 663 3614 est,
692 3536 808 3613 quaudo
838 3553 893 3613 per
920 3534 1034 3612 linguas
1061 3543 1141 3595 terra
1168 3534 1260 3596 divisa
1283 3545 1339 3615 est,

336 3627 365 3688 id
389 3636 434 3694 est
452 3629 516 3705 ipso
535 3634 678 3704 tempore,
701 3632 734 3684 ut
756 3621 811 3682 hoo
836 3626 874 3683 sit
897 3622 975 3701 quod
999 3623 1111 3683 dietum
1134 3631 1192 3684 est:
1215 3624 1253 3685 In
1277 3625 1339 3684 die·

406 3805 422 3852 3
441 3797 471 3851 in
490 3795 567 3850 euius
585 3795 684 3861 scripsi
688 3815 698 3858 ,·
717 3795 746 3848 al
762 3793 791 3846 in
810 3810 834 3849 o.
852 3797 892 3861 vl
907 3799 940 3848 16
959 3795 1191 3848 commemoratus
1207 3810 1246 3847 ao
