<?xml version="1.0" encoding="UTF-8"?>
<!DOCTYPE html PUBLIC "-//W3C//DTD XHTML 1.0 Transitional//EN"
    "http://www.w3.org/TR/xhtml1/DTD/xhtml1-transitional.dtd">
<html xmlns="http://www.w3.org/1999/xhtml" xml:lang="en" lang="en">
 <head>
  <title>
</title>
<meta http-equiv="Content-Type" content="text/html;charset=utf-8" />
  <meta name='ocr-system' content='tesseract 3.04.00' />
  <meta name='ocr-capabilities' content='ocr_page ocr_carea ocr_par ocr_line ocrx_word'/>
</head>
<body>
  <div class='ocr_page' id='page_1' title='image "./sanctiaureliiau11augugoog_0275.png"; bbox 0 0 3284 4459; ppageno 0'>
   <div class='ocr_carea' id='block_1_1' title="bbox 426 515 1275 579">
    <p class='ocr_par' dir='ltr' id='par_1_1' title="bbox 426 515 1275 579">
     <span class='ocr_line' id='line_1_1' title="bbox 426 515 1275 579; baseline 0.008 -9"><span class='ocrx_word' id='word_1_1' title='bbox 426 531 467 570; x_wconf 78' lang='lat' dir='ltr'><strong>mc</strong></span> <span class='ocrx_word' id='word_1_2' title='bbox 481 529 624 570; x_wconf 73' lang='lat' dir='ltr'><strong>emmaum</strong></span> <span class='ocrx_word' id='word_1_3' title='bbox 637 531 690 570; x_wconf 79' lang='lat' dir='ltr'><strong>nur</strong></span> <span class='ocrx_word' id='word_1_4' title='bbox 703 531 728 571; x_wconf 80' lang='lat' dir='ltr'><strong>n.</strong></span> <span class='ocrx_word' id='word_1_5' title='bbox 742 531 817 572; x_wconf 86' lang='lat' dir='ltr'><strong>xvn.</strong></span> <span class='ocrx_word' id='word_1_6' title='bbox 832 530 855 572; x_wconf 92' lang='lat' dir='ltr'><strong>c.</strong></span> <span class='ocrx_word' id='word_1_7' title='bbox 868 533 901 572; x_wconf 73' lang='lat' dir='ltr'><strong>as.</strong></span> <span class='ocrx_word' id='word_1_8' title='bbox 914 531 940 571; x_wconf 75' lang='lat' dir='ltr'><strong>n</strong></span> <span class='ocrx_word' id='word_1_9' title='bbox 954 531 1040 572; x_wconf 76' lang='lat' dir='ltr'><strong>xum</strong></span> <span class='ocrx_word' id='word_1_10' title='bbox 1054 531 1077 572; x_wconf 89' lang='lat' dir='ltr'><strong>c.</strong></span> <span class='ocrx_word' id='word_1_11' title='bbox 1091 533 1110 571; x_wconf 83' lang='grc' dir='ltr'><strong>ι.</strong></span> <span class='ocrx_word' id='word_1_12' title='bbox 1207 515 1275 579; x_wconf 76' lang='grc'><strong>255</strong></span> 
     </span>
    </p>
   </div>
   <div class='ocr_carea' id='block_1_2' title="bbox 185 663 1328 1521">
    <p class='ocr_par' dir='ltr' id='par_1_2' title="bbox 185 663 1328 1521">
     <span class='ocr_line' id='line_1_2' title="bbox 263 663 1272 746; baseline 0 -21"><span class='ocrx_word' id='word_1_13' title='bbox 263 672 311 726; x_wconf 86' lang='lat' dir='ltr'><strong>est</strong></span> <span class='ocrx_word' id='word_1_14' title='bbox 340 663 520 724; x_wconf 75' lang='lat' dir='ltr'><strong>Inmutabilis</strong></span> <span class='ocrx_word' id='word_1_15' title='bbox 548 667 761 744; x_wconf 88' lang='lat' dir='ltr'><strong>praenuntiata.</strong></span> <span class='ocrx_word' id='word_1_16' title='bbox 806 664 975 725; x_wconf 77' lang='lat' dir='ltr'><strong>Malachiam</strong></span> <span class='ocrx_word' id='word_1_17' title='bbox 1003 683 1087 745; x_wconf 81' lang='lat' dir='ltr'><strong>vero,</strong></span> <span class='ocrx_word' id='word_1_18' title='bbox 1114 666 1272 746; x_wconf 78' lang='lat' dir='ltr'><strong>Aggaeum,</strong></span> 
     </span>
     <span class='ocr_line' id='line_1_3' title="bbox 264 751 1273 832; baseline 0.001 -20"><span class='ocrx_word' id='word_1_19' title='bbox 264 753 436 814; x_wconf 83' lang='lat' dir='ltr'><strong>Zachariam</strong></span> <span class='ocrx_word' id='word_1_20' title='bbox 465 763 495 812; x_wconf 91' lang='lat' dir='ltr'><strong>ct</strong></span> <span class='ocrx_word' id='word_1_21' title='bbox 521 751 645 814; x_wconf 82' lang='lat' dir='ltr'><strong>Esdram</strong></span> <span class='ocrx_word' id='word_1_22' title='bbox 672 755 760 814; x_wconf 90' lang='lat' dir='ltr'><strong>etiam</strong></span> <span class='ocrx_word' id='word_1_23' title='bbox 783 751 883 814; x_wconf 85' lang='lat' dir='ltr'><strong>ludaei</strong></span> <span class='ocrx_word' id='word_1_24' title='bbox 911 752 1031 832; x_wconf 76' lang='lat' dir='ltr'>reprobi</span> <span class='ocrx_word' id='word_1_25' title='bbox 1058 755 1087 813; x_wconf 93' lang='lat' dir='ltr'><strong>in</strong></span> <span class='ocrx_word' id='word_1_26' title='bbox 1115 755 1273 814; x_wconf 82' lang='lat' dir='ltr'><strong>auctorita-</strong></span> 
     </span>
     <span class='ocr_line' id='line_1_4' title="bbox 264 840 1275 922; baseline 0 -20"><span class='ocrx_word' id='word_1_27' title='bbox 264 851 327 902; x_wconf 87' lang='lat' dir='ltr'><strong>tem</strong></span> <span class='ocrx_word' id='word_1_28' title='bbox 354 840 482 901; x_wconf 77' lang='lat' dir='ltr'><strong>diuinam</strong></span> <span class='ocrx_word' id='word_1_29' title='bbox 509 851 645 922; x_wconf 87' lang='lat' dir='ltr'><strong>receptos</strong></span> <span class='ocrx_word' id='word_1_30' title='bbox 673 843 848 902; x_wconf 80' lang='lat' dir='ltr'><strong>novissimos</strong></span> <span class='ocrx_word' id='word_1_31' title='bbox 875 840 992 903; x_wconf 87' lang='lat' dir='ltr'><strong>hahent.</strong></span> <span class='ocrx_word' id='word_1_32' title='bbox 1038 840 1115 902; x_wconf 87' lang='lat' dir='ltr'><strong>Sunt</strong></span> <span class='ocrx_word' id='word_1_33' title='bbox 1141 844 1275 903; x_wconf 88' lang='lat' dir='ltr'><strong>enimet</strong></span> 
     </span>
     <span class='ocr_line' id='line_1_5' title="bbox 265 928 1273 1010; baseline 0.001 -21"><span class='ocrx_word' id='word_1_34' title='bbox 265 932 377 1008; x_wconf 83' lang='lat' dir='ltr'><strong>scripta</strong></span> <span class='ocrx_word' id='word_1_35' title='bbox 405 947 525 1009; x_wconf 88' lang='lat' dir='ltr'><strong>eorum,</strong></span> <span class='ocrx_word' id='word_1_36' title='bbox 553 932 632 991; x_wconf 80' lang='lat' dir='ltr'><strong>sicut</strong></span> <span class='ocrx_word' id='word_1_37' title='bbox 658 929 798 1010; x_wconf 86' lang='lat' dir='ltr'><strong>aliorum,</strong></span> <span class='ocrx_word' id='word_1_38' title='bbox 825 932 876 1009; x_wconf 90' lang='lat' dir='ltr'><strong>qui</strong></span> <span class='ocrx_word' id='word_1_39' title='bbox 902 932 935 991; x_wconf 91' lang='lat' dir='ltr'><strong>in</strong></span> <span class='ocrx_word' id='word_1_40' title='bbox 957 947 1061 1008; x_wconf 81' lang='lat' dir='ltr'><strong>magna</strong></span> <span class='ocrx_word' id='word_1_41' title='bbox 1083 928 1273 990; x_wconf 84' lang='lat' dir='ltr'><strong>multitudine</strong></span> 
     </span>
     <span class='ocr_line' id='line_1_6' title="bbox 186 1016 1310 1098; baseline 0 -21"><span class='ocrx_word' id='word_1_42' title='bbox 186 1059 187 1092; x_wconf 48' lang='lat'>;</span> <span class='ocrx_word' id='word_1_43' title='bbox 264 1016 478 1097; x_wconf 90' lang='lat' dir='ltr'><strong>prophetarum</strong></span> <span class='ocrx_word' id='word_1_44' title='bbox 506 1021 647 1097; x_wconf 79' lang='lat' dir='ltr'><strong>perpauci</strong></span> <span class='ocrx_word' id='word_1_45' title='bbox 675 1036 708 1080; x_wconf 85' lang='lat' dir='ltr'><strong>ea</strong></span> <span class='ocrx_word' id='word_1_46' title='bbox 736 1020 935 1098; x_wconf 86' lang='lat' dir='ltr'><strong>scripserunt,</strong></span> <span class='ocrx_word' id='word_1_47' title='bbox 964 1036 1040 1097; x_wconf 85' lang='lat' dir='ltr'><strong>quae</strong></span> <span class='ocrx_word' id='word_1_48' title='bbox 1066 1019 1310 1078; x_wconf 87' lang='lat' dir='ltr'><strong>auctoritatem5</strong></span> 
     </span>
     <span class='ocr_line' id='line_1_7' title="bbox 186 1099 1274 1187; baseline 0 -21"><span class='ocrx_word' id='word_1_49' title='bbox 186 1099 187 1124; x_wconf 72' lang='lat'>³</span> <span class='ocrx_word' id='word_1_50' title='bbox 266 1109 389 1167; x_wconf 91' lang='lat' dir='ltr'><strong>canonis</strong></span> <span class='ocrx_word' id='word_1_51' title='bbox 426 1105 602 1168; x_wconf 87' lang='lat' dir='ltr'><strong>obtinerent.</strong></span> <span class='ocrx_word' id='word_1_52' title='bbox 662 1105 703 1166; x_wconf 85' lang='lat' dir='ltr'><strong>lle</strong></span> <span class='ocrx_word' id='word_1_53' title='bbox 746 1125 872 1185; x_wconf 87' lang='lat' dir='ltr'><strong>quorum</strong></span> <span class='ocrx_word' id='word_1_54' title='bbox 908 1106 1085 1187; x_wconf 84' lang='lat' dir='ltr'><strong>praedictis,</strong></span> <span class='ocrx_word' id='word_1_55' title='bbox 1125 1124 1201 1185; x_wconf 87' lang='lat' dir='ltr'><strong>quae</strong></span> <span class='ocrx_word' id='word_1_56' title='bbox 1237 1106 1274 1165; x_wconf 85' lang='lat' dir='ltr'><strong>ad</strong></span> 
     </span>
     <span class='ocr_line' id='line_1_8' title="bbox 185 1193 1274 1277; baseline -0.001 -22"><span class='ocrx_word' id='word_1_57' title='bbox 185 1199 186 1246; x_wconf 56' lang='grc' dir='ltr'>ὲ</span> <span class='ocrx_word' id='word_1_58' title='bbox 265 1193 419 1256; x_wconf 75' lang='lat' dir='ltr'><strong>Christum</strong></span> <span class='ocrx_word' id='word_1_59' title='bbox 447 1193 661 1274; x_wconf 77' lang='lat' dir='ltr'><strong>ecclesiamque</strong></span> <span class='ocrx_word' id='word_1_60' title='bbox 689 1197 754 1256; x_wconf 88' lang='lat' dir='ltr'><strong>eius</strong></span> <span class='ocrx_word' id='word_1_61' title='bbox 781 1197 945 1277; x_wconf 89' lang='lat' dir='ltr'><strong>pertinent,</strong></span> <span class='ocrx_word' id='word_1_62' title='bbox 975 1194 1115 1255; x_wconf 88' lang='lat' dir='ltr'><strong>nonnuha</strong></span> <span class='ocrx_word' id='word_1_63' title='bbox 1143 1194 1215 1255; x_wconf 86' lang='lat' dir='ltr'><strong>mihi</strong></span> <span class='ocrx_word' id='word_1_64' title='bbox 1242 1197 1274 1254; x_wconf 92' lang='lat' dir='ltr'><strong>in</strong></span> 
     </span>
     <span class='ocr_line' id='line_1_9' title="bbox 265 1282 1274 1364; baseline 0 -22"><span class='ocrx_word' id='word_1_65' title='bbox 265 1283 322 1344; x_wconf 89' lang='lat' dir='ltr'><strong>hoc</strong></span> <span class='ocrx_word' id='word_1_66' title='bbox 351 1301 442 1362; x_wconf 88' lang='lat' dir='ltr'><strong>opere</strong></span> <span class='ocrx_word' id='word_1_67' title='bbox 471 1283 553 1344; x_wconf 87' lang='lat' dir='ltr'><strong>video</strong></span> <span class='ocrx_word' id='word_1_68' title='bbox 582 1301 647 1344; x_wconf 88' lang='lat' dir='ltr'><strong>esse</strong></span> <span class='ocrx_word' id='word_1_69' title='bbox 671 1283 818 1364; x_wconf 82' lang='lat' dir='ltr'><strong>ponenda3</strong></span> <span class='ocrx_word' id='word_1_70' title='bbox 846 1283 924 1362; x_wconf 88' lang='lat' dir='ltr'><strong>quod</strong></span> <span class='ocrx_word' id='word_1_71' title='bbox 947 1282 1130 1344; x_wconf 85' lang='lat' dir='ltr'><strong>commodius</strong></span> <span class='ocrx_word' id='word_1_72' title='bbox 1152 1283 1204 1343; x_wconf 87' lang='lat' dir='ltr'><strong>liet</strong></span> <span class='ocrx_word' id='word_1_73' title='bbox 1225 1282 1274 1342; x_wconf 77' lang='lat' dir='ltr'><strong>acl·</strong></span> 
     </span>
     <span class='ocr_line' id='line_1_10' title="bbox 265 1369 1275 1452; baseline -0.001 -20"><span class='ocrx_word' id='word_1_74' title='bbox 265 1374 385 1432; x_wconf 88' lang='lat' dir='ltr'><strong>iuvante</strong></span> <span class='ocrx_word' id='word_1_75' title='bbox 418 1369 541 1431; x_wconf 87' lang='lat' dir='ltr'><strong>Domino</strong></span> <span class='ocrx_word' id='word_1_76' title='bbox 574 1374 711 1450; x_wconf 81' lang='lat' dir='ltr'><strong>sequenti</strong></span> <span class='ocrx_word' id='word_1_77' title='bbox 741 1370 832 1452; x_wconf 88' lang='lat' dir='ltr'><strong>lihro,</strong></span> <span class='ocrx_word' id='word_1_78' title='bbox 863 1389 902 1434; x_wconf 89' lang='lat' dir='ltr'><strong>ne</strong></span> <span class='ocrx_word' id='word_1_79' title='bbox 928 1370 1009 1433; x_wconf 87' lang='lat' dir='ltr'><strong>hunc</strong></span> <span class='ocrx_word' id='word_1_80' title='bbox 1040 1381 1100 1434; x_wconf 81' lang='lat' dir='ltr'><strong>tam</strong></span> <span class='ocrx_word' id='word_1_81' title='bbox 1125 1370 1275 1452; x_wconf 69' lang='lat' dir='ltr'><strong>prolixum</strong></span> 
     </span>
     <span class='ocr_line' id='line_1_11' title="bbox 266 1459 1328 1521; baseline -0.002 -1"><span class='ocrx_word' id='word_1_82' title='bbox 266 1459 395 1521; x_wconf 88' lang='lat' dir='ltr'><strong>ulterius</strong></span> <span class='ocrx_word' id='word_1_83' title='bbox 417 1477 584 1521; x_wconf 88' lang='lat' dir='ltr'><strong>oneremus.</strong></span> <span class='ocrx_word' id='word_1_84' title='bbox 1293 1470 1328 1518; x_wconf 89' lang='lat'><strong>10</strong></span> 
     </span>
    </p>
   </div>
   <div class='ocr_carea' id='block_1_3' title="bbox 670 1617 875 1631">
    <p class='ocr_par' dir='ltr' id='par_1_3' title="bbox 670 1617 875 1631">
     <span class='ocr_line' id='line_1_12' title="bbox 670 1617 875 1631; baseline 0 -1"><span class='ocrx_word' id='word_1_85' title='bbox 670 1617 875 1631; x_wconf 45' lang='grc' dir='ltr'><em>Ἤ</em></span> 
     </span>
    </p>
   </div>
   <div class='ocr_carea' id='block_1_4' title="bbox 587 1841 958 1910">
    <p class='ocr_par' dir='ltr' id='par_1_4' title="bbox 587 1841 958 1910">
     <span class='ocr_line' id='line_1_13' title="bbox 587 1841 958 1910; baseline 0.008 -3"><span class='ocrx_word' id='word_1_86' title='bbox 587 1841 772 1908; x_wconf 83' lang='lat' dir='ltr'>LIBER</span> <span class='ocrx_word' id='word_1_87' title='bbox 801 1841 958 1910; x_wconf 86' lang='lat' dir='ltr'>XVIII.</span> 
     </span>
    </p>
   </div>
   <div class='ocr_carea' id='block_1_5' title="bbox 690 2107 854 2174">
    <p class='ocr_par' dir='ltr' id='par_1_5' title="bbox 690 2107 854 2174">
     <span class='ocr_line' id='line_1_14' title="bbox 690 2107 854 2174; baseline 0 0"><span class='ocrx_word' id='word_1_88' title='bbox 690 2107 805 2174; x_wconf 78' lang='lat' dir='ltr'><strong>Carur</strong></span> <span class='ocrx_word' id='word_1_89' title='bbox 828 2109 854 2174; x_wconf 88' lang='lat'><strong>1.</strong></span> 
     </span>
    </p>
   </div>
   <div class='ocr_carea' id='block_1_6' title="bbox 303 2237 1330 2402">
    <p class='ocr_par' dir='ltr' id='par_1_6' title="bbox 303 2237 1330 2402">
     <span class='ocr_line' id='line_1_15' title="bbox 303 2237 1330 2314; baseline -0.002 -16"><span class='ocrx_word' id='word_1_90' title='bbox 303 2239 351 2299; x_wconf 81' lang='lat' dir='ltr'><strong>De</strong></span> <span class='ocrx_word' id='word_1_91' title='bbox 372 2239 429 2314; x_wconf 81' lang='lat' dir='ltr'><strong>his,</strong></span> <span class='ocrx_word' id='word_1_92' title='bbox 451 2255 530 2314; x_wconf 82' lang='lat' dir='ltr'><strong>quae</strong></span> <span class='ocrx_word' id='word_1_93' title='bbox 552 2255 647 2312; x_wconf 80' lang='lat' dir='ltr'><strong>usque</strong></span> <span class='ocrx_word' id='word_1_94' title='bbox 669 2238 713 2298; x_wconf 80' lang='lat' dir='ltr'><strong>ad</strong></span> <span class='ocrx_word' id='word_1_95' title='bbox 733 2245 869 2314; x_wconf 85' lang='lat' dir='ltr'><strong>temporo</strong></span> <span class='ocrx_word' id='word_1_96' title='bbox 892 2237 1060 2299; x_wconf 80' lang='lat' dir='ltr'><strong>Salvatoris</strong></span> <span class='ocrx_word' id='word_1_97' title='bbox 1082 2241 1186 2300; x_wconf 80' lang='lat' dir='ltr'><strong>decem</strong></span> <span class='ocrx_word' id='word_1_98' title='bbox 1208 2245 1238 2300; x_wconf 85' lang='lat' dir='ltr'><strong>et</strong></span> <span class='ocrx_word' id='word_1_99' title='bbox 1296 2246 1330 2297; x_wconf 79' lang='lat'><strong>15</strong></span> 
     </span>
     <span class='ocr_line' id='line_1_16' title="bbox 467 2327 1077 2402; baseline 0 -16"><span class='ocrx_word' id='word_1_100' title='bbox 467 2332 579 2402; x_wconf 86' lang='lat' dir='ltr'><strong>septem</strong></span> <span class='ocrx_word' id='word_1_101' title='bbox 601 2327 799 2386; x_wconf 80' lang='lat' dir='ltr'><strong>voluminibus</strong></span> <span class='ocrx_word' id='word_1_102' title='bbox 823 2328 977 2402; x_wconf 67' lang='lat' dir='ltr'><strong>(inputata</strong></span> <span class='ocrx_word' id='word_1_103' title='bbox 999 2334 1077 2387; x_wconf 83' lang='lat' dir='ltr'><strong>sunt.</strong></span> 
     </span>
    </p>
   </div>
   <div class='ocr_carea' id='block_1_7' title="bbox 271 2447 1331 3497">
    <p class='ocr_par' dir='ltr' id='par_1_7' title="bbox 271 2447 1331 3497">
     <span class='ocr_line' id='line_1_17' title="bbox 359 2447 1276 2529; baseline 0.001 -21"><span class='ocrx_word' id='word_1_104' title='bbox 359 2447 400 2509; x_wconf 88' lang='lat' dir='ltr'><strong>Ile</strong></span> <span class='ocrx_word' id='word_1_105' title='bbox 420 2450 571 2509; x_wconf 88' lang='lat' dir='ltr'><strong>civitatum</strong></span> <span class='ocrx_word' id='word_1_106' title='bbox 593 2448 728 2529; x_wconf 83' lang='lat' dir='ltr'><strong>duarum,</strong></span> <span class='ocrx_word' id='word_1_107' title='bbox 752 2465 877 2527; x_wconf 88' lang='lat' dir='ltr'><strong>quarum</strong></span> <span class='ocrx_word' id='word_1_108' title='bbox 896 2447 950 2508; x_wconf 85' lang='lat' dir='ltr'><strong>Ilei</strong></span> <span class='ocrx_word' id='word_1_109' title='bbox 968 2466 1035 2528; x_wconf 88' lang='lat' dir='ltr'><strong>una,</strong></span> <span class='ocrx_word' id='word_1_110' title='bbox 1058 2449 1169 2509; x_wconf 90' lang='lat' dir='ltr'><strong>saeculi</strong></span> <span class='ocrx_word' id='word_1_111' title='bbox 1187 2448 1276 2510; x_wconf 87' lang='lat' dir='ltr'><strong>huius</strong></span> 
     </span>
     <span class='ocr_line' id='line_1_18' title="bbox 271 2536 1275 2618; baseline -0.002 -18"><span class='ocrx_word' id='word_1_112' title='bbox 271 2546 316 2600; x_wconf 91' lang='lat' dir='ltr'><strong>est</strong></span> <span class='ocrx_word' id='word_1_113' title='bbox 339 2537 444 2618; x_wconf 84' lang='lat' dir='ltr'><strong>altera,</strong></span> <span class='ocrx_word' id='word_1_114' title='bbox 470 2538 500 2596; x_wconf 90' lang='lat' dir='ltr'><strong>in</strong></span> <span class='ocrx_word' id='word_1_115' title='bbox 524 2555 581 2615; x_wconf 86' lang='lat' dir='ltr'><strong>qua</strong></span> <span class='ocrx_word' id='word_1_116' title='bbox 605 2544 665 2618; x_wconf 84' lang='lat' dir='ltr'><strong>est,</strong></span> <span class='ocrx_word' id='word_1_117' title='bbox 694 2546 836 2615; x_wconf 88' lang='lat' dir='ltr'><strong>quantum</strong></span> <span class='ocrx_word' id='word_1_118' title='bbox 859 2536 895 2596; x_wconf 90' lang='lat' dir='ltr'><strong>ad</strong></span> <span class='ocrx_word' id='word_1_119' title='bbox 918 2536 1070 2597; x_wconf 91' lang='lat' dir='ltr'><strong>hominum</strong></span> <span class='ocrx_word' id='word_1_120' title='bbox 1092 2554 1187 2616; x_wconf 82' lang='lat' dir='ltr'><strong>genus</strong></span> <span class='ocrx_word' id='word_1_121' title='bbox 1210 2555 1275 2615; x_wconf 88' lang='lat' dir='ltr'><strong>per·</strong></span> 
     </span>
     <span class='ocr_line' id='line_1_19' title="bbox 271 2623 1276 2705; baseline -0.002 -17"><span class='ocrx_word' id='word_1_122' title='bbox 271 2629 361 2705; x_wconf 72' lang='lat' dir='ltr'><strong>unet,</strong></span> <span class='ocrx_word' id='word_1_123' title='bbox 384 2627 472 2685; x_wconf 88' lang='lat' dir='ltr'><strong>etiam</strong></span> <span class='ocrx_word' id='word_1_124' title='bbox 495 2625 550 2684; x_wconf 87' lang='lat' dir='ltr'><strong>ista</strong></span> <span class='ocrx_word' id='word_1_125' title='bbox 574 2627 742 2704; x_wconf 86' lang='lat' dir='ltr'><strong>peregrina,</strong></span> <span class='ocrx_word' id='word_1_126' title='bbox 766 2634 871 2685; x_wconf 82' lang='lat' dir='ltr'><strong>exortu</strong></span> <span class='ocrx_word' id='word_1_127' title='bbox 895 2634 925 2685; x_wconf 85' lang='lat' dir='ltr'><strong>et</strong></span> <span class='ocrx_word' id='word_1_128' title='bbox 947 2642 1093 2703; x_wconf 89' lang='lat' dir='ltr'><strong>procursu</strong></span> <span class='ocrx_word' id='word_1_129' title='bbox 1117 2635 1147 2685; x_wconf 89' lang='lat' dir='ltr'><strong>et</strong></span> <span class='ocrx_word' id='word_1_130' title='bbox 1170 2623 1276 2686; x_wconf 88' lang='lat' dir='ltr'><strong>debitis</strong></span> 
     </span>
     <span class='ocr_line' id='line_1_20' title="bbox 271 2714 1331 2794; baseline 0 -18"><span class='ocrx_word' id='word_1_131' title='bbox 271 2715 380 2776; x_wconf 86' lang='lat' dir='ltr'><strong>hnihus</strong></span> <span class='ocrx_word' id='word_1_132' title='bbox 407 2731 454 2773; x_wconf 90' lang='lat' dir='ltr'><strong>me</strong></span> <span class='ocrx_word' id='word_1_133' title='bbox 482 2715 663 2793; x_wconf 89' lang='lat' dir='ltr'><strong>scripturum</strong></span> <span class='ocrx_word' id='word_1_134' title='bbox 692 2729 758 2773; x_wconf 90' lang='lat' dir='ltr'><strong>esse</strong></span> <span class='ocrx_word' id='word_1_135' title='bbox 781 2714 917 2794; x_wconf 85' lang='lat' dir='ltr'><strong>premisl,</strong></span> <span class='ocrx_word' id='word_1_136' title='bbox 944 2731 1012 2773; x_wconf 89' lang='lat' dir='ltr'><strong>cum</strong></span> <span class='ocrx_word' id='word_1_137' title='bbox 1035 2715 1118 2792; x_wconf 90' lang='lat' dir='ltr'><strong>prius</strong></span> <span class='ocrx_word' id='word_1_138' title='bbox 1140 2715 1276 2774; x_wconf 88' lang='lat' dir='ltr'><strong>inimicos</strong></span> <span class='ocrx_word' id='word_1_139' title='bbox 1296 2727 1331 2776; x_wconf 81' lang='lat'><strong>20</strong></span> 
     </span>
     <span class='ocr_line' id='line_1_21' title="bbox 272 2799 1275 2880; baseline -0.003 -15"><span class='ocrx_word' id='word_1_140' title='bbox 272 2804 397 2865; x_wconf 79' lang='lat' dir='ltr'><strong>ciuitatis</strong></span> <span class='ocrx_word' id='word_1_141' title='bbox 425 2800 491 2878; x_wconf 84' lang='lat' dir='ltr'><strong>Ilei,</strong></span> <span class='ocrx_word' id='word_1_142' title='bbox 520 2803 570 2879; x_wconf 89' lang='lat' dir='ltr'><strong>qui</strong></span> <span class='ocrx_word' id='word_1_143' title='bbox 597 2799 744 2861; x_wconf 90' lang='lat' dir='ltr'><strong>conditori</strong></span> <span class='ocrx_word' id='word_1_144' title='bbox 771 2803 836 2860; x_wconf 86' lang='lat' dir='ltr'><strong>eius</strong></span> <span class='ocrx_word' id='word_1_145' title='bbox 860 2799 977 2861; x_wconf 87' lang='lat' dir='ltr'><strong>Christo</strong></span> <span class='ocrx_word' id='word_1_146' title='bbox 1004 2800 1076 2860; x_wconf 87' lang='lat' dir='ltr'><strong>deos</strong></span> <span class='ocrx_word' id='word_1_147' title='bbox 1099 2819 1169 2862; x_wconf 86' lang='lat' dir='ltr'><strong>suos</strong></span> <span class='ocrx_word' id='word_1_148' title='bbox 1193 2820 1275 2880; x_wconf 93' lang='lat' dir='ltr'><strong>prae·</strong></span> 
     </span>
     <span class='ocr_line' id='line_1_22' title="bbox 272 2888 1279 2968; baseline -0.002 -15"><span class='ocrx_word' id='word_1_149' title='bbox 272 2894 373 2953; x_wconf 88' lang='lat' dir='ltr'><strong>lerunt</strong></span> <span class='ocrx_word' id='word_1_150' title='bbox 404 2898 435 2950; x_wconf 90' lang='lat' dir='ltr'><strong>et</strong></span> <span class='ocrx_word' id='word_1_151' title='bbox 469 2889 561 2949; x_wconf 74' lang='lat' dir='ltr'><strong>liuore</strong></span> <span class='ocrx_word' id='word_1_152' title='bbox 598 2888 655 2949; x_wconf 89' lang='lat' dir='ltr'><strong>sibi</strong></span> <span class='ocrx_word' id='word_1_153' title='bbox 687 2890 937 2968; x_wconf 82' lang='lat' dir='ltr'><strong>perniciosissimo</strong></span> <span class='ocrx_word' id='word_1_154' title='bbox 973 2891 1114 2950; x_wconf 77' lang='lat' dir='ltr'><strong>atrociter</strong></span> <span class='ocrx_word' id='word_1_155' title='bbox 1144 2890 1279 2951; x_wconf 85' lang='lat' dir='ltr'><strong>invident</strong></span> 
     </span>
     <span class='ocr_line' id='line_1_23' title="bbox 272 2975 1276 3059; baseline -0.003 -18"><span class='ocrx_word' id='word_1_156' title='bbox 272 2980 455 3058; x_wconf 85' lang='lat' dir='ltr'><strong>Christianis,</strong></span> <span class='ocrx_word' id='word_1_157' title='bbox 478 2987 620 3056; x_wconf 86' lang='lat' dir='ltr'><strong>quantum</strong></span> <span class='ocrx_word' id='word_1_158' title='bbox 639 2995 686 3038; x_wconf 90' lang='lat' dir='ltr'><strong>me</strong></span> <span class='ocrx_word' id='word_1_159' title='bbox 709 2975 862 3037; x_wconf 86' lang='lat' dir='ltr'><strong>adluvaret</strong></span> <span class='ocrx_word' id='word_1_160' title='bbox 883 2978 948 3037; x_wconf 87' lang='lat' dir='ltr'><strong>eius</strong></span> <span class='ocrx_word' id='word_1_161' title='bbox 969 2979 1071 3057; x_wconf 83' lang='lat' dir='ltr'><strong>gratia,</strong></span> <span class='ocrx_word' id='word_1_162' title='bbox 1093 2977 1276 3059; x_wconf 79' lang='lat' dir='ltr'><strong>refellissem,</strong></span> 
     </span>
     <span class='ocr_line' id='line_1_24' title="bbox 273 3063 1276 3147; baseline 0 -20"><span class='ocrx_word' id='word_1_163' title='bbox 273 3067 352 3147; x_wconf 85' lang='lat' dir='ltr'><strong>quod</strong></span> <span class='ocrx_word' id='word_1_164' title='bbox 384 3064 581 3126; x_wconf 83' lang='lat' dir='ltr'><strong>voluminibus</strong></span> <span class='ocrx_word' id='word_1_165' title='bbox 612 3064 715 3125; x_wconf 86' lang='lat' dir='ltr'><strong>decem</strong></span> <span class='ocrx_word' id='word_1_166' title='bbox 746 3063 898 3144; x_wconf 85' lang='lat' dir='ltr'><strong>prioribus</strong></span> <span class='ocrx_word' id='word_1_167' title='bbox 929 3065 994 3126; x_wconf 88' lang='lat' dir='ltr'><strong>leci.</strong></span> <span class='ocrx_word' id='word_1_168' title='bbox 1046 3065 1089 3126; x_wconf 88' lang='lat' dir='ltr'><strong>Ile</strong></span> <span class='ocrx_word' id='word_1_169' title='bbox 1120 3066 1175 3126; x_wconf 91' lang='lat' dir='ltr'><strong>hac</strong></span> <span class='ocrx_word' id='word_1_170' title='bbox 1206 3085 1276 3127; x_wconf 87' lang='lat' dir='ltr'><strong>vero</strong></span> 
     </span>
     <span class='ocr_line' id='line_1_25' title="bbox 272 3153 1331 3235; baseline -0.004 -17"><span class='ocrx_word' id='word_1_171' title='bbox 272 3175 352 3235; x_wconf 87' lang='lat' dir='ltr'><strong>mea,</strong></span> <span class='ocrx_word' id='word_1_172' title='bbox 385 3170 472 3232; x_wconf 89' lang='lat' dir='ltr'><strong>quam</strong></span> <span class='ocrx_word' id='word_1_173' title='bbox 505 3153 591 3214; x_wconf 88' lang='lat' dir='ltr'><strong>modo</strong></span> <span class='ocrx_word' id='word_1_174' title='bbox 624 3155 864 3231; x_wconf 87' lang='lat' dir='ltr'><strong>commemoravi,</strong></span> <span class='ocrx_word' id='word_1_175' title='bbox 898 3155 1046 3232; x_wconf 85' lang='lat' dir='ltr'><strong>tripertita</strong></span> <span class='ocrx_word' id='word_1_176' title='bbox 1082 3157 1276 3233; x_wconf 87' lang='lat' dir='ltr'><strong>promissione</strong></span> <span class='ocrx_word' id='word_1_177' title='bbox 1296 3167 1331 3215; x_wconf 81' lang='lat'><strong>‘25</strong></span> 
     </span>
     <span class='ocr_line' id='line_1_26' title="bbox 273 3240 1277 3320; baseline -0.002 -16"><span class='ocrx_word' id='word_1_178' title='bbox 273 3245 420 3304; x_wconf 87' lang='lat' dir='ltr'><strong>decimum</strong></span> <span class='ocrx_word' id='word_1_179' title='bbox 439 3240 633 3319; x_wconf 88' lang='lat' dir='ltr'><strong>sequentihus</strong></span> <span class='ocrx_word' id='word_1_180' title='bbox 651 3250 790 3318; x_wconf 87' lang='lat' dir='ltr'><strong>quattuor</strong></span> <span class='ocrx_word' id='word_1_181' title='bbox 809 3240 893 3300; x_wconf 90' lang='lat' dir='ltr'><strong>libris</strong></span> <span class='ocrx_word' id='word_1_182' title='bbox 911 3241 1064 3302; x_wconf 90' lang='lat' dir='ltr'><strong>ambarum</strong></span> <span class='ocrx_word' id='word_1_183' title='bbox 1081 3251 1128 3303; x_wconf 89' lang='lat' dir='ltr'><strong>est</strong></span> <span class='ocrx_word' id='word_1_184' title='bbox 1145 3242 1277 3320; x_wconf 74' lang='lat' dir='ltr'><strong>digestus</strong></span> 
     </span>
     <span class='ocr_line' id='line_1_27' title="bbox 272 3327 1277 3411; baseline -0.001 -20"><span class='ocrx_word' id='word_1_185' title='bbox 272 3341 403 3411; x_wconf 73' lang='lat' dir='ltr'><strong>exortuS,</strong></span> <span class='ocrx_word' id='word_1_186' title='bbox 426 3329 531 3390; x_wconf 88' lang='lat' dir='ltr'><strong>deinde</strong></span> <span class='ocrx_word' id='word_1_187' title='bbox 554 3346 717 3408; x_wconf 88' lang='lat' dir='ltr'><strong>procursus</strong></span> <span class='ocrx_word' id='word_1_188' title='bbox 739 3327 775 3388; x_wconf 91' lang='lat' dir='ltr'><strong>ah</strong></span> <span class='ocrx_word' id='word_1_189' title='bbox 798 3329 917 3389; x_wconf 90' lang='lat' dir='ltr'><strong>homine</strong></span> <span class='ocrx_word' id='word_1_190' title='bbox 940 3332 1035 3408; x_wconf 88' lang='lat' dir='ltr'><strong>primo</strong></span> <span class='ocrx_word' id='word_1_191' title='bbox 1059 3329 1211 3408; x_wconf 81' lang='lat' dir='ltr'><strong>usquead</strong></span> <span class='ocrx_word' id='word_1_192' title='bbox 1234 3330 1277 3391; x_wconf 88' lang='lat' dir='ltr'><strong>di·</strong></span> 
     </span>
     <span class='ocr_line' id='line_1_28' title="bbox 271 3416 1278 3497; baseline -0.003 -17"><span class='ocrx_word' id='word_1_193' title='bbox 271 3420 384 3481; x_wconf 77' lang='lat' dir='ltr'><strong>lunum</strong></span> <span class='ocrx_word' id='word_1_194' title='bbox 412 3416 487 3477; x_wconf 88' lang='lat' dir='ltr'><strong>libro</strong></span> <span class='ocrx_word' id='word_1_195' title='bbox 515 3435 589 3497; x_wconf 85' lang='lat' dir='ltr'><strong>uno,</strong></span> <span class='ocrx_word' id='word_1_196' title='bbox 616 3419 667 3496; x_wconf 88' lang='lat' dir='ltr'><strong>qui</strong></span> <span class='ocrx_word' id='word_1_197' title='bbox 690 3423 736 3476; x_wconf 89' lang='lat' dir='ltr'><strong>est</strong></span> <span class='ocrx_word' id='word_1_198' title='bbox 759 3416 848 3478; x_wconf 88' lang='lat' dir='ltr'><strong>huius</strong></span> <span class='ocrx_word' id='word_1_199' title='bbox 871 3420 969 3496; x_wconf 90' lang='lat' dir='ltr'><strong>operis</strong></span> <span class='ocrx_word' id='word_1_200' title='bbox 992 3417 1278 3497; x_wconf 87' lang='lat' dir='ltr'><strong>quintusdecimus,</strong></span> 
     </span>
    </p>
   </div>
   <div class='ocr_carea' id='block_1_8' title="bbox 270 3576 1283 4002">
    <p class='ocr_par' dir='ltr' id='par_1_8' title="bbox 270 3576 1283 4002">
     <span class='ocr_line' id='line_1_29' title="bbox 344 3576 1283 3645; baseline 0 -15"><span class='ocrx_word' id='word_1_201' title='bbox 344 3583 360 3631; x_wconf 82' lang='lat'>3</span> <span class='ocrx_word' id='word_1_202' title='bbox 376 3577 502 3630; x_wconf 79' lang='lat' dir='ltr'><strong>diuinam</strong></span> <span class='ocrx_word' id='word_1_203' title='bbox 513 3576 541 3631; x_wconf 84' lang='lat' dir='ltr'><em>R</em></span> <span class='ocrx_word' id='word_1_204' title='bbox 553 3580 628 3644; x_wconf 79' lang='lat'><strong><em>(316,</em></strong></span> <span class='ocrx_word' id='word_1_205' title='bbox 637 3579 700 3644; x_wconf 80' lang='lat'><strong>26);</strong></span> <span class='ocrx_word' id='word_1_206' title='bbox 715 3577 879 3632; x_wconf 77' lang='lat' dir='ltr'><strong>canonicam</strong></span> <span class='ocrx_word' id='word_1_207' title='bbox 892 3577 949 3630; x_wconf 83' lang='lat' dir='ltr'><strong>rell.</strong></span> <span class='ocrx_word' id='word_1_208' title='bbox 959 3593 975 3630; x_wconf 84' lang='lat' dir='ltr'><strong><em>v</em></strong></span> <span class='ocrx_word' id='word_1_209' title='bbox 986 3579 1062 3643; x_wconf 79' lang='lat'><strong><em>(247,</em></strong></span> <span class='ocrx_word' id='word_1_210' title='bbox 1071 3579 1101 3643; x_wconf 89' lang='lat'><strong>9)</strong></span> <span class='ocrx_word' id='word_1_211' title='bbox 1115 3577 1125 3645; x_wconf 80' lang='lat' dir='ltr'>I</span> <span class='ocrx_word' id='word_1_212' title='bbox 1139 3580 1172 3629; x_wconf 91' lang='lat'><strong>10</strong></span> <span class='ocrx_word' id='word_1_213' title='bbox 1183 3591 1283 3630; x_wconf 84' lang='lat' dir='ltr'><strong>onere·</strong></span> 
     </span>
     <span class='ocr_line' id='line_1_30' title="bbox 270 3645 1282 3717; baseline -0.003 -14"><span class='ocrx_word' id='word_1_214' title='bbox 270 3667 342 3703; x_wconf 82' lang='lat' dir='ltr'><strong>mus.</strong></span> <span class='ocrx_word' id='word_1_215' title='bbox 362 3664 451 3702; x_wconf 81' lang='lat' dir='ltr'><strong>amen.</strong></span> <span class='ocrx_word' id='word_1_216' title='bbox 469 3647 517 3704; x_wconf 83' lang='lat' dir='ltr'><strong>Rb</strong></span> <span class='ocrx_word' id='word_1_217' title='bbox 530 3649 540 3717; x_wconf 83' lang='grc' dir='ltr'><strong>ΙΙ</strong></span> <span class='ocrx_word' id='word_1_218' title='bbox 549 3652 614 3716; x_wconf 82' lang='lat' dir='ltr'><strong>post</strong></span> <span class='ocrx_word' id='word_1_219' title='bbox 631 3663 775 3702; x_wconf 81' lang='lat' dir='ltr'><strong>oneremus</strong></span> <span class='ocrx_word' id='word_1_220' title='bbox 794 3647 826 3702; x_wconf 84' lang='lat' dir='ltr'><em>F</em></span> <span class='ocrx_word' id='word_1_221' title='bbox 839 3647 904 3701; x_wconf 86' lang='lat' dir='ltr'><strong>haee</strong></span> <span class='ocrx_word' id='word_1_222' title='bbox 918 3648 1040 3715; x_wconf 81' lang='lat' dir='ltr'><strong>praehet:</strong></span> <span class='ocrx_word' id='word_1_223' title='bbox 1064 3645 1170 3699; x_wconf 81' lang='lat' dir='ltr'><strong>contuli</strong></span> <span class='ocrx_word' id='word_1_224' title='bbox 1188 3661 1282 3714; x_wconf 78' lang='lat' dir='ltr'><strong>poene</strong></span> 
     </span>
     <span class='ocr_line' id='line_1_31' title="bbox 273 3716 1282 3790; baseline -0.003 -16"><span class='ocrx_word' id='word_1_225' title='bbox 273 3720 343 3790; x_wconf 84' lang='lat' dir='ltr'><strong>quid</strong></span> <span class='ocrx_word' id='word_1_226' title='bbox 357 3721 400 3774; x_wconf 78' lang='lat' dir='ltr'><strong>esi</strong></span> <span class='ocrx_word' id='word_1_227' title='bbox 412 3717 552 3788; x_wconf 87' lang='lat' dir='ltr'><strong>prolixum</strong></span> <span class='ocrx_word' id='word_1_228' title='bbox 563 3717 681 3772; x_wconf 69' lang='lat' dir='ltr'><strong>ulterius</strong></span> <span class='ocrx_word' id='word_1_229' title='bbox 691 3719 735 3786; x_wconf 79' lang='lat' dir='ltr'><strong>(cs.</strong></span> <span class='ocrx_word' id='word_1_230' title='bbox 746 3718 817 3786; x_wconf 82' lang='lat' dir='ltr'><strong>9sq.)</strong></span> <span class='ocrx_word' id='word_1_231' title='bbox 830 3717 898 3784; x_wconf 89' lang='lat' dir='ltr'><strong>quid</strong></span> <span class='ocrx_word' id='word_1_232' title='bbox 910 3719 953 3771; x_wconf 81' lang='lat' dir='ltr'><strong>esi</strong></span> <span class='ocrx_word' id='word_1_233' title='bbox 964 3716 1013 3785; x_wconf 87' lang='lat' dir='ltr'><strong>qui</strong></span> <span class='ocrx_word' id='word_1_234' title='bbox 1024 3716 1173 3770; x_wconf 77' lang='lat' dir='ltr'><strong>benedicet</strong></span> <span class='ocrx_word' id='word_1_235' title='bbox 1184 3717 1282 3771; x_wconf 72' lang='lat' dir='ltr'><strong>enimn</strong></span> 
     </span>
     <span class='ocr_line' id='line_1_32' title="bbox 271 3787 1279 3858; baseline -0.004 -14"><span class='ocrx_word' id='word_1_236' title='bbox 271 3807 336 3846; x_wconf 80' lang='lat' dir='ltr'><strong>mea</strong></span> <span class='ocrx_word' id='word_1_237' title='bbox 347 3789 511 3844; x_wconf 80' lang='lat' dir='ltr'><strong>benedictus</strong></span> <span class='ocrx_word' id='word_1_238' title='bbox 523 3790 566 3844; x_wconf 79' lang='lat' dir='ltr'><strong>est</strong></span> <span class='ocrx_word' id='word_1_239' title='bbox 578 3790 588 3858; x_wconf 81' lang='lat' dir='ltr'><strong>ll</strong></span> <span class='ocrx_word' id='word_1_240' title='bbox 602 3793 635 3842; x_wconf 88' lang='lat'><strong>18</strong></span> <span class='ocrx_word' id='word_1_241' title='bbox 647 3789 677 3842; x_wconf 87' lang='lat' dir='ltr'><strong>in</strong></span> <span class='ocrx_word' id='word_1_242' title='bbox 687 3803 742 3858; x_wconf 79' lang='lat' dir='ltr'><strong>qua</strong></span> <span class='ocrx_word' id='word_1_243' title='bbox 751 3803 826 3840; x_wconf 85' lang='lat' dir='ltr'><strong>nunc</strong></span> <span class='ocrx_word' id='word_1_244' title='bbox 836 3789 904 3840; x_wconf 78' lang='lat' dir='ltr'><strong>esto</strong></span> <span class='ocrx_word' id='word_1_245' title='bbox 917 3790 926 3856; x_wconf 76' lang='grc' dir='ltr'><strong>ΙΙ</strong></span> <span class='ocrx_word' id='word_1_246' title='bbox 941 3793 974 3840; x_wconf 81' lang='grc'><strong>19</strong></span> <span class='ocrx_word' id='word_1_247' title='bbox 983 3802 1117 3854; x_wconf 80' lang='lat' dir='ltr'><strong>procursu</strong></span> <span class='ocrx_word' id='word_1_248' title='bbox 1126 3787 1279 3856; x_wconf 75' lang='lat' dir='ltr'><strong>RAe²qpv</strong></span> 
     </span>
     <span class='ocr_line' id='line_1_33' title="bbox 273 3856 1279 3930; baseline -0.006 -14"><span class='ocrx_word' id='word_1_249' title='bbox 273 3863 320 3930; x_wconf 79' lang='lat' dir='ltr'><strong>(cf.</strong></span> <span class='ocrx_word' id='word_1_250' title='bbox 339 3865 393 3928; x_wconf 81' lang='lat'><strong>27;</strong></span> <span class='ocrx_word' id='word_1_251' title='bbox 411 3860 455 3914; x_wconf 81' lang='lat' dir='ltr'><strong>lib.</strong></span> <span class='ocrx_word' id='word_1_252' title='bbox 471 3865 507 3914; x_wconf 90' lang='lat'><strong>10</strong></span> <span class='ocrx_word' id='word_1_253' title='bbox 525 3876 546 3915; x_wconf 86' lang='lat' dir='ltr'><strong>e.</strong></span> <span class='ocrx_word' id='word_1_254' title='bbox 561 3863 598 3914; x_wconf 76' lang='lat'><strong>32</strong></span> <span class='ocrx_word' id='word_1_255' title='bbox 611 3863 705 3926; x_wconf 55' lang='grc' dir='ltr'><strong>οπως</strong></span> <span class='ocrx_word' id='word_1_256' title='bbox 726 3873 875 3927; x_wconf 79' lang='lat' dir='ltr'><strong>progressu</strong></span> <span class='ocrx_word' id='word_1_257' title='bbox 892 3857 1051 3913; x_wconf 57' lang='lat' dir='ltr'><strong>rorate</strong></span> <span class='ocrx_word' id='word_1_258' title='bbox 1064 3859 1074 3925; x_wconf 79' lang='lat' dir='ltr'><strong>l</strong></span> <span class='ocrx_word' id='word_1_259' title='bbox 1087 3861 1120 3910; x_wconf 79' lang='lat'><strong>26</strong></span> <span class='ocrx_word' id='word_1_260' title='bbox 1140 3856 1279 3910; x_wconf 87' lang='lat' dir='ltr'><strong>decimum</strong></span> 
     </span>
     <span class='ocr_line' id='line_1_34' title="bbox 271 3926 979 4002; baseline -0.013 -14"><span class='ocrx_word' id='word_1_261' title='bbox 271 3950 323 3988; x_wconf 86' lang='lat' dir='ltr'><strong>om.</strong></span> <span class='ocrx_word' id='word_1_262' title='bbox 339 3949 374 4002; x_wconf 80' lang='lat' dir='ltr'><strong>p3</strong></span> <span class='ocrx_word' id='word_1_263' title='bbox 392 3930 423 3984; x_wconf 90' lang='lat' dir='ltr'><strong>in</strong></span> <span class='ocrx_word' id='word_1_264' title='bbox 441 3931 580 3985; x_wconf 89' lang='lat' dir='ltr'><strong>decimum</strong></span> <span class='ocrx_word' id='word_1_265' title='bbox 598 3929 692 3994; x_wconf 43' lang='lat' dir='ltr'><strong>Aac&amp;</strong></span> <span class='ocrx_word' id='word_1_266' title='bbox 710 3929 741 3982; x_wconf 88' lang='lat' dir='ltr'><strong>in</strong></span> <span class='ocrx_word' id='word_1_267' title='bbox 759 3929 867 3982; x_wconf 89' lang='lat' dir='ltr'><strong>decimo</strong></span> <span class='ocrx_word' id='word_1_268' title='bbox 887 3926 979 3980; x_wconf 64' lang='lat' dir='ltr'><strong>Fae</strong></span> 
     </span>
    </p>
   </div>
   <div class='ocr_carea' id='block_1_9' title="bbox 0 0 1651 4459">
    <p class='ocr_par' dir='ltr' id='par_1_9' title="bbox 0 0 1651 4459">
     <span class='ocr_line' id='line_1_35' title="bbox 0 0 1651 4459; baseline 0 0"><span class='ocrx_word' id='word_1_269' title='bbox 0 0 1651 4459; x_wconf 95' lang='lat' dir='ltr'><strong> </strong></span> 
     </span>
    </p>
   </div>
  </div>
 </body>
</html>
