3284 4459
585 515 626 555 nn
638 513 781 555 cmnnnn
795 514 849 553 nur
862 515 890 555 n.
904 515 979 555 xxu.
994 514 1017 555 c.
1030 516 1051 555 a.
1248 496 1311 563 571

308 648 390 709 velut
412 650 628 709 contemnentis
650 658 682 709 et
703 648 799 729 vultu,
827 652 866 708 ita
891 647 994 708 utilia
1018 658 1175 723 metueret,
1203 666 1241 709 ne
1264 646 1314 708 aii·

307 735 389 816 qnod
412 736 658 797 contumeliosum
680 736 804 797 verbum
833 738 982 815 proferret
1004 737 1034 795 in
1058 736 1220 817 Christum,
1247 736 1314 796 reli-

308 828 391 905 giosa
430 824 594 885 urbanitate
630 826 819 904 respondisse
856 826 965 885 iertur:
1000 824 1178 905 ,‚Putabam‚
1210 826 1315 903 inquit,

308 931 449 992 magnum
467 912 577 991 aliquid
594 923 624 973 te
643 913 715 972 mibi
737 913 829 973 luisse
852 909 1025 973 dicturam.“
1068 915 1164 991 Atque
1187 912 1236 973 illa
1258 916 1316 973 iam

309 1001 552 1082 exhorrescente,
578 1020 646 1061 mox
673 1001 797 1061 addidit:
823 1001 924 1083 „Quid
954 1000 1063 1079 grande
1087 1002 1158 1061 iecit
1181 1000 1350 1062 Christuso

310 1108 414 1151 sanare
438 1108 592 1170 cancrum,
618 1091 669 1168 qui
692 1090 927 1168 quadriduanum
950 1098 1100 1149 mortuum
1124 1083 1317 1149 suscitavitd‘

309 1178 374 1238 Hoc
392 1196 447 1257 ego
466 1196 534 1238 cum
557 1178 705 1239 audissem
729 1188 759 1239 et
780 1178 970 1238 veliementer
993 1176 1193 1237 stomacharer
1215 1180 1245 1237 iu
1269 1177 1316 1237 illa

309 1269 428 1328 civitate
452 1274 541 1345 atque
567 1269 598 1327 in
621 1266 668 1326 illa
698 1285 825 1345 persona
848 1285 907 1326 non
930 1268 1033 1344 utique
1057 1264 1182 1325 obscura
1207 1266 1317 1325 iactum

216 1353 219 1356 ’
310 1366 370 1416 tam
392 1358 497 1433 ingens
523 1354 698 1415 miraculum
728 1357 771 1414 sic
793 1354 899 1434 latere,
925 1354 996 1413 hinc
1019 1371 1083 1413 eam
1107 1365 1137 1413 et
1159 1354 1316 1413 admonen-

309 1444 378 1503 dam
405 1451 436 1503 et
461 1460 555 1521 paene
582 1442 792 1521 obiurgandum
818 1445 928 1520 putavi.
973 1441 1054 1512 Quae
1083 1460 1151 1502 cum
1174 1442 1369 1505 mihim-10

311 1532 480 1611 spondisset
496 1549 557 1591 non
580 1549 613 1591 se
631 1531 699 1591 inde
718 1534 855 1611 tacuisse,
879 1532 1009 1608 quaesivi
1023 1529 1059 1589 ab
1077 1532 1130 1611 eis,
1148 1548 1221 1609 quas
1240 1530 1316 1590 lorte

311 1630 384 1682 tunc
405 1627 554 1679 matronas
573 1621 763 1679 amicissimas
783 1638 884 1679 secmn
899 1618 1032 1699 habebat,
1046 1619 1219 1693 utrumboc
1233 1628 1318 1678 antea

312 1710 447 1769 scissent.
483 1707 713 1786 Responderunt
731 1726 763 1768 se
777 1710 896 1767 omnino
912 1709 1051 1768 nescisse.
1089 1706 1176 1789 Ecce,
1189 1709 1317 1786 inquam,

312 1814 372 1875 quo
390 1796 478 1855 modo
496 1814 555 1855 non
574 1805 662 1875 taces,
685 1804 720 1856 ut
737 1815 791 1856 nec
814 1798 889 1856 istae
912 1796 1041 1877 audiant,
1064 1814 1139 1875 quae
1162 1795 1216 1855 tibi
1239 1803 1318 1855 tanta

311 1884 507 1945 familiaritate
537 1886 708 1961 iunguntur.
753 1883 790 1944 Et
820 1886 887 1962 quia
918 1884 1048 1945 breviter
1076 1883 1112 1943 ab
1140 1901 1174 1943 ea
1205 1886 1371 1961 quaesi-15

312 1990 421 2052 veram,
443 1973 500 2031 ieci
522 1981 569 2052 ut,
592 1972 649 2031 illis
672 1971 860 2033 audientibus
883 1971 1066 2049 multumque
1090 1971 1266 2033 mirantibus
1289 1981 1320 2032 et

312 2059 544 2140 glorificantibus
571 2058 678 2140 Deum,
706 2071 799 2120 totum
824 2078 859 2119 ex
882 2060 999 2141 ordine,
1028 2079 1116 2138 quem
1140 2058 1176 2119 ad
1200 2059 1319 2118 modum

312 2158 429 2228 gestum
451 2148 550 2228 luerit,
572 2148 724 2208 indicaret.

401 2236 548 2296 Medicum
574 2237 720 2314 quendam
748 2237 910 2315 podagrum
937 2238 967 2296 in
996 2236 1098 2295 eadem
1122 2235 1209 2315 urbe,
1240 2233 1318 2313 [qui]

314 2344 383 2386 cum
405 2324 536 2384 dedisset
554 2342 662 2383 nomen
685 2324 719 2384 ad
743 2324 922 2402 baptismum
945 2334 975 2384 et
997 2323 1092 2403 pridie
1116 2342 1204 2401 qnam
1228 2323 1319 2401 bapti·
1340 2342 1373 2391 20

313 2422 432 2473 caretur
454 2415 485 2473 in
508 2414 620 2472 somnis
641 2431 657 2471 a
680 2414 782 2491 pueris
804 2415 897 2491 nigris
920 2415 1050 2493 cirratis,
1073 2431 1147 2490 quos
1170 2411 1319 2489 intellege·

314 2501 366 2562 bat
394 2501 572 2580 daemones,
599 2499 741 2579 baptizari
773 2502 877 2561 eodem
914 2520 990 2561 anno
1019 2500 1186 2579 prohibitus
1216 2501 1322 2561 luisset

314 2594 417 2669 eisque
440 2607 500 2649 non
527 2588 735 2667 obtemperans
762 2592 849 2649 etiam
877 2588 1119 2649 corrculoantibus
1142 2588 1232 2668 pedes
1256 2590 1321 2649 eius

314 2682 346 2739 in
375 2678 508 2738 dolorem
536 2680 730 2758 acerrimum,
761 2678 883 2755 qualem¹
908 2696 1067 2756 numquam
1099 2686 1239 2755 expertus
1267 2684 1321 2757 est,

314 2770 388 2828 isset
410 2768 561 2844 magisque
584 2783 636 2826 eos
659 2768 780 2826 vincens
802 2766 917 2827 lavacro
942 2768 1187 2846 regenerationis,
1217 2775 1250 2826 ut
1273 2783 1320 2825 vo·
1340 2784 1373 2831 25

315 2864 406 2935 verat,
428 2854 508 2914 ablui
526 2872 586 2913 non
609 2854 782 2935 distulisset,
803 2857 835 2913 in
858 2854 1032 2933 baptismate
1055 2857 1118 2933 ipso
1143 2872 1202 2914 non
1226 2854 1321 2914 solum

315 2943 427 3023 dolore,
450 2961 509 3021 quo
534 2942 611 3003 ultra
634 2942 753 3003 solitum
776 2941 974 3023 cruciabatur,
997 2961 1099 3003 verum
1123 2945 1211 3002 etiam
1233 2942 1321 3021 poda·

315 3050 367 3111 gra
390 3033 521 3090 caruisse
545 3049 600 3091 nec
623 3030 762 3111 amplius,
784 3050 852 3091 cum
876 3031 926 3091 diu
950 3040 1052 3110 postea
1074 3033 1209 3109 vixisset,
1231 3031 1322 3109 pedes

315 3120 445 3180 doluisse
475 3120 541 3196 quis
568 3116 671 3181 norit?
715 3118 776 3179 Nos
802 3128 901 3179 tamen
934 3122 1069 3179 novimus
1099 3128 1129 3179 et
1151 3121 1322 3198 paucissimi

316 3211 424 3268 iratres
447 3207 482 3267 ad
506 3225 581 3285 quos
603 3207 632 3267 id
656 3210 753 3285 potuit
774 3209 937 3286 pervenire.
1342 3224 1375 3272 30

404 3294 448 3355 Ex
472 3298 561 3355 mimo
585 3295 703 3373 qnidam
727 3295 927 3356 Curubitauus
950 3314 1009 3355 non
1033 3295 1127 3355 solum
1150 3314 1167 3354 a
1189 3293 1323 3375 paralysi,

317 3402 420 3444 verum
447 3386 536 3444 etiam
562 3383 599 3443 ab
626 3385 746 3444 inlormi
771 3384 904 3463 pondere
928 3382 1111 3465 genitalium,
1139 3400 1208 3444 cum
1229 3381 1322 3461 bapti-

384 3490 411 3554 6)
428 3487 467 3541 lo.
488 3491 529 3540 11.

386 3614 419 3661 19
437 3609 507 3663 urbo
525 3609 648 3677 RAbep
666 3610 706 3663 ed.
718 3608 808 3676 princ.
824 3624 853 3673 υς
871 3605 941 3661 urbe
960 3604 1063 3658 seimus
1080 3603 1169 3658 fuisse
1187 3613 1240 3671 *ta3
1258 3602 1328 3659 urbo

313 3678 402 3733 luisse
422 3696 459 3734 sc.
477 3682 533 3750 pit)
551 3682 561 3746 ΙΙ
579 3678 629 3746 qui
647 3685 799 3747 suspectum
816 3683 856 3731 est
873 3679 882 3746 ΙΙ
901 3684 935 3731 24
955 3677 1010 3743 est,
1033 3675 1103 3729 isset
1121 3675 1269 3729 RAnabo
1287 3674 1329 3743 (in

314 3750 444 3805 sudorem
458 3753 525 3804 eunt
538 3750 617 3804 Flor.
633 3755 658 3816 1,
671 3754 722 3814 2ος
737 3750 767 3801 in
780 3747 911 3801 lacrimas
925 3747 966 3801 ire
981 3746 1057 3816 Verp.
1068 3746 1160 3816 Statu
1176 3744 1329 3801 exstitisset

314 3839 351 3890 ep
370 3822 477 3890 (maban
496 3822 574 3889 esti),
594 3821 649 3888 est,
668 3821 826 3874 aestuasset
845 3818 893 3888 Gy
911 3818 951 3872 ed.
971 3818 1058 3886 princ.
