3284 4459
572 527 612 566 33
627 525 770 566 murana
784 527 838 566 nm
851 527 877 566 n.
892 527 953 566 xnn
967 526 990 568 3.
1004 529 1037 568 aa.
1237 515 1305 578 403

297 660 367 741 Dei,
403 677 478 738 quae
514 662 721 739 peregrinatur
757 662 788 720 in
824 663 921 722 terris.
966 660 1025 722 Por
1060 665 1158 723 omnia
1194 664 1305 742 quippe

296 747 428 809 membra
448 766 500 809 sna
519 749 624 810 clamat
642 748 677 809 ad
696 748 803 810 herrm:
826 750 949 810 Dimitte
966 751 1053 811 nobis
1070 751 1171 811 debito
1189 758 1305 827 nostro,

296 841 377 899 siout
399 844 429 898 et
450 854 505 899 uos
527 840 703 898 dimittimus
725 839 911 898 debitoribus
933 841 1052 900 uostris.
1097 837 1160 899 Nec
1181 856 1236 918 pro
1260 841 1306 900 eis

297 935 343 986 est
366 925 469 986 ellicax
492 925 564 986 hoec
587 927 695 1004 oratio,
723 943 849 1004 quorum
879 925 952 986 fides
966 919 1039 987 siue
1062 926 1203 1005 operibus
1226 945 1304 987 mor·

296 1022 348 1076 tua
367 1021 425 1093 est;
450 1013 501 1074 sed
520 1012 574 1092 pro
593 1015 645 1094 eis,
668 1031 795 1092 quorum
818 1013 892 1074 fides
914 1031 968 1092 per
991 1014 1179 1076 dilectionem
1200 1025 1340 1094 opera-t

296 1110 355 1164 tur.
401 1101 476 1173 Ouia
499 1104 578 1163 enim
600 1101 661 1162 lieo
685 1101 805 1180 quidem
827 1101 959 1181 subdito,
981 1104 1013 1162 in
1035 1102 1091 1163 hac
1113 1111 1212 1163 tamen
1234 1121 1305 1166 con-

297 1189 413 1250 dicione
451 1189 567 1251 mortali
604 1198 633 1250 et
669 1207 793 1269 corpore
822 1189 1021 1271 corruptibili,
1057 1189 1136 1269 quod
1167 1191 1305 1270 adgravat

297 1281 433 1359 animam,
456 1296 515 1340 non
538 1278 669 1359 perfecte
691 1280 771 1338 vitiis
793 1280 920 1358 imperat
941 1280 1026 1360 ratio,
1048 1279 1116 1339 ideo
1137 1282 1305 1340 necessaria

297 1374 344 1428 est
365 1369 453 1427 iustis
480 1366 547 1427 talis
575 1368 677 1427 oratio.
722 1366 796 1427 Nam
818 1367 953 1446 prolecto
976 1385 1153 1446 quamquam
1176 1370 1303 1446 impere-

297 1464 360 1535 tur,
390 1472 574 1534 nequaqnam
598 1457 662 1516 sine
686 1455 824 1516 conflictu
848 1457 925 1515 vitiis
947 1457 1125 1536 imperatur,
1148 1464 1178 1516 31
1200 1459 1304 1534 utique
1324 1469 1357 1517 10

298 1542 433 1622 subrepit
456 1542 565 1621 aliquid
592 1545 623 1604 in
639 1542 708 1603 hoe
735 1543 800 1603 loeo
824 1543 1002 1604 infirmitatis
1025 1546 1112 1604 etiam
1136 1542 1210 1604 bene
1234 1562 1303 1604 eon-

298 1632 411 1710 lligeuti
433 1634 493 1692 sive
522 1630 656 1692 hostibus
685 1630 793 1692 talibus
816 1634 902 1691 victis
924 1631 1109 1710 subditisque
1132 1631 1304 1713 dominanti,

297 1719 377 1781 unde
407 1720 434 1782 si
460 1737 521 1781 non
548 1718 627 1781 lacili
653 1723 840 1799 operatione,
869 1728 950 1780 certe
980 1718 1058 1780 labili
1081 1719 1229 1781 locutione
1253 1728 1304 1782 aut

297 1806 406 1868 volatili
428 1810 604 1886 cogitatione
626 1819 775 1886 peccetur.
821 1807 860 1868 Et
881 1806 965 1890 ideo,
988 1808 1127 1887 quamdiu
1150 1811 1228 1869 vitiis
1250 1811 1303 1869 im·

298 1903 434 1976 paratur,
461 1896 547 1975 plena
570 1914 624 1976 pax
650 1914 709 1956 non
732 1905 791 1976 est,
819 1897 888 1974 quia
911 1903 942 1957 et
964 1894 1025 1976 illa,
1053 1913 1128 1974 quae
1151 1899 1304 1979 resistunt,
1324 1909 1357 1960 15
1469 1974 1470 1977 Ἴ

297 1983 465 2065 periculoso
497 1983 682 2044 debellantur
709 1983 834 2064 proelio,
853 1992 894 2047 ,31
921 1982 986 2066 1113,
1014 2003 1088 2063 quae
1123 1986 1198 2045 11313
1219 1975 1305 2066 sunt,

298 2072 430 2133 nondum
463 2090 569 2132 securo
601 2070 823 2151 triumphantur
854 2074 931 2154 otio,
967 2072 1019 2133 sed
1051 2071 1147 2132 adhuc
1179 2071 1305 2134 sollicito

298 2167 476 2240 premuntur
497 2163 630 2240 imperio.
676 2159 709 2220 ln
733 2159 779 2221 bis
802 2178 872 2239 ergo
896 2159 1150 2240 temptationibus,
1179 2160 1216 2221 de
1240 2164 1303 2239 qui-

297 2249 354 2309 hus
390 2247 529 2309 omnibus
564 2251 595 2310 in
632 2249 737 2308 divinis
774 2247 899 2327 eloquiis
935 2247 1065 2309 breviter
1102 2249 1214 2309 dictum
1245 2256 1305 2310 est:

299 2337 452 2413 Numquid
478 2355 538 2399 uon
566 2341 719 2414 temptatio
746 2343 792 2398 est
813 2340 875 2398 ulto
896 2338 1031 2398 humano
1053 2354 1146 2412 super
1168 2339 1305 2397 turam?
1322 2352 1357 2401 20
1469 2354 1470 2401 Τ

298 2428 365 2504 31113
394 2428 434 2485 ita
467 2427 564 2486 vivere
597 2442 629 2485 se
660 2432 847 2505 praesumat,
880 2432 913 2485 ut
945 2424 1044 2485 dicere
1072 2422 1147 2484 lieo:
1181 2425 1305 2486 Dimitte

298 2515 384 2575 nobis
411 2515 513 2574 debito
540 2519 647 2574 nostro
670 2531 792 2574 neeesse
820 2531 879 2573 non
908 2511 1013 2573 babeat
1044 2513 1102 2573 nisi
1129 2511 1216 2572 homo
1246 2511 1304 2573 ela·

299 2598 370 2662 tus?
393 2619 449 2661 333
473 2618 542 2661 1313
565 2619 702 2682 magnus,
730 2602 782 2662 sed
805 2601 924 2661 inflatus
948 2619 980 2661 ac
1005 2600 1149 2680 tumidus,
1179 2601 1228 2661 cui
1249 2619 1305 2680 per

298 2692 442 2751 iustitiam
461 2691 582 2769 resistit,
605 2691 656 2769 qui
675 2691 796 2768 gratiam
816 2689 940 2768 largitur
964 2688 1132 2750 humilibus.
1177 2689 1305 2768 Propter

299 2776 378 2856 quod
393 2779 537 2856 scriptum
557 2784 614 2838 est:
634 2778 716 2838 deus
733 2779 872 2853 superbis
890 2781 1011 2852 remur,
1029 2779 1190 2838 humilibus
1204 2784 1305 2839 autent
1323 2790 1357 2840 11

299 2869 353 2927 dut
376 2869 520 2942 qratiam.
566 2864 621 2926 llic
647 2867 747 2944 ltaque
774 2867 805 2926 13
832 2882 1012 2944 unoquoque
1039 2867 1151 2927 iustitia
1180 2874 1240 2948 est,
1270 2873 1306 2926 ut

299 2953 468 3015 oboedienti
486 2953 565 3014 lleus
583 2953 704 3033 bomini,
726 2955 842 3014 animus
861 2955 988 3036 corpori,
1011 2957 1086 3014 ratio
1104 2960 1202 3014 autem
1226 2955 1305 3014 vitiis

298 3044 387 3104 etiam
406 3041 639 3122 repugnantibus
658 3045 793 3124 imperet,
816 3041 861 3101 131
880 3040 1043 3121 subigendo
1062 3041 1107 3102 vel
1129 3041 1305 3123 resistendo,

298 3140 386 3209 atque
418 3139 452 3191 ut
484 3129 519 3190 ah
549 3133 614 3209 ipso
646 3129 706 3190 Deo
738 3136 856 3209 petatur
888 3137 919 3189 et
946 3133 1122 3190 meritorum
1153 3131 1246 3208 gratia
1275 3137 1306 3190 et

297 3221 382 3278 venia
413 3218 588 3279 delictorum
620 3236 654 3278 33
685 3218 721 3278 de
754 3220 883 3297 acceptis
916 3216 1002 3279 bouis
1037 3220 1198 3297 gratiarum
1228 3219 1358 3281 actioso

296 3304 489 3386 persolvatur.
535 3305 568 3366 ln
597 3305 647 3366 illa
676 3323 746 3366 vero
775 3323 847 3384 pace
875 3306 967 3386 llnali,
996 3324 1054 3385 quo
1087 3305 1242 3366 referenda
1274 3311 1305 3366 et

298 3397 384 3456 cuius
403 3394 607 3474 adipiscendae
626 3412 714 3455 causa
733 3393 866 3454 habenda
884 3402 931 3454 est
947 3397 1004 3455 ista
1022 3394 1142 3475 iustitia,
1165 3394 1305 3472 quoniam

369 3531 396 3598 ὁ)
413 3529 467 3584 Iso.
486 3535 516 3596 2,
536 3535 569 3584 17
588 3546 646 3598 sqq.
683 3531 711 3597 ὃ)
731 3529 790 3584 Gal.
811 3535 840 3595 b,
868 3535 892 3584 (1.
930 3531 957 3597 8)
977 3527 1041 3597 Sap.
1061 3534 1091 3596 9,
1111 3532 1153 3582 lb.
1190 3527 1304 3597 uo)10b

299 3606 324 3669 1,
344 3606 367 3655 1.
404 3599 522 3669 33133.
542 3605 616 3667 4,1’;
636 3606 659 3653 1.
679 3585 751 3656 retr.
771 3604 840 3665 uo.

298 3728 509 3737 --.-.--

370 3798 401 3846 13
420 3792 508 3848 flabili
526 3792 567 3848 11ι
591 3793 600 3862 ll
619 3797 654 3846 ut
670 3794 783 3848 resistet
800 3813 818 3866 3
