3284 4459
545 533 741 579 cromnam
755 534 851 579 omn
865 534 927 575 xrv.
941 534 1013 576 cae.
1238 520 1282 583 49

271 680 330 750 tur,
353 669 383 729 id
407 669 486 748 qnod
509 649 652 747 appetunt
674 668 797 749 implere
821 686 881 730 non
903 678 1044 749 possunt,
1066 661 1207 748 pudicitia
1230 687 1281 730 cu·

272 757 416 837 stoditur,
438 774 498 818 non
521 758 641 836 amissa,
671 756 723 816 sed
746 775 805 818 non
828 758 972 835 permissa
994 755 1189 817 delectatione
1211 774 1280 836 pec·

272 848 341 907 cati.
384 844 472 907 llunc
494 846 644 927 renisum,
666 844 743 905 banc
766 847 1000 925 repugnantiam,
1023 844 1098 906 banc
1120 844 1280 909 voluntatis

273 1022 351 1082 dinis
372 1021 564 1101 indigentiam
581 1019 688 1100 procul
710 1020 809 1101 dubio,
832 1022 890 1081 nisi
913 1018 1067 1099 culpabilis
1089 1020 1315 1083 inoboediens

272 1113 314 1171 tia
335 1110 453 1189 poenali
479 1109 698 1170 inoboedientia
725 1108 921 1189 plecteretur,
946 1111 977 1169 in
1000 1110 1136 1188 paradiso
1159 1112 1279 1189 nuptiae

269 1216 332 1259 non
350 1196 505 1278 baberent,
527 1197 579 1259 sed
597 1196 740 1258 voluntati
758 1196 900 1277 membra,
922 1205 957 1257 ut
979 1206 1087 1277 cetera,
1109 1200 1150 1258 ita
1173 1207 1280 1258 cuncta

269 1287 428 1347 servirent.
472 1284 516 1346 lta
542 1284 670 1365 genitale
699 1303 802 1345 arvum
832 1303 882 1345 vas
908 1286 940 1346 in
969 1283 1026 1345 boc
1049 1303 1124 1364 opus
1147 1295 1280 1347 creatum

269 1376 441 1455 seminaret,
464 1382 498 1434 ut
520 1390 601 1433 nunc
624 1381 734 1433 terram
757 1390 876 1453 manus,
900 1380 930 1433 et
952 1372 1030 1452 qnod
1055 1373 1142 1433 modo
1166 1373 1202 1435 de
1225 1372 1280 1435 bac

268 1481 305 1523 re
328 1460 415 1522 nobis
441 1460 608 1522 volentibus
635 1460 805 1541 diligentius
832 1461 983 1540 disputare
1006 1461 1184 1522 verecundia
1206 1464 1333 1523 resi-10

269 1553 325 1611 stit
343 1558 374 1611 et
393 1548 542 1629 compellit
559 1551 674 1610 veniam
692 1549 805 1609 bonore
824 1550 956 1628 praelato
979 1568 996 1609 a
1017 1549 1135 1629 pudicis
1157 1549 1279 1611 auribus

268 1655 413 1719 poscere,
441 1656 497 1699 cur
526 1636 557 1698 id
586 1638 672 1698 fieret
700 1636 781 1698 nulla
810 1654 899 1698 causa
921 1645 1014 1719 esset,
1044 1637 1096 1697 sed
1119 1640 1150 1698 in
1173 1640 1281 1721 omnia,

270 1745 348 1806 quae
375 1725 412 1786 de
440 1724 529 1786 buius
555 1725 635 1786 modi
663 1724 804 1785 membris
827 1742 948 1786 sensum
971 1728 1127 1805 cogitantis
1150 1725 1280 1806 adtinge-

271 1822 353 1895 rent,
380 1816 445 1874 sine
473 1813 533 1874 ullo
561 1816 667 1874 timore
689 1812 887 1874 'obscenitatis
914 1812 990 1874 liber
1017 1832 1116 1875 sermo
1139 1816 1279 1895 serretur,

273 1921 328 1963 nec
346 1905 410 1981 ipsa
427 1900 517 1961 verba
535 1908 645 1983 essent,
668 1919 744 1980 qtrae
761 1909 940 1963 vocarentur
958 1901 1100 1983 obscena,
1122 1903 1176 1964 sed
1194 1904 1278 1982 quid·
1299 1916 1332 1965 15

274 1990 343 2069 quid
366 1989 435 2050 inde
459 1988 625 2071 diceretur,
655 1996 716 2050 tam
738 1988 897 2051 honestum
920 1999 1014 2065 esset,
1045 1991 1192 2070 quamde
1215 1991 1279 2052 aliis

273 2096 341 2139 cum
370 2076 521 2156 loquimur
550 2080 684 2156 corporis
712 2075 856 2157 partibus.
902 2077 1044 2157 Quisquis
1074 2097 1145 2158 ergo
1168 2079 1204 2139 ad
1226 2079 1279 2140 bas

271 2167 386 2227 litteras
408 2165 566 2244 inpudicus
589 2165 716 2240 accedit,
744 2165 860 2245 culpam
883 2168 1024 2248 refugiat,
1046 2185 1107 2227 non
1130 2177 1278 2248 naturam;

272 2256 348 2316 lacta
371 2253 493 2314 denotet
515 2270 585 2314 suae
609 2253 816 2335 turpitudinis,
839 2272 899 2315 non
922 2254 1012 2315 verba
1034 2263 1153 2316 nostrae
1176 2274 1279 2316 neccs-
1396 2261 1399 2266 '

272 2344 381 2422 sitatis3
404 2344 435 2402 in
449 2340 558 2420 quibus
572 2341 645 2403 mihi
663 2342 799 2402 facillime
817 2342 943 2422 pudieus
962 2350 993 2403 et
1011 2343 1167 2422 religiosus
1184 2342 1279 2404 lector
1298 2358 1333 2407 ao

271 2430 319 2491 vel
343 2430 459 2491 auditor
481 2430 621 2510 ignoscit,
647 2429 743 2490 donec
765 2430 966 2493 infidelitatem
990 2431 1136 2512 refellam,
1158 2431 1277 2505 nonde

270 2518 330 2579 lide
353 2536 455 2579 rerum
477 2520 709 2597 inexpertarum,
732 2518 783 2579 sed
806 2519 843 2579 de
867 2536 958 2579 sensu
981 2528 1171 2598 expertarum
1193 2538 1278 2598 argu·

270 2614 461 2667 mentantem.
506 2604 591 2685 Legit
608 2608 687 2666 enim
706 2605 778 2666 baec
797 2609 861 2667 sine
879 2608 1051 2688 offensione,
1073 2608 1125 2686 qui
1147 2624 1207 2667 non
1229 2626 1279 2668 ex·

270 2695 377 2755 horret
403 2693 568 2773 apostolum
594 2694 743 2755 horrenda
774 2695 951 2756 seminarum
980 2695 1089 2775 flagitia
1118 2694 1278 2774 repreben-

271 2783 402 2863 dentem,
421 2800 495 2861 quae
509 2786 736 2843 inmutaverunt
752 2786 926 2845 naturalem
942 2800 1030 2843 usum
1048 2786 1080 2843 in
1098 2799 1165 2843 eum
1182 2801 1278 2859 usum,
1298 2797 1333 2846 25

270 2873 328 2945 qni
348 2877 394 2932 ast
415 2877 524 2931 contra
546 2877 705 2950 naturam,
727 2873 886 2950 praecipue
910 2873 978 2949 quia
1001 2889 1055 2931 nos
1078 2887 1139 2931 non
1161 2871 1278 2931 damna-

182 2954 183 2975 *
271 2958 362 3019 bilem
380 2957 593 3019 obscenitatem
611 2976 700 3041 nunc,
723 2960 801 3019 sicut
823 2958 881 3038 ille,
903 2976 1168 3019 commemoramus
1190 2967 1279 3039 atque

271 3046 536 3126 reprebendimus,
566 3046 619 3107 sed
649 3048 681 3106 in
710 3046 906 3129 explicandis,
936 3054 1080 3126 quantum
1110 3064 1279 3129 possumus,

270 3135 417 3196 humanae
445 3135 642 3213 generationis
671 3131 826 3195 ellectlbus
853 3134 943 3195 verba
973 3144 1091 3217 tamen,
1120 3137 1198 3196 sicut
1220 3136 1278 3218 ille,

271 3222 400 3283 obscena
422 3224 555 3283 vitamus.
1298 3239 1333 3288 ³0

343 3378 371 3444 8)
389 3375 474 3445 Verg.
494 3374 593 3447 Θεοῖς.
611 3380 638 3443 3,
657 3380 717 3431 136.
753 3379 799 3443 26)
817 3375 897 3431 Rom.
918 3381 943 3440 1,
960 3381 1005 3433 26.

345 3568 361 3617 ⁷
378 3566 412 3618 ub
429 3566 522 3618 cetere
539 3562 581 3616 iba
593 3578 660 3628 mss3
678 3559 730 3613 illc
741 3562 775 3613 ut
788 3561 883 3614 cetera
894 3577 928 3627 υς
944 3561 980 3627 cf.
994 3562 1090 3630 54,2l
1105 3565 1138 3613 lb
1151 3574 1219 3612 uera
1235 3558 1282 3632 Vll

272 3640 307 3689 21
327 3634 362 3691 de
380 3651 430 3691 on.
451 3636 502 3704 Vll
520 3638 554 3689 26
571 3630 744 3687 laudabilem
763 3632 793 3685 V

327 3902 384 3933 aro.
399 3904 430 3933 nn
445 3902 491 3933 civ.
505 3902 553 3932 ner.
576 3892 601 3931 11
