3284 4459
315 469 381 533 206
706 483 907 526 sunonsrnu

314 627 386 681 sunt
407 620 548 695 subiecti,
572 621 674 698 utique
697 621 765 698 quia
788 619 924 700 superbi,
948 618 984 680 de
1008 627 1238 699 subputantes,
1260 639 1321 680 non

316 708 351 768 de
376 707 442 782 Dei,
473 727 561 787 posse
584 707 700 786 placere
725 726 756 768 se
780 706 855 788 Deo,
885 709 936 786 qui
960 715 1005 767 est
1029 706 1107 767 Deus
1130 710 1321 769 scientiarum

314 805 403 875 utque
431 795 498 858 ideo
526 806 556 858 et
584 796 696 856 arbiter
723 798 985 876 conscientiarum,
1014 794 1058 856 'ibi
1081 795 1183 858 videns
1212 799 1320 875 cogita·

316 888 413 946 tiones
435 885 602 964 bominum,
634 887 773 963 quoniam
796 902 886 945 vanae
910 893 993 965 sunt,
1026 887 1051 944 si
1074 883 1227 948 bominum
1251 894 1321 946 sunt

280 978 296 1028 5
315 982 347 1034 et
368 973 404 1033 ab
427 973 477 1033 iilo
500 992 559 1033 non
583 981 661 1034 sunt.
693 974 734 1032 Et
743 991 947 1049 promerens,
966 974 1075 1052 inquit,
1094 975 1322 1035 adinventiones

315 1081 395 1122 suns.
428 1061 508 1132 Orias
526 1061 749 1122 adinventiones
767 1069 915 1141 putantne,
938 1063 995 1122 uisi
1015 1069 1049 1120 ut
1072 1060 1192 1140 superbi
1215 1061 1322 1124 cadant

315 1160 346 1211 et
367 1150 494 1210 humiles
518 1145 663 1229 surgant?
702 1148 762 1209 llas
785 1151 895 1229 quippe
918 1148 1140 1210 adinventiones
1162 1152 1321 1228 exequitur

315 1239 432 1300 dicens:
482 1239 584 1300 Areas
621 1241 788 1314 potentium
831 1241 1003 1311 infirmatos
1044 1245 1104 1312 ert,
1142 1245 1172 1299 et
1207 1241 1324 1311 infirmi

312 1330 488 1404 praecineti
508 1333 580 1389 sunt
600 1330 721 1387 ar'rtnte.
766 1326 935 1386 lufirmatus
959 1334 1004 1385 est
1027 1343 1127 1406 arcus,
1154 1325 1185 1386 id
1209 1336 1254 1388 est
1277 1330 1321 1387 im

265 1422 297 1470 to
316 1417 410 1476 tentio
434 1433 546 1496 eorum,
569 1417 621 1494 qui
643 1422 704 1475 tam
726 1423 863 1493 potentes
886 1412 942 1474 sibi
964 1413 1110 1493 videntur,
1133 1422 1167 1474 ut
1188 1417 1253 1478 sine
1268 1415 1322 1477 Dei

316 1504 394 1564 rlono
424 1512 512 1582 atque
543 1503 689 1564 adiutorio
719 1503 846 1563 bumana
876 1503 1052 1564 sufficientia
1082 1503 1179 1562 diviua
1206 1507 1322 1581 possint

315 1591 439 1671 implere
462 1591 606 1671 mandata,
629 1599 660 1651 et
677 1593 910 1669 praecinguntur
923 1593 1041 1670 virtute,
1063 1609 1190 1670 quorum
1203 1594 1321 1652 interna

315 1698 371 1740 vox
394 1689 453 1740 est:
477 1681 627 1741 Miserere
648 1683 715 1752 mei,
738 1681 873 1755 Domine,
895 1683 1037 1754 quoniam
1061 1683 1198 1752 infirmes
1220 1698 1294 1741 snm.

405 1770 494 1830 Pleni
511 1770 656 1844 pantheo,
688 1770 797 1848 inquit,
830 1771 1079 1841 nemorensem,
1103 1775 1133 1828 et
1155 1773 1322 1830 esurientes

266 1864 297 1912 10
317 1861 508 1917 transierunt
529 1863 653 1918 terrent.
699 1855 757 1926 Oui
779 1864 850 1916 suut
872 1855 1061 1934 intellegendi
1084 1855 1163 1934 pleni
1186 1855 1321 1938 panibus,

316 1947 374 2006 nisi
401 1944 480 2004 idem
506 1947 565 2024 ipsi
591 1946 676 2022 quasi
703 1952 854 2023 potentes,
885 1943 915 2004 id
943 1951 990 2004 est
1016 1943 1177 2025 israelitae,
1213 1945 1321 2022 quibus

317 2032 428 2093 credita
451 2042 522 2094 sunt
545 2032 660 2110 eloquia
684 2029 758 2092 bei?
795 2031 852 2092 Sed
876 2033 907 2092 in
930 2049 966 2092 eo
990 2030 1100 2111 populo
1124 2032 1244 2094 ancillae
1268 2033 1321 2094 fibi

316 2123 453 2181 minorati
488 2129 558 2182 sunt
593 2114 667 2202 (quo
696 2119 787 2180 verbo
818 2123 917 2180 nunus
947 2119 1066 2198 quidem
1096 2118 1212 2198 Latine,
1244 2120 1320 2182 bene

316 2217 414 2270 tamen
442 2227 616 2288 expressum
644 2217 701 2288 est,
733 2207 812 2286 quod
842 2226 877 2268 ex
905 2207 1065 2268 maioribus
1094 2210 1224 2268 minores
1251 2209 1322 2270 lacti

264 2305 297 2353 20
317 2291 416 2379 sunt),
449 2299 518 2376 quio
546 2306 577 2358 et
604 2299 634 2357 iu
661 2298 733 2374 ipsis
761 2295 901 2375 panibus,
931 2295 962 2356 id
987 2304 1036 2356 est
1056 2295 1163 2358 divinis
1187 2297 1322 2379 eloquiis,

317 2403 391 2464 quae
415 2385 564 2445 lsreelitae
587 2384 643 2444 soli
666 2394 737 2444 tunc
759 2401 796 2444 ex
819 2383 957 2446 omnibus
975 2383 1113 2462 gentibus
1132 2395 1321 2467 acceperuut,

317 2483 436 2534 terrena
459 2476 585 2551 sapiunt.
630 2471 740 2532 Gentes
763 2480 876 2552 autem,
904 2471 1011 2550 qulbus
1034 2471 1080 2532 lex
1101 2471 1150 2532 illa
1174 2491 1234 2533 non
1257 2483 1321 2536 erut

317 2562 393 2642 dato,
414 2570 516 2640 postea
539 2578 628 2638 quam
651 2578 705 2639 per
728 2578 837 2620 novum
855 2567 1065 2620 testamentum
1083 2561 1118 2620 ad
1138 2561 1254 2640 eloquia
1272 2562 1321 2624 illa

317 2657 475 2729 venerunt,
503 2647 630 2710 multum
657 2649 815 2709 esuriendo
838 2656 948 2709 terram
971 2651 1166 2728 transierunt,
1199 2653 1267 2728 quia
1289 2655 1320 2712 in

265 2744 298 2792 25
318 2739 361 2797 eis
389 2755 449 2796 non
476 2745 608 2815 terrena,
640 2735 691 2796 sed
723 2736 858 2796 caelestia
886 2745 1057 2815 sapuerunt.
1102 2735 1140 2797 Et
1161 2737 1218 2798 boe
1241 2739 1321 2801 velut

318 2833 512 2903 quaereretur
535 2842 622 2884 causa
651 2842 705 2884 cru
728 2825 838 2885 lactum
862 2826 912 2885 sit:
953 2826 1032 2897 Onia
1059 2829 1183 2898 steriles,
1216 2828 1321 2907 inquit,

313 2916 435 2989 peperit
451 2919 571 2991 septen,
595 2919 625 2973 et
641 2916 735 2974 malta
753 2916 785 2973 in
800 2915 875 2985 filiis
894 2916 1050 2985 infirmato
1068 2921 1120 2974 est.
1151 2913 1205 2974 llic
1224 2923 1343 2978 totum·

318 3000 395 3079 quod
424 2999 657 3079 prophetabatur
678 3000 771 3061 eluxit
793 2999 1021 3079 agnoscentibus
1044 3019 1201 3062 numerum
1225 3011 1331 3081 septe-s,

318 3091 447 3168 narium,
475 3106 535 3166 quo
563 3097 609 3148 est
637 3090 791 3149 universae
806 3088 961 3149 ecclesiae
984 3089 1145 3167 significata
1168 3091 1320 3168 perfectio.

264 3185 299 3234 30
317 3176 444 3255 Propter
475 3175 554 3254 quod
587 3184 618 3237 et
650 3176 795 3236 lohannes
827 3176 976 3255 apostolus
1008 3176 1044 3236 ad
1077 3185 1190 3256 septem
1218 3177 1323 3240 scribit

318 3264 471 3346 ecclesius,
501 3282 538 3324 eo
565 3264 652 3324 modo
681 3282 713 3324 se
740 3264 901 3328 osteudens
928 3264 964 3326 ad
991 3267 1080 3326 unitis
1107 3265 1321 3344 plenitudinem

318 3353 463 3433 scribere3
486 3360 516 3412 et
533 3353 563 3412 in
582 3351 747 3432 proverbiis
763 3350 928 3412 Salomonis
946 3352 1003 3412 boc
1022 3361 1107 3413 antea
1121 3355 1322 3433 praefigurans

390 3506 415 3571 1)
433 3503 512 3558 Rom.
537 3508 583 3569 10,
607 3508 631 3557 s.
666 3505 695 3570 4)
718 3502 762 3558 Ps.
786 3508 834 3570 es,
861 3508 902 3557 11.
941 3503 1095 3572 1e)Ps.e‚
1118 3511 1142 3560 o.
1181 3509 1224 3575 17)
1242 3505 1322 3565 Rom

317 3581 343 3642 3,
361 3579 386 3629 2.
424 3576 468 3641 30)
486 3573 572 3642 Apoc.
593 3579 617 3642 1,
634 3578 661 3628 4.

392 3753 425 3802 18
443 3748 531 3804 latine
545 3751 609 3817 A·o;
627 3749 717 3804 lutino
736 3750 957 3820 RFGabeppo
975 3753 985 3820 ΙΙ
1003 3755 1036 3804 29
1055 3751 1129 3819 quod
1147 3751 1196 3822 e¹q
