3284 4459
526 533 566 574 nn
580 531 723 576 omasus
736 533 790 572 um
803 533 830 572 n.
842 532 929 574 xum
943 531 967 573 c.
981 533 1013 573 ae.
1027 533 1060 573 so.
1226 517 1292 580 281

179 663 180 666 ’
291 669 494 748 Sicyoniorum
512 670 570 730 iam
588 667 728 746 Pelasgus
747 675 810 728 erat
829 675 859 728 et
876 666 1078 728 Hebraeorum
1100 667 1190 728 iudex
1211 666 1292 726 Sam-

290 775 355 838 son3
379 757 430 835 qui
454 775 522 818 curn
544 756 718 817 mirabiliter
741 755 826 816 sortis
850 764 941 836 esset,
967 762 1089 834 putatus
1112 763 1158 816 est
1180 754 1292 815 Hercu

290 846 339 906 ies.
386 844 444 906 Sed
463 845 590 924 Aenean,
614 847 752 923 quoniam
771 843 888 922 quando
912 852 1049 904 mortuus
1073 851 1201 904 estnon
1224 861 1294 904 con·

289 936 404 1014 paruit,
433 933 521 995 deum
552 932 608 993 sibi
638 933 774 993 iecerunt
796 931 900 993 Latini.
947 931 1048 992 Sabini
1066 934 1163 992 etiam
1190 949 1292 1010 regem

290 1040 375 1084 suum
398 1024 527 1100 primum
551 1021 679 1082 Sancum
703 1023 773 1101 sive,
797 1029 831 1080 nt
853 1021 942 1098 aliqui
965 1019 1121 1100 appeliant,
1144 1019 1330 1099 Sanctum,t

290 1109 471 1171 rettulerunt
493 1112 523 1170 in
546 1109 626 1170 deos.
672 1109 730 1170 Per
754 1108 833 1170 idem
857 1118 975 1188 tempus
994 1108 1108 1170 Codrus
1131 1127 1185 1168 rex
1207 1108 1295 1169 Athe·

290 1201 437 1267 niensium
468 1197 742 1277 Peloponnensibus
775 1197 907 1258 eiusdem
939 1196 1074 1258 hostibus
1106 1199 1232 1257 civitatis
1262 1214 1295 1256 se

290 1286 526 1347 interficiendum
550 1289 668 1365 ignotus
691 1285 813 1365 obiecit3
837 1294 868 1345 et
889 1286 1000 1346 iactum
1022 1293 1077 1346 est.
1121 1284 1185 1345 Hoc
1207 1284 1295 1345 modo

290 1393 358 1436 eum
386 1374 556 1454 praedicant
582 1376 708 1453 patriam
734 1374 884 1436 liberasso.
929 1373 1116 1452 Responsum
1146 1375 1225 1434 enim
1248 1391 1295 1433 ac-

290 1472 430 1542 ceperant
457 1462 697 1542 Peloponnenses
727 1469 791 1524 tum
818 1461 938 1522 demum
967 1480 999 1522 se
1029 1471 1238 1541 superaturos,
1270 1462 1296 1520 si
1316 1471 1351 1520 ro

290 1569 393 1612 eorum
421 1568 522 1630 regem
549 1568 609 1611 non
637 1551 824 1612 occidissent.
870 1549 985 1610 Feieliit
1005 1568 1084 1629 ergo
1112 1568 1164 1610 eos
1194 1548 1297 1609 habitu

289 1642 429 1720 pauperis
456 1638 624 1718 apparendo
652 1647 682 1700 et
712 1641 743 1699 in
767 1657 851 1699 suam
872 1656 977 1699 necem
995 1656 1054 1719 ‚per
1077 1641 1207 1717 iurgium
1228 1655 1297 1717 pro·

290 1728 429 1788 vocando.
475 1727 557 1788 Unde
581 1729 621 1788 ait
643 1725 804 1804 Vergilius:

854 1834 895 1892 ut
916 1834 1017 1910 iurgia
1040 1832 1137 1894 Codri.

290 1939 328 1999 Et
350 1939 430 1999 httnc
449 1937 644 1998 Athenienses
667 1945 817 2016 tamquam
841 1936 929 1997 deum
952 1937 1166 1997 sacrificiorum
1184 1937 1296 1998 honore
1318 1948 1351 1996 lo

291 2026 455 2088 coluerunt.
511 2025 622 2096 Quarto
655 2023 827 2085 Latinorum
860 2043 929 2104 rege
961 2025 1049 2085 Silvio
1082 2026 1196 2086 Aeneae
1230 2025 1298 2107 filio,

290 2116 400 2177 nonde
421 2113 540 2192 Creusa,
563 2114 598 2174 de
618 2131 676 2192 qua
694 2115 751 2174 iuit
767 2114 919 2194 Ascanius,
942 2116 994 2192 qui
1012 2115 1118 2174 tertius
1136 2113 1177 2173 ihi
1196 2132 1297 2193 regna·

290 2207 345 2284 rit,
368 2202 420 2264 sed
453 2203 489 2263 do
517 2201 635 2262 Lavinia
662 2199 758 2262 Latini
780 2201 852 2282 sdia,
882 2219 970 2280 quem
993 2209 1162 2280 postumum
1185 2202 1298 2263 Aeneas

291 2293 400 2352 dicitur
433 2290 584 2371 hahuisse,
616 2291 803 2369 Assyriorum
836 2297 934 2349 autem
964 2291 1123 2349 vicensimo
1157 2297 1187 2350 et
1219 2308 1297 2349 nono

291 2379 374 2442 Oneo
398 2388 427 2440 et
450 2378 596 2439 Melantho
619 2377 844 2439 Atheniensium
867 2385 950 2437 sexto
974 2378 1106 2450 decimo,
1126 2377 1224 2438 iudice
1247 2396 1296 2437 au·
1317 2388 1352 2436 to

290 2477 351 2529 tem
371 2466 572 2528 Hebraeorum
592 2466 657 2526 Heli
680 2467 833 2527 sacerdote
856 2483 981 2544 regnum
1000 2465 1206 2544 Sicyoniorum
1230 2485 1298 2526 con-

292 2565 444 2636 sumptum
468 2563 528 2636 est,
551 2555 628 2634 quod
652 2573 706 2634 per
729 2573 822 2616 annos
847 2562 1011 2632 nongentos
1035 2556 1246 2633 quinquaginta
1269 2561 1300 2614 et

292 2663 397 2706 norem
421 2643 548 2706 traditur
572 2644 663 2704 inisse
685 2653 866 2722 porrectum.

691 2865 808 2933 Garun
825 2865 895 2934 XX.

291 2999 339 3062 oe
356 3000 547 3058 successione
565 2998 683 3056 ordinis
701 2997 782 3070 reati
803 2998 888 3071 apud
905 2997 1064 3057 israelitas
1079 3003 1149 3072 post
1166 2999 1300 3058 iudicum
1318 3004 1353 3067 2⁵

725 3091 868 3160 tempora.

381 3208 448 3269 Mox
476 3207 587 3268 eisdem
614 3226 669 3287 per
694 3205 758 3266 loca
787 3216 949 3268 memorata
971 3206 1163 3286 regnantibus
1186 3207 1299 3269 israeli·

291 3307 390 3359 tarum
413 3315 538 3376 regnum
561 3297 643 3357 finito
666 3304 799 3373 tempore
823 3295 953 3356 iudicum
976 3313 992 3353 a
1017 3295 1104 3356 Saule
1127 3314 1197 3375 rege
1221 3315 1299 3356 surn-

292 3388 352 3464 psit
382 3385 551 3465 exordium,
579 3402 637 3463 quo
666 3392 799 3462 tempore
828 3383 884 3443 fuit
912 3383 1056 3463 propheta
1084 3383 1210 3444 Samuel.
1256 3383 1299 3443 Ab

291 3474 342 3534 ilio
372 3475 463 3552 igitur
492 3482 625 3552 tempore
655 3473 685 3532 hi
719 3490 804 3550 reges
833 3470 1004 3532 Latinorum
1032 3490 1098 3531 esse
1129 3481 1300 3551 coeperunt,
1319 3483 1353 3532 30

295 3580 369 3640 quos
393 3560 639 3640 cognominabant
663 3561 781 3639 Silvios3
805 3558 841 3618 ab
865 3578 900 3619 eo
924 3562 1047 3639 quippe,
1071 3561 1122 3637 qui
1145 3558 1222 3619 filius
1246 3561 1299 3619 Ae·

292 3667 365 3710 neae
389 3652 503 3728 primus
527 3650 623 3709 dictus
647 3657 693 3709 est
716 3647 833 3728 Silvius,
856 3649 965 3709 ceteris
988 3646 1157 3708 subsecutis
1180 3656 1210 3708 et
1232 3666 1299 3728 pro·

362 3767 406 3834 14)
425 3763 507 3836 Verg
526 3763 586 3818 Eoi
608 3768 690 3832 5,11.
729 3761 768 3818 Of.
788 3761 885 3830 hhiok,
903 3762 972 3815 font.
992 3762 1063 3831 Aug.
1082 3779 1110 3831 p.
1125 3768 1167 3816 45.
1220 3842 1222 3845 Ι
1299 3817 1302 3823 ,

363 3910 396 3959 18
415 3905 596 3974 posthumum
614 3903 678 3958 AF
684 3903 709 3956 G
714 3919 753 3972 qo
770 3903 780 3971 ii
798 3907 832 3954 20
852 3901 941 3971 Oneo]
960 3899 1067 3954 Thineo
1086 3901 1174 3955 Friclc
