3284 4459
500 519 541 562 nn
555 520 697 564 murare
711 522 904 564 mmmmm
918 523 1033 565 caan.
1205 508 1270 574 291

265 655 356 736 palus
383 654 487 736 lsrael;
515 657 567 734 qui
594 675 662 718 eum
689 656 774 718 multi
801 657 925 739 luerint,
951 675 1115 737 paucorum
1141 666 1173 719 et
1194 659 1272 738 aput

268 743 392 806 ludaeos
410 752 442 805 et
458 743 536 823 apud
554 762 608 806 nos
627 747 767 808 canonica
790 747 900 825 scripta
923 747 1098 808 retinentur.
1142 745 1185 808 lle
1208 750 1272 825 qui·

267 831 323 896 bus
347 849 393 893 me
418 830 512 912 aliona
535 835 702 912 positurum
721 851 790 896 esse
813 836 937 913 promisi
959 836 990 895 in
1013 834 1069 895 hoc
1091 834 1181 916 libro,
1199 853 1272 911 'cum

266 920 435 984 clauderem
459 923 652 1002 superiorem,
674 921 753 1001 quod
775 924 834 982 iarn
856 922 940 984 video
964 940 1030 984 esse
1052 923 1228 985 iaciendum.

630 1144 749 1212 Curuo
765 1145 900 1216 XXVII.
1105 1175 1113 1186 =
1291 1164 1308 1214 e

268 1277 314 1338 De
341 1275 525 1352 temporibus
549 1276 783 1352 prophetorum,
809 1292 938 1351 quornm
964 1279 1094 1338 oraculo
1121 1277 1274 1339 hahentur

265 1369 300 1426 ih
326 1365 414 1426 tibris
440 1367 551 1439 quique
578 1370 651 1424 tone
672 1365 715 1424 -de
744 1367 901 1426 vocatione
917 1368 1055 1440 ,pentum
1076 1369 1170 1429 neuun
1193 1368 1271 1426 ceci-

267 1459 395 1526 nerunt,
422 1453 543 1528 quondo
566 1450 922 1616 Romorggznagesregggwm
944 1457 1043 1530 eoepit
1064 1454 1270 1531 Assyriorum·

289 1700 300 1724 .-
356 1662 502 1743 Tempora
520 1665 611 1742 igitur
632 1680 736 1723 eorum
759 1671 793 1724 ut
814 1665 962 1742 possimus
985 1664 1147 1745 advertere,
1168 1665 1199 1726 ln
1220 1681 1273 1725 an·
1293 1678 1325 1726 td

266 1754 379 1813 'teriora
406 1750 558 1831 paululum
585 1769 783 1812 recurramus.
829 1750 861 1811 ln
889 1755 984 1832 capite
1014 1751 1082 1812 libri
1105 1750 1182 1833 Osee
1202 1770 1272 1832 pro

269 1840 385 1922 phetae,
407 1842 458 1918 qui
475 1841 589 1919 primus
609 1841 640 1899 iu
658 1838 813 1900 duodecim
833 1842 962 1921 ponitur,
984 1841 1025 1900 ita
1048 1843 1191 1920 scriptum
1214 1849 1273 1902 est:

276 1929 404 1990 Verbum
436 1929 573 2002 Domini,
605 1930 687 2003 qood
713 1927 831 2004 suctum
863 1935 908 1989 est
933 1930 977 1988 od
1005 1929 1080 1990 Osee
1106 1932 1138 1990 in
1167 1931 1272 1990 diebus

273 2019 369 2098 Ozioe
402 2024 431 2076 et
459 2017 597 2077 Iouthum
630 2023 660 2077 et
680 2017 789 2077 Achoz
816 2024 846 2077 et
872 2017 1028 2079 Ezechiae
1053 2034 1160 2093 regum
1183 2019 1272 2078 Indo.

269 2106 358 2165 Amos
386 2123 504 2184 qrroque
532 2103 636 2165 diebus
663 2107 742 2183 regis
766 2103 852 2164 Oziae
880 2104 1072 2184 prophetasse
1099 2123 1133 2166 se
1153 2104 1273 2187 scribit‘3
1293 2116 1324 2168 15

269 2194 349 2254 addit
367 2197 455 2254 etiarn
474 2191 650 2253 Hieroboam
672 2211 772 2271 regem
794 2191 894 2274 lsrael,
916 2196 968 2272 qui
990 2211 1045 2273 per
1065 2191 1185 2254 eosdem
1209 2193 1272 2277 dies

270 2285 333 2343 l'uit.
362 2281 423 2342 Nec
444 2298 502 2341 non
517 2279 626 2362 Esaias,
645 2279 721 2341 lilius
736 2281 834 2362 huius,
852 2283 912 2342 sive
932 2282 1094 2360 supradicti
1111 2283 1272 2361 prophetae

269 2374 345 2451 sive,
375 2368 452 2448 quod
482 2371 574 2448 magis
600 2368 787 2451 perhibetur,
814 2369 936 2430 alterius
963 2372 1013 2448 qni
1042 2388 1101 2431 nou
1130 2369 1273 2449 propbeta

269 2458 374 2519 eodem
404 2459 522 2518 nomine
552 2457 721 2531 vocabatur,
754 2457 874 2519 eosdem
904 2475 990 2537 reges
1018 2467 1171 2539 quattuor,
1198 2476 1273 2538 quos

269 2549 369 2628 posuit
392 2544 482 2628 Osee,
511 2547 542 2606 in
566 2548 661 2625 eapite
683 2544 751 2606 libri
774 2548 820 2606 sui
843 2548 939 2629 ponit,
962 2564 1089 2625 quorum
1113 2545 1216 2608 diebus
1239 2564 1271 2607 se
1291 2559 1326 2608 to

270 2634 462 2715 prophetasse
498 2633 709 2713 praeloquitur.
759 2633 904 2695 Michaeas
941 2637 1028 2695 etiam
1066 2633 1167 2694 eadem
1204 2653 1272 2695 suae

270 2723 442 2803 prophetiae
471 2729 681 2782 commemorat
708 2731 841 2800 tempora
870 2731 938 2802 post
967 2723 1030 2783 dies
1061 2721 1156 2783 Oziae.
1200 2721 1273 2784 Nam

271 2821 332 2873 tres
355 2813 407 2890 qui
429 2818 596 2889 seqrruutur
618 2827 703 2889 reges
727 2813 871 2892 nominat,
893 2827 969 2890 qrros
992 2820 1022 2871 et
1044 2809 1120 2873 Osee
1144 2812 1274 2871 nomina·

270 2903 321 2978 vit,
343 2898 473 2959 loatham
492 2907 522 2959 et
540 2898 634 2959 hehaz
653 2907 684 2958 et
702 2896 859 2959 Ezechiam.
910 2897 948 2959 lli
971 2909 1048 2980 sunt,
1071 2917 1147 2977 quos
1170 2898 1274 2959 eodem

270 2997 405 3068 tempore
436 2986 523 3048 simul
553 2986 746 3066 prophetasse
777 3005 813 3047 ex
847 3004 951 3048 eorum
982 2987 1087 3048 litteris
1117 2989 1273 3048 iuvenitur.
1292 2999 1327 3048 te

271 3076 324 3138 ilis
346 3074 522 3155 adiungitur
549 3073 634 3136 lonas
662 3074 766 3136 eodem
795 3073 864 3136 Ozia
892 3093 961 3154 rege
985 3083 1126 3154 regnante
1154 3083 1184 3136 et
1206 3074 1275 3156 loel,

272 3183 340 3226 cum
372 3167 430 3224 iam
461 3172 599 3243 regnaret
630 3161 774 3241 loatham,
807 3165 859 3241 qrri
890 3166 1035 3224 successit
1067 3162 1161 3224 Oziae.
1216 3161 1274 3223 Sed

271 3255 398 3314 istorrrm
424 3251 635 3332 prophetarum
663 3250 790 3310 durorum
818 3260 951 3330 tempora
974 3254 1004 3311 in
1027 3251 1188 3324 chronicis,
1216 3268 1275 3310 nou

271 3343 302 3402 in
326 3358 430 3401 eorum
453 3339 536 3400 libris
559 3342 709 3418 potuimus
731 3341 878 3419 inuenire,
908 3341 1046 3417 quoniam
1068 3338 1105 3399 de
1129 3341 1191 3398 suis
1213 3337 1275 3400 die:

272 3427 329 3488 bus
357 3436 462 3489 tacent.
508 3426 683 3488 Tenduntur
712 3435 811 3488 autent
832 3425 865 3489 bi
886 3427 949 3488 dies
971 3445 989 3488 a
1011 3444 1081 3506 rege
1103 3425 1276 3487 latinorum
1294 3438 1329 3487 eo

341 3534 384 3600 14)
400 3530 539 3597 Osae1‚1.
579 3534 622 3601 15)
636 3533 789 3597 Amos1‚1.
824 3530 1039 3600 24)Mieh.1‚1.
1072 3529 1279 3598 comerrien,

267 3601 337 3657 loni.
356 3603 427 3672 Aug.
447 3617 474 3670 p.
490 3605 532 3656 68.
861 3618 863 3621 ·

256 3733 257 3738 ’
340 3730 374 3779 14
391 3724 517 3779 matham
531 3724 590 3780 ΒΑ
598 3725 657 3795 θρς
672 3724 777 3778 ioatam
791 3724 832 3790 Ἐς
847 3723 963 3778 ionbhan
977 3725 1061 3792 ohpo
1073 3726 1083 3791 ΙΙ
1097 3729 1131 3777 24
1145 3724 1278 3778 ezechiam

267 3799 348 3868 Repa
367 3795 508 3849 ezechiam
527 3795 640 3850 AFGo
962 3817 964 3822 ·
1260 3846 1262 3851 .

1014 3879 1064 3932 19‘
