3284 4459
258 524 260 529 .
330 480 394 545 632
733 493 754 535 s.
768 494 934 536 auuusmen

417 629 556 690 &terum
570 630 622 707 qui
634 629 729 689 loturi
747 630 807 689 sint
824 646 879 707 pro
897 630 1012 688 meritis
1029 629 1227 706 praemiorum
1246 628 1339 687 etiam

329 719 438 797 gradus
460 717 606 777 bonorum
634 724 721 795 atquc
745 716 920 794 gloriarum,
950 718 1018 794 quis
1040 723 1085 775 est
1108 716 1233 776 idoneus
1256 718 1338 794 cogi·

330 814 402 883 tare,
425 814 534 884 quianto
558 807 649 884 magis
671 800 793 865 dicere?
838 803 923 875 Quod
947 814 1045 864 tamen
1067 804 1162 864 luturi
1184 806 1252 884 sint,
1276 822 1339 863 non

330 903 376 955 est
402 892 616 972 ambigendum.
662 895 756 970 Atque
786 891 816 952 id
846 894 934 953 etiam
965 892 1049 952 beata
1071 890 1119 952 illa
1150 894 1252 952 civitas
1275 910 1338 951 ma-

295 996 420 1062 ognum
442 984 473 1042 in
497 1000 528 1041 se
552 981 661 1041 bonum
680 980 797 1059 videbit,
821 981 900 1059 quod
925 979 997 1041 nulli
1019 971 1167 1059 superiori
1189 979 1268 1040 ullus
1290 983 1338 1039 in-

330 1072 422 1131 ferior
439 1067 590 1145 invidebit,
612 1071 689 1129 sicut
708 1086 786 1128 nuuc
806 1086 865 1128 nou
884 1068 1015 1128 invident
1030 1068 1216 1148 archangelis
1238 1068 1336 1147 augeli

331 1161 436 1232 oeteri3
458 1166 577 1236 tamque
605 1156 685 1217 nolet
708 1174 772 1216 csse
796 1159 1002 1236 unusquisque
1026 1156 1103 1235 quod
1128 1174 1188 1216 non
1212 1159 1337 1238 accepit,

330 1247 463 1323 quamvis
482 1246 522 1305 sit
538 1246 726 1323 pacatissimo
758 1245 932 1304 concordiae
956 1243 1073 1304 vinculo
1097 1247 1124 1304 ei
1148 1247 1199 1323 qui
1222 1247 1338 1323 accepit

331 1334 500 1414 obstrictus,
523 1351 610 1412 quam
634 1334 742 1392 necin
765 1350 890 1411 corpore
913 1331 976 1393 vult
998 1331 1102 1393 oculus
1125 1350 1190 1393 esse
1214 1335 1266 1411 qui
1288 1340 1338 1393 est

281 1437 313 1484 ιο
331 1423 449 1503 digitus,
473 1439 541 1482 cum
559 1420 724 1481 membrum
743 1430 904 1499 utrumque
923 1423 1072 1481 contineat
1089 1423 1181 1481 totius
1200 1423 1338 1500 corporis

331 1520 431 1591 pacata
451 1528 599 1589 compago.
646 1508 694 1569 Sic
713 1511 811 1587 itaque
831 1508 950 1569 babebit
972 1509 1082 1569 donum
1104 1508 1178 1569 alius
1201 1508 1258 1569 alio
1283 1512 1337 1569 mi-

331 1618 401 1680 nus,
423 1606 458 1660 nt
480 1598 535 1658 boc
559 1614 676 1677 quoquc
700 1596 809 1656 donum
832 1596 952 1677 babeat,
974 1616 1011 1657 ne
1035 1597 1103 1657 velit
1127 1597 1259 1677 amplius.

419 1686 480 1746 Nec
499 1686 565 1746 ideo
583 1685 709 1746 liberum
733 1684 888 1745 arbitrium
911 1704 969 1745 non
993 1684 1153 1766 habebunt,
1176 1688 1244 1765 quia
1267 1705 1337 1765 pec-

332 1784 395 1837 cata
418 1793 469 1835 eos
493 1774 638 1835 delectare
662 1792 720 1833 uon
744 1782 892 1853 poterunt.
938 1773 1028 1852 llagis
1051 1776 1160 1853 quippe
1184 1776 1241 1834 erit
1263 1774 1338 1834 libe·

251 1858 255 1868 '
282 1878 313 1926 15
332 1882 400 1925 rum
423 1882 439 1923 a
462 1863 654 1923 delectatione
682 1861 824 1940 peccandi
850 1879 945 1941 usque
969 1861 1003 1921 ad
1028 1861 1252 1922 delectationem
1276 1880 1338 1922 non

332 1951 473 2031 peccandi
495 1949 730 2011 indeclinabilem
754 1949 919 2010 liberatum.
961 1950 1035 2010 Nam
1057 1953 1185 2029 primum
1208 1950 1337 2011 liberum

332 2040 496 2120 arbitrium,
519 2038 596 2118 quod
620 2038 732 2098 bomini
754 2037 855 2098 datum
879 2048 936 2114 est,
960 2038 1076 2117 quando
1099 2037 1194 2117 primo
1218 2047 1338 2099 creatus

333 2137 378 2189 est
396 2136 505 2209 rectuS,
527 2129 623 2207 potuit
642 2145 701 2186 non
721 2144 853 2207 peccare,
876 2126 927 2186 sed
946 2130 1042 2206 potuit
1064 2135 1094 2187 et
1117 2145 1255 2208 peccare3
1279 2126 1337 2187 boc

333 2225 430 2277 autem
463 2218 654 2277 novissimum
683 2232 719 2274 eo
751 2216 901 2294 potentius
933 2217 1004 2296 erit,
1037 2233 1095 2293 quo
1123 2232 1246 2295 peccare
1276 2234 1336 2276 non

280 2318 313 2367 20
333 2308 453 2385 poterit;
477 2321 579 2364 verum
607 2303 663 2363 hoc
686 2321 804 2382 quoque
828 2302 880 2362 llei
904 2321 1041 2383 munere,
1064 2321 1123 2363 non
1147 2322 1217 2364 suae
1241 2307 1336 2383 possi-

332 2392 442 2454 bilitate
467 2401 597 2453 naturae.
642 2390 726 2451 Aliud
750 2401 795 2451 est
818 2393 896 2451 enirn
920 2410 985 2451 csse
1009 2391 1115 2472 Deum,
1143 2390 1220 2451 aliud
1244 2395 1336 2471 parti-

333 2485 427 2561 cipem
457 2480 518 2541 Dei.
564 2480 641 2540 neus
671 2489 775 2539 natura
807 2497 932 2558 peccare
960 2498 1020 2540 non
1046 2488 1157 2559 potest3
1186 2483 1337 2559 particeps

332 2588 402 2630 vero
426 2569 478 2629 llei
500 2568 537 2629 ab
555 2569 605 2629 illo
623 2570 745 2647 accepit,
770 2579 802 2628 ut
825 2585 948 2645 peccare
972 2586 1030 2627 non
1053 2571 1154 2647 possit.
1193 2568 1337 2628 Servandi

333 2670 430 2721 autem
460 2658 568 2736 gradus
594 2665 678 2717 erant
705 2656 794 2716 divini
824 2658 970 2734 muneris,
1001 2666 1035 2715 ut
1062 2658 1190 2734 primum
1214 2656 1337 2717 daretur

280 2760 313 2808 25
332 2747 458 2807 liberum
482 2744 649 2825 arbitrium,
677 2762 735 2822 quo
759 2762 819 2803 non
842 2762 964 2823 peccare
989 2745 1076 2819 homo
1099 2753 1214 2825 posset,
1238 2747 1335 2805 noris-

333 2838 449 2914 simum,
472 2852 531 2913 quo
550 2850 672 2912 peccare
692 2850 751 2892 non
769 2840 882 2911 posset,
905 2841 993 2910 atque
1011 2832 1081 2891 illud
1105 2832 1140 2893 ad
1165 2851 1335 2912 comparan-

334 2924 404 2984 dum
428 2924 577 3001 meritum,
605 2921 661 2980 boc
689 2920 724 2980 ad
751 2921 954 2999 recipiendum
976 2923 1139 2999 praemium
1162 2924 1336 2999 pertineret.

334 3011 392 3072 Sed
412 3013 478 3090 quia
498 3011 629 3089 peccavit
647 3011 702 3069 ista
721 3018 826 3069 natura
844 3027 913 3069 cum
935 3026 1058 3086 peccare
1081 3011 1186 3088 potuit,
1209 3007 1336 3087 largiore

334 3102 426 3180 gratia
448 3097 599 3177 liberatur,
622 3105 655 3157 ut
678 3097 712 3156 ad
736 3115 800 3156 eam
823 3096 1003 3176 perducatur
1026 3096 1200 3177 libertatem,
1223 3100 1253 3157 in
1279 3116 1336 3176 qua

282 3202 315 3250 80
333 3206 456 3269 peccare
485 3203 543 3246 non
570 3187 671 3264 possit.
718 3184 801 3245 Sicut
829 3187 906 3244 enim
934 3186 1027 3263 prima
1056 3184 1249 3245 inmortalitas
1272 3187 1337 3266 tuit,

334 3295 420 3355 quam
443 3274 592 3355 peccando
611 3272 701 3334 Adam
718 3273 855 3353 perdidit,
877 3291 964 3352 posse
988 3291 1046 3333 non
1071 3275 1156 3352 mori,
1179 3276 1336 3334 novissima

334 3368 391 3425 erit
410 3382 467 3424 non
486 3380 572 3442 posse
595 3364 681 3421 mori:
704 3363 744 3421 ita
767 3364 896 3440 primum
917 3360 1045 3422 liberum
1067 3358 1222 3421 arbitrium
1249 3381 1336 3440 posse

334 3470 393 3511 non
420 3468 557 3531 peccare,
587 3452 777 3509 novissimum
806 3466 865 3509 non
893 3467 979 3528 posse
1007 3466 1139 3528 peccare.
1185 3448 1234 3509 Sic
1257 3452 1336 3510 enim

403 3616 611 3684 spectatissime
625 3618 693 3685 (oe)
706 3616 746 3680 123
764 3616 811 3671 aed
825 3616 861 3682 cf.
876 3621 910 3669 11
923 3617 933 3685 Ι
948 3621 981 3669 10
995 3615 1118 3685 corporis
1132 3615 1161 3669 R
1174 3615 1222 3682 (cf.
1237 3619 1264 3680 6,
1278 3618 1340 3682 10);

332 3685 423 3738 comis
438 3686 627 3752 AGabeoE3
645 3696 722 3740 omn
738 3689 746 3752 ΙΙ
762 3691 794 3739 12
808 3702 844 3740 ne
859 3686 933 3754 13¹0,
946 3702 999 3740 uec
1013 3686 1109 3742 R¹Aa
1122 3688 1133 3756 l
1147 3691 1178 3738 17
1192 3684 1284 3753 primo
1299 3686 1340 3752 R3

331 3754 451 3820 primum
466 3755 681 3809 A¹G¹tobeoE
694 3756 810 3822 (Hoffm.
825 3759 857 3811 in
871 3774 983 3812 mansero
997 3757 1085 3811 lineae
1097 3756 1219 3811 notando
1232 3757 1342 3810 videtur

332 3828 445 3888 errasse)
460 3826 469 3891 ΙΙ
484 3829 516 3876 23
536 3824 645 3892 occepit
663 3826 837 3892 RA¹GaE3
857 3827 961 3896 accipit
979 3828 1057 3882 'ibeo
