3284 4459
556 518 596 559 nn
610 516 752 559 omniun
766 518 819 558 nm
832 519 859 558 u.
871 519 934 558 xus
948 517 972 558 o.
984 518 1004 560 o.
1214 501 1279 567 369

680 751 796 819 (lurur
819 752 876 818 IX.

273 883 320 945 De
343 885 480 944 amicitia
505 889 681 943 cunctorum
709 885 900 956 cunctorum,
930 899 1009 957 quae
1030 883 1146 944 domini
1165 886 1198 944 io
1221 885 1279 945 hoc

322 973 433 1032 mundo
455 988 516 1032 nou
534 976 719 1047 potestesse
741 969 904 1044 manifesta
922 977 1052 1048 propter
1070 970 1230 1045 fallaciam

363 1061 548 1132 daemonum,
571 1061 603 1118 to
625 1074 700 1134 quos
722 1060 907 1131 inciderunt,
930 1061 984 1133 qui
1005 1061 1112 1120 multos
1132 1061 1194 1120 sili

570 1148 640 1206 deos
663 1148 804 1207 colendos
822 1154 981 1222 putarunt.
1301 1158 1317 1206 5

363 1270 395 1332 lu
419 1273 559 1331 societate
582 1287 652 1329 vero
676 1277 847 1330 sanctorum
869 1269 1053 1349 angelorum,
1077 1288 1165 1349 quam
1187 1270 1280 1349 philo-

273 1359 359 1439 sophi
386 1358 441 1438 illi,
469 1361 520 1437 qui
543 1357 630 1418 nobis
653 1357 725 1418 deos
755 1359 865 1418 amicos
888 1376 954 1418 esse
977 1358 1148 1441 voluerunt,
1175 1367 1281 1438 quarto

273 1450 494 1510 constituerunt
521 1445 601 1526 loco,
629 1445 708 1506 velut
736 1445 772 1505 ad
799 1445 943 1506 mundum
970 1449 1122 1508 venientes
1149 1446 1186 1508 ab
1209 1447 1281 1507 orbe

274 1545 435 1615 terrarum,
462 1543 496 1596 ut
526 1537 569 1594 sic
595 1534 722 1612 quodam
749 1535 838 1595 modo
866 1533 1134 1613 complecterentur
1163 1543 1195 1596 et
1216 1553 1281 1597 oae-

273 1625 351 1705 lum,
383 1623 463 1684 nullo
493 1623 580 1684 modo
608 1623 726 1700 quidem
754 1625 929 1703 metuimus,
959 1641 996 1683 ue
1023 1622 1097 1684 tales
1125 1626 1210 1686 amici
1234 1623 1281 1685 vel
1301 1636 1334 1684 10

275 1723 370 1774 morte
401 1730 454 1772 nos
487 1728 540 1771 sua
574 1710 619 1771 vel
649 1709 856 1790 depravatione
887 1713 1072 1773 contristent.
1125 1711 1184 1774 Sed
1213 1715 1282 1790 quta

274 1800 361 1868 nohis
384 1817 443 1860 non
467 1817 510 1880 aa,
533 1817 590 1877 qua
613 1798 757 1872 homines,
781 1798 976 1860 familiaritate
1000 1802 1164 1861 miscentur
1187 1794 1282 1882 (quod

275 1892 363 1950 etiam
393 1891 490 1967 ipsum
519 1887 556 1948 ad
586 1904 741 1947 aerumnas
770 1887 859 1948 huius
888 1890 1019 1965 pertinet
1050 1883 1141 1970 vitae)
1171 1898 1203 1950 et
1231 1888 1281 1949 ali·

275 1977 392 2056 quando
417 1976 554 2057 Satanas,
583 1978 662 2036 sicut
688 1975 828 2055 legimus,
857 1975 1047 2053 transfigurat
1075 1995 1108 2036 se
1131 1979 1209 2038 sicut
1231 1995 1281 2036 au-

274 2067 373 2145 gelum
396 2065 472 2125 lucis
490 2064 526 2125 ad
550 2063 734 2143 temptandos
757 2081 817 2143 eos,
841 2081 916 2142 quos
939 2066 979 2124 ita
1002 2064 1047 2124 rel
1069 2064 1182 2125 erudiri
1206 2083 1282 2144 opus
1302 2076 1335 2124 15

276 2164 322 2216 est
346 2153 390 2213 vel
413 2153 509 2231 decipi
532 2154 642 2214 iustum
667 2159 725 2212 est:
754 2169 858 2230 magua
880 2151 934 2212 llei
957 2152 1158 2212 misericordia
1181 2171 1282 2213 ueces-

276 2245 353 2304 saria
380 2251 441 2322 est,
470 2259 507 2301 ue
538 2243 709 2320 quisquam,
741 2258 809 2300 cum
838 2239 932 2300 honos
961 2240 1080 2318 angelos
1110 2244 1219 2301 amicos
1250 2259 1282 2302 se

275 2329 386 2392 habere
409 2337 506 2410 putat,
532 2327 638 2390 habeat
665 2326 757 2388 malos
780 2327 938 2388 daemones
961 2329 1046 2389 fictos
1068 2331 1191 2409 amicos,
1218 2346 1282 2390 eos·

276 2439 336 2498 que
365 2427 446 2480 tanto
476 2419 679 2497 nocentiores,
712 2425 821 2494 quanto
856 2419 1014 2477 astutiores
1048 2434 1082 2476 ac
1111 2416 1283 2496 fallaciores,

276 2510 406 2587 patiatur
435 2509 577 2568 inimicos.
627 2504 665 2564 Et
697 2507 746 2565 cni
778 2522 883 2582 magna
912 2506 967 2565 ista
997 2504 1050 2565 Dei
1081 2505 1284 2564 misericordia
1303 2517 1337 2564 20

277 2598 444 2656 necessaria
468 2604 512 2654 est
534 2595 592 2653 nisi
615 2610 735 2670 magnae
759 2591 904 2654 humanae
927 2594 1079 2670 miseriae,
1102 2611 1177 2671 quae
1202 2594 1284 2671 igno-

277 2687 374 2744 rantia
401 2690 481 2743 tanta
509 2683 666 2761 premitur,
698 2689 731 2741 ut
758 2680 843 2742 iacile
870 2683 996 2741 istorum
1024 2681 1210 2742 simulatione
1233 2680 1283 2742 lal-

278 2768 377 2832 latur?
422 2769 460 2830 Et
478 2769 543 2829 illos
562 2769 681 2848 quidem
704 2768 895 2850 philosophos
918 2771 949 2828 iu
972 2770 1061 2848 impia
1085 2771 1210 2851 civitate,
1234 2771 1285 2848 qui

278 2860 350 2921 deos
373 2858 429 2920 sibi
451 2859 561 2918 amicos
579 2875 644 2918 esse
668 2856 817 2938 dixerunt,
839 2859 871 2916 in
893 2857 1052 2918 daemones
1075 2857 1217 2936 malignos
1239 2861 1282 2917 in-

278 2948 385 3009 cidisse
409 2948 608 3008 certissimum
630 2953 688 3025 est,
712 2944 820 3023 quibus
843 2953 904 3005 tota
926 2947 990 3024 ipsa
1013 2948 1114 3006 civitas
1137 2945 1284 3025 subditur,
1304 2957 1337 3006 25

278 3045 433 3097 aeternum
451 3051 519 3107 curn
538 3036 580 3092 eis
599 3032 734 3093 habitura
752 3032 938 3112 strpplicium.
983 3031 1027 3094 Ex
1050 3051 1153 3095 eorum
1177 3036 1285 3112 quippe

279 3126 372 3184 sacris
400 3121 445 3184 vel
472 3123 570 3200 potius
599 3121 774 3202 sacrilegiiS,
803 3120 911 3199 quibus
941 3138 992 3181 eos
1015 3121 1169 3202 colendos,
1197 3132 1228 3181 et
1249 3140 1285 3182 ex

278 3212 357 3273 ludis
378 3209 625 3284 inmundissimis,
648 3208 700 3270 ubi
724 3227 829 3270 eorum
852 3211 974 3269 crimina
997 3208 1198 3284 celebrantur,
1222 3211 1285 3286 qui·

275 3295 333 3357 bus
365 3315 416 3358 eos
447 3296 605 3377 placandos
636 3303 780 3376 putarunt
810 3296 923 3358 eisdem
955 3298 1029 3376 ipsis
1059 3295 1230 3359 auctoribus
1257 3303 1289 3358 et

351 3434 394 3501 16)
414 3437 438 3485 2.
458 3429 517 3485 (lor.
538 3437 637 3500 11,14.

275 3549 492 3560 .-..---....

352 3631 385 3679 14
408 3625 482 3679 sicut
504 3641 567 3694 ang.
587 3625 638 3679 Ra
658 3626 787 3692 Olorom.;
809 3628 844 3681 ul
865 3641 929 3696 ang.
948 3628 976 3680 A
995 3625 1094 3694 suu,
1116 3625 1147 3679 in
1165 3642 1229 3697 eng.
1247 3627 1288 3680 'lb

277 3696 378 3766 fraym.
395 3695 517 3767 Frisiny.
534 3697 645 3750 Tertull.
658 3697 762 3751 Amiat.
776 3695 876 3752 sinuit.
892 3698 952 3751 Vct.
969 3698 1015 3765 (cf.
1031 3698 1076 3751 lto.
1088 3700 1108 3751 2
1121 3714 1142 3752 c.
1154 3700 1208 3765 26,·
1222 3697 1240 3753 l.
1250 3700 1287 3753 21

276 3784 301 3824 e.
317 3771 361 3835 6);
379 3765 459 3820 uelut
477 3783 541 3836 ang.
562 3766 670 3837 Geypo
690 3768 748 3835 (lib.
762 3772 799 3823 10
815 3783 839 3823 c.
853 3772 901 3837 10)
920 3769 930 3837 l
949 3772 982 3821 19
1001 3770 1170 3837 putaverunt
1188 3785 1205 3824 n

333 3873 391 3904 nuo.
404 3875 437 3904 n:
451 3874 497 3906 cru.
512 3875 560 3906 nur.
583 3864 614 3904 ΙΙ
1041 3860 1075 3908 24
