<?xml version="1.0" encoding="UTF-8"?>
<!DOCTYPE html PUBLIC "-//W3C//DTD XHTML 1.0 Transitional//EN"
    "http://www.w3.org/TR/xhtml1/DTD/xhtml1-transitional.dtd">
<html xmlns="http://www.w3.org/1999/xhtml" xml:lang="en" lang="en">
 <head>
  <title>
</title>
<meta http-equiv="Content-Type" content="text/html;charset=utf-8" />
  <meta name='ocr-system' content='tesseract 3.04.00' />
  <meta name='ocr-capabilities' content='ocr_page ocr_carea ocr_par ocr_line ocrx_word'/>
</head>
<body>
  <div class='ocr_page' id='page_1' title='image "./sanctiaureliiau11augugoog_0286.png"; bbox 0 0 3284 4459; ppageno 0'>
   <div class='ocr_carea' id='block_1_1' title="bbox 343 455 946 520">
    <p class='ocr_par' dir='ltr' id='par_1_1' title="bbox 343 455 946 520">
     <span class='ocr_line' id='line_1_1' title="bbox 343 455 946 520; baseline -0.02 0"><span class='ocrx_word' id='word_1_1' title='bbox 343 455 410 520; x_wconf 80' lang='lat'><strong>266</strong></span> <span class='ocrx_word' id='word_1_2' title='bbox 744 467 766 511; x_wconf 78' lang='lat' dir='ltr'><strong>o.</strong></span> <span class='ocrx_word' id='word_1_3' title='bbox 781 467 946 510; x_wconf 80' lang='lat' dir='ltr'><strong>Auousrnu</strong></span> 
     </span>
    </p>
   </div>
   <div class='ocr_carea' id='block_1_2' title="bbox 310 601 1353 1194">
    <p class='ocr_par' dir='ltr' id='par_1_2' title="bbox 345 601 1353 948">
     <span class='ocr_line' id='line_1_2' title="bbox 346 601 1352 684; baseline -0.002 -19"><span class='ocrx_word' id='word_1_4' title='bbox 346 606 397 684; x_wconf 92' lang='lat' dir='ltr'><strong>qui</strong></span> <span class='ocrx_word' id='word_1_5' title='bbox 416 606 517 683; x_wconf 88' lang='lat' dir='ltr'><strong>utique</strong></span> <span class='ocrx_word' id='word_1_6' title='bbox 536 602 748 684; x_wconf 80' lang='lat' dir='ltr'><strong>praecedentes</strong></span> <span class='ocrx_word' id='word_1_7' title='bbox 767 602 881 682; x_wconf 87' lang='lat' dir='ltr'><strong>aliquos</strong></span> <span class='ocrx_word' id='word_1_8' title='bbox 899 602 1057 664; x_wconf 88' lang='lat' dir='ltr'><strong>historicos</strong></span> <span class='ocrx_word' id='word_1_9' title='bbox 1079 604 1111 665; x_wconf 91' lang='lat' dir='ltr'><strong>in</strong></span> <span class='ocrx_word' id='word_1_10' title='bbox 1133 601 1189 664; x_wconf 87' lang='lat' dir='ltr'><strong>hac</strong></span> <span class='ocrx_word' id='word_1_11' title='bbox 1212 604 1352 683; x_wconf 90' lang='lat' dir='ltr'><strong>opinione</strong></span> 
     </span>
     <span class='ocr_line' id='line_1_3' title="bbox 345 691 1351 772; baseline -0.001 -19"><span class='ocrx_word' id='word_1_12' title='bbox 345 694 440 753; x_wconf 88' lang='lat' dir='ltr'><strong>secuti</strong></span> <span class='ocrx_word' id='word_1_13' title='bbox 464 700 546 768; x_wconf 89' lang='lat' dir='ltr'><strong>sunt,</strong></span> <span class='ocrx_word' id='word_1_14' title='bbox 572 700 640 772; x_wconf 89' lang='lat' dir='ltr'><strong>post</strong></span> <span class='ocrx_word' id='word_1_15' title='bbox 668 709 760 752; x_wconf 89' lang='lat' dir='ltr'><strong>annos</strong></span> <span class='ocrx_word' id='word_1_16' title='bbox 787 691 912 770; x_wconf 90' lang='lat' dir='ltr'><strong>amplius</strong></span> <span class='ocrx_word' id='word_1_17' title='bbox 941 709 1029 770; x_wconf 85' lang='lat' dir='ltr'><strong>qrram</strong></span> <span class='ocrx_word' id='word_1_18' title='bbox 1051 694 1202 752; x_wconf 88' lang='lat' dir='ltr'><strong>trecentos</strong></span> <span class='ocrx_word' id='word_1_19' title='bbox 1224 694 1282 752; x_wconf 90' lang='lat' dir='ltr'><strong>iam</strong></span> <span class='ocrx_word' id='word_1_20' title='bbox 1305 709 1351 752; x_wconf 91' lang='lat' dir='ltr'><strong>se-</strong></span> 
     </span>
     <span class='ocr_line' id='line_1_4' title="bbox 345 778 1352 860; baseline 0 -19"><span class='ocrx_word' id='word_1_21' title='bbox 345 779 442 841; x_wconf 91' lang='lat' dir='ltr'><strong>cundo</strong></span> <span class='ocrx_word' id='word_1_22' title='bbox 461 781 635 859; x_wconf 76' lang='lat' dir='ltr'><strong>Argivorum</strong></span> <span class='ocrx_word' id='word_1_23' title='bbox 659 780 814 840; x_wconf 87' lang='lat' dir='ltr'><strong>Phoroneo</strong></span> <span class='ocrx_word' id='word_1_24' title='bbox 839 798 908 858; x_wconf 79' lang='lat' dir='ltr'><strong>rege</strong></span> <span class='ocrx_word' id='word_1_25' title='bbox 931 788 1073 858; x_wconf 79' lang='lat' dir='ltr'><strong>regnante</strong></span> <span class='ocrx_word' id='word_1_26' title='bbox 1092 778 1185 860; x_wconf 80' lang='lat' dir='ltr'>Ogygi</span> <span class='ocrx_word' id='word_1_27' title='bbox 1208 780 1352 841; x_wconf 77' lang='lat' dir='ltr'><strong>dilnvium</strong></span> 
     </span>
     <span class='ocr_line' id='line_1_5' title="bbox 346 867 1353 948; baseline -0.001 -19"><span class='ocrx_word' id='word_1_28' title='bbox 346 870 436 929; x_wconf 89' lang='lat' dir='ltr'><strong>inisse</strong></span> <span class='ocrx_word' id='word_1_29' title='bbox 467 876 706 929; x_wconf 88' lang='lat' dir='ltr'><strong>commemorant.</strong></span> <span class='ocrx_word' id='word_1_30' title='bbox 752 867 810 928; x_wconf 87' lang='lat' dir='ltr'><strong>Sed</strong></span> <span class='ocrx_word' id='word_1_31' title='bbox 840 867 972 947; x_wconf 90' lang='lat' dir='ltr'><strong>quolibet</strong></span> <span class='ocrx_word' id='word_1_32' title='bbox 1000 877 1132 948; x_wconf 87' lang='lat' dir='ltr'><strong>tempore</strong></span> <span class='ocrx_word' id='word_1_33' title='bbox 1156 869 1261 948; x_wconf 86' lang='lat' dir='ltr'><strong>inerit,</strong></span> <span class='ocrx_word' id='word_1_34' title='bbox 1293 870 1353 929; x_wconf 86' lang='lat' dir='ltr'><strong>iem</strong></span> 
     </span>
    </p>

    <p class='ocr_par' dir='ltr' id='par_1_3' title="bbox 310 955 1352 1194">
     <span class='ocr_line' id='line_1_6' title="bbox 310 955 1351 1036; baseline 0.001 -20"><span class='ocrx_word' id='word_1_35' title='bbox 310 968 326 1016; x_wconf 82' lang='lat'><strong>5</strong></span> <span class='ocrx_word' id='word_1_36' title='bbox 346 965 443 1018; x_wconf 91' lang='lat' dir='ltr'><strong>tamen</strong></span> <span class='ocrx_word' id='word_1_37' title='bbox 462 956 592 1017; x_wconf 85' lang='lat' dir='ltr'><strong>Minerva</strong></span> <span class='ocrx_word' id='word_1_38' title='bbox 614 965 762 1036; x_wconf 84' lang='lat' dir='ltr'><strong>tamquam</strong></span> <span class='ocrx_word' id='word_1_39' title='bbox 780 957 835 1017; x_wconf 88' lang='lat' dir='ltr'><strong>dea</strong></span> <span class='ocrx_word' id='word_1_40' title='bbox 858 955 1009 1016; x_wconf 84' lang='lat' dir='ltr'><strong>colebatur</strong></span> <span class='ocrx_word' id='word_1_41' title='bbox 1032 964 1174 1035; x_wconf 80' lang='lat' dir='ltr'><strong>regnante</strong></span> <span class='ocrx_word' id='word_1_42' title='bbox 1192 956 1351 1017; x_wconf 81' lang='lat' dir='ltr'><strong>Athenien-</strong></span> 
     </span>
     <span class='ocr_line' id='line_1_7' title="bbox 346 1044 1352 1125; baseline 0 -20"><span class='ocrx_word' id='word_1_43' title='bbox 346 1045 428 1106; x_wconf 89' lang='lat' dir='ltr'>sibus</span> <span class='ocrx_word' id='word_1_44' title='bbox 458 1044 605 1125; x_wconf 83' lang='lat' dir='ltr'><strong>Cecrope,</strong></span> <span class='ocrx_word' id='word_1_45' title='bbox 637 1044 693 1107; x_wconf 89' lang='lat' dir='ltr'><strong>sub</strong></span> <span class='ocrx_word' id='word_1_46' title='bbox 721 1063 779 1123; x_wconf 89' lang='lat' dir='ltr'><strong>quo</strong></span> <span class='ocrx_word' id='word_1_47' title='bbox 807 1062 878 1123; x_wconf 84' lang='lat' dir='ltr'><strong>rege</strong></span> <span class='ocrx_word' id='word_1_48' title='bbox 905 1046 994 1105; x_wconf 91' lang='lat' dir='ltr'><strong>etiam</strong></span> <span class='ocrx_word' id='word_1_49' title='bbox 1020 1047 1115 1125; x_wconf 86' lang='lat' dir='ltr'><strong>ipsam</strong></span> <span class='ocrx_word' id='word_1_50' title='bbox 1137 1044 1184 1106; x_wconf 87' lang='lat' dir='ltr'><strong>vel</strong></span> <span class='ocrx_word' id='word_1_51' title='bbox 1206 1047 1352 1105; x_wconf 86' lang='lat' dir='ltr'><strong>instaura·</strong></span> 
     </span>
     <span class='ocr_line' id='line_1_8' title="bbox 345 1133 945 1194; baseline -0.003 0"><span class='ocrx_word' id='word_1_52' title='bbox 345 1142 405 1194; x_wconf 88' lang='lat' dir='ltr'><strong>tarn</strong></span> <span class='ocrx_word' id='word_1_53' title='bbox 429 1134 528 1194; x_wconf 90' lang='lat' dir='ltr'><strong>ierunt</strong></span> <span class='ocrx_word' id='word_1_54' title='bbox 550 1133 596 1194; x_wconf 89' lang='lat' dir='ltr'><strong>vei</strong></span> <span class='ocrx_word' id='word_1_55' title='bbox 619 1133 765 1194; x_wconf 89' lang='lat' dir='ltr'><strong>conditam</strong></span> <span class='ocrx_word' id='word_1_56' title='bbox 789 1135 945 1193; x_wconf 83' lang='lat' dir='ltr'><strong>civitatem.</strong></span> 
     </span>
    </p>
   </div>
   <div class='ocr_carea' id='block_1_3' title="bbox 747 1337 941 1405">
    <p class='ocr_par' dir='ltr' id='par_1_4' title="bbox 747 1337 941 1405">
     <span class='ocr_line' id='line_1_9' title="bbox 747 1337 941 1405; baseline 0.005 -1"><span class='ocrx_word' id='word_1_57' title='bbox 747 1337 863 1405; x_wconf 77' lang='lat' dir='ltr'><strong>Caene</strong></span> <span class='ocrx_word' id='word_1_58' title='bbox 886 1339 941 1405; x_wconf 89' lang='lat' dir='ltr'><strong>IX.</strong></span> 
     </span>
    </p>
   </div>
   <div class='ocr_carea' id='block_1_4' title="bbox 295 1469 1353 1633">
    <p class='ocr_par' dir='ltr' id='par_1_5' title="bbox 295 1469 1353 1633">
     <span class='ocr_line' id='line_1_10' title="bbox 352 1469 1353 1544; baseline -0.001 -14"><span class='ocrx_word' id='word_1_59' title='bbox 352 1471 478 1542; x_wconf 83' lang='lat' dir='ltr'><strong>Quando</strong></span> <span class='ocrx_word' id='word_1_60' title='bbox 492 1469 717 1529; x_wconf 77' lang='lat' dir='ltr'><strong>Atheniensium</strong></span> <span class='ocrx_word' id='word_1_61' title='bbox 732 1470 772 1526; x_wconf 83' lang='lat' dir='ltr'><strong>sit</strong></span> <span class='ocrx_word' id='word_1_62' title='bbox 794 1470 904 1528; x_wconf 81' lang='lat' dir='ltr'><strong>ciuitas</strong></span> <span class='ocrx_word' id='word_1_63' title='bbox 918 1471 1051 1542; x_wconf 82' lang='lat' dir='ltr'><strong>conditu,</strong></span> <span class='ocrx_word' id='word_1_64' title='bbox 1070 1475 1100 1531; x_wconf 85' lang='lat' dir='ltr'><strong>et</strong></span> <span class='ocrx_word' id='word_1_65' title='bbox 1116 1487 1207 1544; x_wconf 80' lang='lat' dir='ltr'><strong>quom</strong></span> <span class='ocrx_word' id='word_1_66' title='bbox 1225 1487 1353 1531; x_wconf 79' lang='lat' dir='ltr'><strong>curuum</strong></span> 
     </span>
     <span class='ocr_line' id='line_1_11' title="bbox 295 1555 1117 1633; baseline -0.002 -13"><span class='ocrx_word' id='word_1_67' title='bbox 295 1570 328 1620; x_wconf 87' lang='lat'><strong>10</strong></span> <span class='ocrx_word' id='word_1_68' title='bbox 586 1558 714 1630; x_wconf 83' lang='lat' dir='ltr'><strong>nominis</strong></span> <span class='ocrx_word' id='word_1_69' title='bbox 736 1558 800 1616; x_wconf 84' lang='lat' dir='ltr'><strong>eius</strong></span> <span class='ocrx_word' id='word_1_70' title='bbox 831 1555 929 1617; x_wconf 86' lang='lat' dir='ltr'><strong>Varro</strong></span> <span class='ocrx_word' id='word_1_71' title='bbox 947 1558 1117 1633; x_wconf 76' lang='lat' dir='ltr'><strong>perhibeat.</strong></span> 
     </span>
    </p>
   </div>
   <div class='ocr_carea' id='block_1_5' title="bbox 295 1678 1354 2202">
    <p class='ocr_par' dir='ltr' id='par_1_6' title="bbox 346 1678 1354 2024">
     <span class='ocr_line' id='line_1_12' title="bbox 434 1678 1353 1759; baseline -0.001 -19"><span class='ocrx_word' id='word_1_72' title='bbox 434 1679 508 1740; x_wconf 88' lang='lat' dir='ltr'><strong>Nam</strong></span> <span class='ocrx_word' id='word_1_73' title='bbox 539 1688 573 1740; x_wconf 91' lang='lat' dir='ltr'><strong>ut</strong></span> <span class='ocrx_word' id='word_1_74' title='bbox 600 1678 729 1739; x_wconf 79' lang='lat' dir='ltr'><strong>Athenae</strong></span> <span class='ocrx_word' id='word_1_75' title='bbox 762 1687 955 1759; x_wconf 89' lang='lat' dir='ltr'><strong>vocarentur,</strong></span> <span class='ocrx_word' id='word_1_76' title='bbox 987 1679 1065 1759; x_wconf 89' lang='lat' dir='ltr'><strong>quod</strong></span> <span class='ocrx_word' id='word_1_77' title='bbox 1093 1688 1174 1741; x_wconf 89' lang='lat' dir='ltr'><strong>certe</strong></span> <span class='ocrx_word' id='word_1_78' title='bbox 1205 1697 1353 1740; x_wconf 87' lang='lat' dir='ltr'><strong>nomena</strong></span> 
     </span>
     <span class='ocr_line' id='line_1_13' title="bbox 346 1763 1353 1847; baseline -0.003 -17"><span class='ocrx_word' id='word_1_79' title='bbox 346 1769 476 1830; x_wconf 86' lang='lat' dir='ltr'><strong>Minerva</strong></span> <span class='ocrx_word' id='word_1_80' title='bbox 503 1776 566 1847; x_wconf 88' lang='lat' dir='ltr'><strong>est,</strong></span> <span class='ocrx_word' id='word_1_81' title='bbox 599 1785 673 1847; x_wconf 87' lang='lat' dir='ltr'><strong>quae</strong></span> <span class='ocrx_word' id='word_1_82' title='bbox 703 1767 813 1828; x_wconf 82' lang='lat' dir='ltr'><strong>Graece</strong></span> <span class='ocrx_word' id='word_1_83' title='bbox 833 1763 948 1847; x_wconf 73' lang='grc' dir='ltr'><strong><em>Ἀθηνᾶ</em></strong></span> <span class='ocrx_word' id='word_1_84' title='bbox 975 1768 1098 1842; x_wconf 87' lang='lat' dir='ltr'><strong>dicitur,</strong></span> <span class='ocrx_word' id='word_1_85' title='bbox 1130 1768 1206 1829; x_wconf 89' lang='lat' dir='ltr'><strong>hanc</strong></span> <span class='ocrx_word' id='word_1_86' title='bbox 1233 1786 1353 1828; x_wconf 72' lang='lat' dir='ltr'><strong>euersam</strong></span> 
     </span>
     <span class='ocr_line' id='line_1_14' title="bbox 346 1853 1354 1937; baseline -0.002 -20"><span class='ocrx_word' id='word_1_87' title='bbox 346 1856 438 1917; x_wconf 90' lang='lat' dir='ltr'><strong>Varro</strong></span> <span class='ocrx_word' id='word_1_88' title='bbox 456 1855 574 1917; x_wconf 86' lang='lat' dir='ltr'><strong>indicat.</strong></span> <span class='ocrx_word' id='word_1_89' title='bbox 621 1853 694 1916; x_wconf 85' lang='lat' dir='ltr'><strong>Cum</strong></span> <span class='ocrx_word' id='word_1_90' title='bbox 713 1858 898 1935; x_wconf 88' lang='lat' dir='ltr'><strong>apparuisset</strong></span> <span class='ocrx_word' id='word_1_91' title='bbox 920 1855 979 1916; x_wconf 90' lang='lat' dir='ltr'><strong>iilic</strong></span> <span class='ocrx_word' id='word_1_92' title='bbox 1002 1866 1124 1937; x_wconf 90' lang='lat' dir='ltr'><strong>repente</strong></span> <span class='ocrx_word' id='word_1_93' title='bbox 1148 1857 1239 1916; x_wconf 81' lang='lat' dir='ltr'><strong>olivae</strong></span> <span class='ocrx_word' id='word_1_94' title='bbox 1263 1855 1354 1916; x_wconf 87' lang='lat' dir='ltr'><strong>arbor</strong></span> 
     </span>
     <span class='ocr_line' id='line_1_15' title="bbox 347 1943 1354 2024; baseline -0.003 -17"><span class='ocrx_word' id='word_1_95' title='bbox 347 1954 377 2007; x_wconf 91' lang='lat' dir='ltr'><strong>et</strong></span> <span class='ocrx_word' id='word_1_96' title='bbox 399 1945 455 2006; x_wconf 91' lang='lat' dir='ltr'><strong>alio</strong></span> <span class='ocrx_word' id='word_1_97' title='bbox 475 1945 539 2005; x_wconf 94' lang='lat' dir='ltr'><strong>loco</strong></span> <span class='ocrx_word' id='word_1_98' title='bbox 558 1961 633 2023; x_wconf 81' lang='lat' dir='ltr'><strong>eqrra</strong></span> <span class='ocrx_word' id='word_1_99' title='bbox 651 1947 806 2023; x_wconf 85' lang='lat' dir='ltr'><strong>erupisset,</strong></span> <span class='ocrx_word' id='word_1_100' title='bbox 830 1962 930 2023; x_wconf 84' lang='lat' dir='ltr'><strong>regem</strong></span> <span class='ocrx_word' id='word_1_101' title='bbox 952 1943 1085 2024; x_wconf 81' lang='lat' dir='ltr'><strong>prodigia</strong></span> <span class='ocrx_word' id='word_1_102' title='bbox 1108 1948 1164 2005; x_wconf 92' lang='lat' dir='ltr'><strong>ista</strong></span> <span class='ocrx_word' id='word_1_103' title='bbox 1188 1952 1354 2024; x_wconf 84' lang='lat' dir='ltr'><strong>moverunt,</strong></span> 
     </span>
    </p>

    <p class='ocr_par' dir='ltr' id='par_1_7' title="bbox 295 2031 1353 2202">
     <span class='ocr_line' id='line_1_16' title="bbox 295 2031 1352 2112; baseline -0.006 -15"><span class='ocrx_word' id='word_1_104' title='bbox 295 2050 328 2098; x_wconf 78' lang='lat'><strong>15</strong></span> <span class='ocrx_word' id='word_1_105' title='bbox 348 2043 377 2095; x_wconf 87' lang='lat' dir='ltr'><strong>et</strong></span> <span class='ocrx_word' id='word_1_106' title='bbox 405 2035 484 2094; x_wconf 90' lang='lat' dir='ltr'><strong>misit</strong></span> <span class='ocrx_word' id='word_1_107' title='bbox 510 2031 546 2093; x_wconf 91' lang='lat' dir='ltr'><strong>ad</strong></span> <span class='ocrx_word' id='word_1_108' title='bbox 578 2031 740 2112; x_wconf 78' lang='lat' dir='ltr'><strong>Apollinem</strong></span> <span class='ocrx_word' id='word_1_109' title='bbox 768 2031 941 2111; x_wconf 80' lang='lat' dir='ltr'><strong>Delphicum</strong></span> <span class='ocrx_word' id='word_1_110' title='bbox 968 2035 1150 2093; x_wconf 84' lang='lat' dir='ltr'><strong>sciscitatum</strong></span> <span class='ocrx_word' id='word_1_111' title='bbox 1173 2032 1243 2111; x_wconf 88' lang='lat' dir='ltr'><strong>quid</strong></span> <span class='ocrx_word' id='word_1_112' title='bbox 1265 2031 1352 2092; x_wconf 91' lang='lat' dir='ltr'><strong>intel·</strong></span> 
     </span>
     <span class='ocr_line' id='line_1_17' title="bbox 347 2119 1353 2202; baseline -0.003 -19"><span class='ocrx_word' id='word_1_113' title='bbox 347 2122 503 2202; x_wconf 79' lang='lat' dir='ltr'><strong>legendum</strong></span> <span class='ocrx_word' id='word_1_114' title='bbox 521 2129 601 2181; x_wconf 89' lang='lat' dir='ltr'><strong>esset</strong></span> <span class='ocrx_word' id='word_1_115' title='bbox 619 2119 724 2198; x_wconf 78' lang='lat' dir='ltr'><strong>qrridve</strong></span> <span class='ocrx_word' id='word_1_116' title='bbox 739 2120 913 2181; x_wconf 91' lang='lat' dir='ltr'><strong>iaciendum.</strong></span> <span class='ocrx_word' id='word_1_117' title='bbox 941 2120 991 2181; x_wconf 86' lang='lat' dir='ltr'><strong>ilie</strong></span> <span class='ocrx_word' id='word_1_118' title='bbox 1010 2121 1172 2202; x_wconf 89' lang='lat' dir='ltr'><strong>respondit,</strong></span> <span class='ocrx_word' id='word_1_119' title='bbox 1191 2120 1270 2200; x_wconf 82' lang='lat' dir='ltr'><strong>qnod</strong></span> <span class='ocrx_word' id='word_1_120' title='bbox 1288 2120 1353 2180; x_wconf 89' lang='lat' dir='ltr'><strong>oica</strong></span> 
     </span>
    </p>
   </div>
   <div class='ocr_carea' id='block_1_6' title="bbox 347 2208 1465 2378">
    <p class='ocr_par' dir='ltr' id='par_1_8' title="bbox 347 2208 1465 2378">
     <span class='ocr_line' id='line_1_18' title="bbox 347 2208 1465 2290; baseline -0.004 -18"><span class='ocrx_word' id='word_1_121' title='bbox 347 2211 507 2272; x_wconf 84' lang='lat' dir='ltr'><strong>Minervam</strong></span> <span class='ocrx_word' id='word_1_122' title='bbox 531 2209 723 2288; x_wconf 80' lang='lat' dir='ltr'><strong>signiticaret,</strong></span> <span class='ocrx_word' id='word_1_123' title='bbox 752 2208 830 2268; x_wconf 90' lang='lat' dir='ltr'><strong>unda</strong></span> <span class='ocrx_word' id='word_1_124' title='bbox 852 2208 1036 2290; x_wconf 88' lang='lat' dir='ltr'><strong>Neptunum,</strong></span> <span class='ocrx_word' id='word_1_125' title='bbox 1064 2219 1095 2270; x_wconf 88' lang='lat' dir='ltr'><strong>et</strong></span> <span class='ocrx_word' id='word_1_126' title='bbox 1117 2209 1196 2289; x_wconf 89' lang='lat' dir='ltr'><strong>quod</strong></span> <span class='ocrx_word' id='word_1_127' title='bbox 1219 2218 1298 2270; x_wconf 87' lang='lat' dir='ltr'><strong>esset</strong></span> <span class='ocrx_word' id='word_1_128' title='bbox 1321 2213 1352 2268; x_wconf 92' lang='lat' dir='ltr'><strong>in</strong></span> <span class='ocrx_word' id='word_1_129' title='bbox 1464 2218 1465 2237; x_wconf 66' lang='lat'>¹</span> 
     </span>
     <span class='ocr_line' id='line_1_19' title="bbox 347 2296 1464 2378; baseline -0.005 -17"><span class='ocrx_word' id='word_1_130' title='bbox 347 2302 455 2360; x_wconf 87' lang='lat' dir='ltr'><strong>civium</strong></span> <span class='ocrx_word' id='word_1_131' title='bbox 473 2306 628 2378; x_wconf 89' lang='lat' dir='ltr'><strong>potestate,</strong></span> <span class='ocrx_word' id='word_1_132' title='bbox 651 2315 687 2357; x_wconf 86' lang='lat' dir='ltr'><strong>ex</strong></span> <span class='ocrx_word' id='word_1_133' title='bbox 706 2297 791 2356; x_wconf 87' lang='lat' dir='ltr'><strong>euius</strong></span> <span class='ocrx_word' id='word_1_134' title='bbox 813 2299 912 2375; x_wconf 88' lang='lat' dir='ltr'><strong>potius</strong></span> <span class='ocrx_word' id='word_1_135' title='bbox 931 2299 1049 2357; x_wconf 92' lang='lat' dir='ltr'><strong>nomine</strong></span> <span class='ocrx_word' id='word_1_136' title='bbox 1069 2296 1196 2358; x_wconf 89' lang='lat' dir='ltr'><strong>duorum</strong></span> <span class='ocrx_word' id='word_1_137' title='bbox 1218 2298 1352 2376; x_wconf 87' lang='lat' dir='ltr'><strong>deorum,</strong></span> <span class='ocrx_word' id='word_1_138' title='bbox 1463 2328 1464 2341; x_wconf 61' lang='lat'>2</span> 
     </span>
    </p>
   </div>
   <div class='ocr_carea' id='block_1_7' title="bbox 294 2384 1353 2556">
    <p class='ocr_par' dir='ltr' id='par_1_9' title="bbox 294 2384 1353 2556">
     <span class='ocr_line' id='line_1_20' title="bbox 348 2384 1352 2468; baseline -0.003 -20"><span class='ocrx_word' id='word_1_139' title='bbox 348 2405 473 2468; x_wconf 89' lang='lat' dir='ltr'><strong>quorum</strong></span> <span class='ocrx_word' id='word_1_140' title='bbox 497 2385 545 2446; x_wconf 91' lang='lat' dir='ltr'><strong>iila</strong></span> <span class='ocrx_word' id='word_1_141' title='bbox 568 2387 650 2464; x_wconf 86' lang='lat' dir='ltr'><strong>signe</strong></span> <span class='ocrx_word' id='word_1_142' title='bbox 674 2393 781 2463; x_wconf 90' lang='lat' dir='ltr'><strong>essent,</strong></span> <span class='ocrx_word' id='word_1_143' title='bbox 804 2386 906 2444; x_wconf 89' lang='lat' dir='ltr'><strong>civitas</strong></span> <span class='ocrx_word' id='word_1_144' title='bbox 930 2394 1093 2446; x_wconf 88' lang='lat' dir='ltr'><strong>vocaretur.</strong></span> <span class='ocrx_word' id='word_1_145' title='bbox 1139 2385 1198 2446; x_wconf 92' lang='lat' dir='ltr'><strong>isto</strong></span> <span class='ocrx_word' id='word_1_146' title='bbox 1222 2384 1352 2464; x_wconf 88' lang='lat' dir='ltr'><strong>Cecrops</strong></span> 
     </span>
     <span class='ocr_line' id='line_1_21' title="bbox 294 2467 1353 2556; baseline -0.004 -18"><span class='ocrx_word' id='word_1_147' title='bbox 294 2491 329 2540; x_wconf 78' lang='lat'><strong>20</strong></span> <span class='ocrx_word' id='word_1_148' title='bbox 348 2475 466 2537; x_wconf 88' lang='lat' dir='ltr'><strong>oraculo</strong></span> <span class='ocrx_word' id='word_1_149' title='bbox 494 2481 615 2552; x_wconf 86' lang='lat' dir='ltr'><strong>eccepto</strong></span> <span class='ocrx_word' id='word_1_150' title='bbox 643 2475 721 2532; x_wconf 88' lang='lat' dir='ltr'><strong>cives</strong></span> <span class='ocrx_word' id='word_1_151' title='bbox 749 2489 850 2532; x_wconf 92' lang='lat' dir='ltr'><strong>omnes</strong></span> <span class='ocrx_word' id='word_1_152' title='bbox 878 2475 1034 2553; x_wconf 88' lang='lat' dir='ltr'><strong>utriusque</strong></span> <span class='ocrx_word' id='word_1_153' title='bbox 1057 2492 1146 2534; x_wconf 83' lang='lat' dir='ltr'><strong>sexus</strong></span> <span class='ocrx_word' id='word_1_154' title='bbox 1169 2467 1249 2556; x_wconf 83' lang='lat' dir='ltr'><strong>(mos</strong></span> <span class='ocrx_word' id='word_1_155' title='bbox 1272 2476 1353 2534; x_wconf 90' lang='lat' dir='ltr'><strong>enim</strong></span> 
     </span>
    </p>
   </div>
   <div class='ocr_carea' id='block_1_8' title="bbox 347 2560 1461 2651">
    <p class='ocr_par' dir='ltr' id='par_1_10' title="bbox 347 2560 1461 2651">
     <span class='ocr_line' id='line_1_22' title="bbox 347 2560 1461 2651; baseline -0.004 -25"><span class='ocrx_word' id='word_1_156' title='bbox 347 2573 419 2626; x_wconf 90' lang='lat' dir='ltr'><strong>tunc</strong></span> <span class='ocrx_word' id='word_1_157' title='bbox 440 2565 472 2624; x_wconf 90' lang='lat' dir='ltr'><strong>in</strong></span> <span class='ocrx_word' id='word_1_158' title='bbox 494 2560 605 2622; x_wconf 90' lang='lat' dir='ltr'><strong>eisdem</strong></span> <span class='ocrx_word' id='word_1_159' title='bbox 629 2560 701 2621; x_wconf 90' lang='lat' dir='ltr'><strong>locis</strong></span> <span class='ocrx_word' id='word_1_160' title='bbox 724 2568 796 2640; x_wconf 90' lang='lat' dir='ltr'><strong>erat,</strong></span> <span class='ocrx_word' id='word_1_161' title='bbox 818 2568 852 2621; x_wconf 90' lang='lat' dir='ltr'><strong>ut</strong></span> <span class='ocrx_word' id='word_1_162' title='bbox 874 2563 962 2621; x_wconf 87' lang='lat' dir='ltr'><strong>etiam</strong></span> <span class='ocrx_word' id='word_1_163' title='bbox 985 2562 1110 2622; x_wconf 88' lang='lat' dir='ltr'><strong>ieminae</strong></span> <span class='ocrx_word' id='word_1_164' title='bbox 1132 2561 1258 2642; x_wconf 78' lang='lat' dir='ltr'><strong>perbiicis</strong></span> <span class='ocrx_word' id='word_1_165' title='bbox 1282 2581 1353 2622; x_wconf 91' lang='lat' dir='ltr'><strong>con·</strong></span> <span class='ocrx_word' id='word_1_166' title='bbox 1460 2612 1461 2651; x_wconf 73' lang='lat'><strong>,</strong></span> 
     </span>
    </p>
   </div>
   <div class='ocr_carea' id='block_1_9' title="bbox 295 2642 1352 2994">
    <p class='ocr_par' dir='ltr' id='par_1_11' title="bbox 295 2642 1352 2994">
     <span class='ocr_line' id='line_1_23' title="bbox 347 2642 1352 2730; baseline -0.004 -16"><span class='ocrx_word' id='word_1_167' title='bbox 347 2649 554 2714; x_wconf 89' lang='lat' dir='ltr'><strong>sultationibus</strong></span> <span class='ocrx_word' id='word_1_168' title='bbox 587 2642 782 2730; x_wconf 88' lang='lat' dir='ltr'><strong>interessent)</strong></span> <span class='ocrx_word' id='word_1_169' title='bbox 818 2648 854 2709; x_wconf 93' lang='lat' dir='ltr'><strong>ad</strong></span> <span class='ocrx_word' id='word_1_170' title='bbox 885 2648 1040 2711; x_wconf 76' lang='lat' dir='ltr'><strong>serendum</strong></span> <span class='ocrx_word' id='word_1_171' title='bbox 1077 2651 1249 2729; x_wconf 80' lang='lat' dir='ltr'><strong>suffragium</strong></span> <span class='ocrx_word' id='word_1_172' title='bbox 1281 2669 1352 2711; x_wconf 91' lang='lat' dir='ltr'><strong>con-</strong></span> 
     </span>
     <span class='ocr_line' id='line_1_24' title="bbox 348 2736 1352 2820; baseline -0.003 -19"><span class='ocrx_word' id='word_1_173' title='bbox 348 2742 469 2801; x_wconf 88' lang='lat' dir='ltr'><strong>vocavit.</strong></span> <span class='ocrx_word' id='word_1_174' title='bbox 514 2736 654 2798; x_wconf 88' lang='lat' dir='ltr'><strong>Consulta</strong></span> <span class='ocrx_word' id='word_1_175' title='bbox 676 2739 767 2815; x_wconf 86' lang='lat' dir='ltr'><strong>igitur</strong></span> <span class='ocrx_word' id='word_1_176' title='bbox 797 2736 984 2798; x_wconf 87' lang='lat' dir='ltr'><strong>multitudine</strong></span> <span class='ocrx_word' id='word_1_177' title='bbox 1008 2755 1104 2799; x_wconf 85' lang='lat' dir='ltr'><strong>mares</strong></span> <span class='ocrx_word' id='word_1_178' title='bbox 1126 2756 1182 2818; x_wconf 89' lang='lat' dir='ltr'><strong>pro</strong></span> <span class='ocrx_word' id='word_1_179' title='bbox 1205 2738 1352 2820; x_wconf 87' lang='lat' dir='ltr'><strong>Neptuno,</strong></span> 
     </span>
     <span class='ocr_line' id='line_1_25' title="bbox 348 2824 1352 2907; baseline -0.002 -18"><span class='ocrx_word' id='word_1_180' title='bbox 348 2830 473 2889; x_wconf 86' lang='lat' dir='ltr'><strong>iemioee</strong></span> <span class='ocrx_word' id='word_1_181' title='bbox 500 2843 555 2906; x_wconf 92' lang='lat' dir='ltr'><strong>pro</strong></span> <span class='ocrx_word' id='word_1_182' title='bbox 579 2824 708 2885; x_wconf 89' lang='lat' dir='ltr'><strong>Minerva</strong></span> <span class='ocrx_word' id='word_1_183' title='bbox 735 2824 830 2886; x_wconf 89' lang='lat' dir='ltr'><strong>tulere</strong></span> <span class='ocrx_word' id='word_1_184' title='bbox 858 2828 1035 2906; x_wconf 87' lang='lat' dir='ltr'><strong>sententias,</strong></span> <span class='ocrx_word' id='word_1_185' title='bbox 1059 2836 1088 2887; x_wconf 87' lang='lat' dir='ltr'><strong>et</strong></span> <span class='ocrx_word' id='word_1_186' title='bbox 1111 2829 1180 2906; x_wconf 89' lang='lat' dir='ltr'><strong>quia</strong></span> <span class='ocrx_word' id='word_1_187' title='bbox 1203 2845 1261 2887; x_wconf 91' lang='lat' dir='ltr'><strong>una</strong></span> <span class='ocrx_word' id='word_1_188' title='bbox 1284 2827 1352 2907; x_wconf 90' lang='lat' dir='ltr'><strong>plus</strong></span> 
     </span>
     <span class='ocr_line' id='line_1_26' title="bbox 295 2912 1351 2994; baseline -0.005 -15"><span class='ocrx_word' id='word_1_189' title='bbox 295 2930 329 2979; x_wconf 80' lang='lat'><strong>25</strong></span> <span class='ocrx_word' id='word_1_190' title='bbox 349 2920 465 2978; x_wconf 86' lang='lat' dir='ltr'><strong>inventa</strong></span> <span class='ocrx_word' id='word_1_191' title='bbox 497 2921 542 2974; x_wconf 90' lang='lat' dir='ltr'><strong>est</strong></span> <span class='ocrx_word' id='word_1_192' title='bbox 574 2914 767 2991; x_wconf 83' lang='lat' dir='ltr'><strong>seminarum,</strong></span> <span class='ocrx_word' id='word_1_193' title='bbox 799 2912 929 2973; x_wconf 78' lang='lat' dir='ltr'><strong>Minerua</strong></span> <span class='ocrx_word' id='word_1_194' title='bbox 960 2916 1038 2975; x_wconf 84' lang='lat' dir='ltr'><strong>vicit.</strong></span> <span class='ocrx_word' id='word_1_195' title='bbox 1087 2915 1164 2976; x_wconf 84' lang='lat' dir='ltr'><strong>&#39;ium</strong></span> <span class='ocrx_word' id='word_1_196' title='bbox 1195 2913 1351 2994; x_wconf 89' lang='lat' dir='ltr'><strong>Neptunus</strong></span> 
     </span>
    </p>
   </div>
   <div class='ocr_carea' id='block_1_10' title="bbox 347 3000 1457 3066">
    <p class='ocr_par' dir='ltr' id='par_1_12' title="bbox 347 3000 1457 3066">
     <span class='ocr_line' id='line_1_27' title="bbox 347 3000 1457 3066; baseline -0.002 0"><span class='ocrx_word' id='word_1_197' title='bbox 347 3008 441 3066; x_wconf 86' lang='lat' dir='ltr'><strong>iratus</strong></span> <span class='ocrx_word' id='word_1_198' title='bbox 472 3003 593 3063; x_wconf 85' lang='lat' dir='ltr'><strong>marinis</strong></span> <span class='ocrx_word' id='word_1_199' title='bbox 624 3000 764 3061; x_wconf 83' lang='lat' dir='ltr'><strong>fluctibus</strong></span> <span class='ocrx_word' id='word_1_200' title='bbox 795 3001 1034 3063; x_wconf 83' lang='lat' dir='ltr'><strong>exaestuantibus</strong></span> <span class='ocrx_word' id='word_1_201' title='bbox 1066 3012 1161 3064; x_wconf 86' lang='lat' dir='ltr'><strong>terras</strong></span> <span class='ocrx_word' id='word_1_202' title='bbox 1193 3003 1351 3064; x_wconf 74' lang='lat' dir='ltr'><strong>Athenien·</strong></span> <span class='ocrx_word' id='word_1_203' title='bbox 1456 3058 1457 3063; x_wconf 73' lang='grc'>,</span> 
     </span>
    </p>
   </div>
   <div class='ocr_carea' id='block_1_11' title="bbox 349 3089 1353 3172">
    <p class='ocr_par' dir='ltr' id='par_1_13' title="bbox 349 3089 1353 3172">
     <span class='ocr_line' id='line_1_28' title="bbox 349 3089 1353 3172; baseline -0.003 -17"><span class='ocrx_word' id='word_1_204' title='bbox 349 3096 425 3155; x_wconf 88' lang='lat' dir='ltr'><strong>sium</strong></span> <span class='ocrx_word' id='word_1_205' title='bbox 456 3089 614 3172; x_wconf 80' lang='lat' dir='ltr'><strong>populatus</strong></span> <span class='ocrx_word' id='word_1_206' title='bbox 646 3097 707 3168; x_wconf 73' lang='lat' dir='ltr'><strong>est,</strong></span> <span class='ocrx_word' id='word_1_207' title='bbox 744 3091 881 3167; x_wconf 78' lang='lat' dir='ltr'><strong>qtroniem</strong></span> <span class='ocrx_word' id='word_1_208' title='bbox 913 3108 1053 3169; x_wconf 79' lang='lat' dir='ltr'><strong>spargere</strong></span> <span class='ocrx_word' id='word_1_209' title='bbox 1086 3090 1173 3152; x_wconf 88' lang='lat' dir='ltr'><strong>iatius</strong></span> <span class='ocrx_word' id='word_1_210' title='bbox 1206 3091 1353 3171; x_wconf 76' lang='lat' dir='ltr'><strong>quaslibet</strong></span> 
     </span>
    </p>
   </div>
   <div class='ocr_carea' id='block_1_12' title="bbox 349 3175 1455 3261">
    <p class='ocr_par' dir='ltr' id='par_1_14' title="bbox 349 3175 1455 3261">
     <span class='ocr_line' id='line_1_29' title="bbox 349 3175 1455 3261; baseline -0.004 -18"><span class='ocrx_word' id='word_1_211' title='bbox 349 3199 438 3261; x_wconf 85' lang='lat' dir='ltr'><strong>aquas</strong></span> <span class='ocrx_word' id='word_1_212' title='bbox 465 3177 583 3239; x_wconf 84' lang='lat' dir='ltr'><strong>difficile</strong></span> <span class='ocrx_word' id='word_1_213' title='bbox 611 3175 803 3237; x_wconf 87' lang='lat' dir='ltr'><strong>daemonibus</strong></span> <span class='ocrx_word' id='word_1_214' title='bbox 831 3194 891 3237; x_wconf 92' lang='lat' dir='ltr'><strong>non</strong></span> <span class='ocrx_word' id='word_1_215' title='bbox 919 3187 973 3238; x_wconf 91' lang='lat' dir='ltr'><strong>est.</strong></span> <span class='ocrx_word' id='word_1_216' title='bbox 1018 3177 1110 3239; x_wconf 76' lang='lat' dir='ltr'><strong>Curius</strong></span> <span class='ocrx_word' id='word_1_217' title='bbox 1137 3187 1171 3240; x_wconf 91' lang='lat' dir='ltr'><strong>nt</strong></span> <span class='ocrx_word' id='word_1_218' title='bbox 1199 3179 1351 3240; x_wconf 87' lang='lat' dir='ltr'><strong>iracundia</strong></span> <span class='ocrx_word' id='word_1_219' title='bbox 1454 3220 1455 3223; x_wconf 19' lang='grc' dir='ltr'><strong>κ</strong></span> 
     </span>
    </p>
   </div>
   <div class='ocr_carea' id='block_1_13' title="bbox 300 3263 1352 3524">
    <p class='ocr_par' dir='ltr' id='par_1_15' title="bbox 300 3263 1352 3524">
     <span class='ocr_line' id='line_1_30' title="bbox 349 3263 1351 3350; baseline -0.004 -19"><span class='ocrx_word' id='word_1_220' title='bbox 349 3269 527 3350; x_wconf 86' lang='lat' dir='ltr'><strong>placeretur,</strong></span> <span class='ocrx_word' id='word_1_221' title='bbox 554 3265 663 3345; x_wconf 90' lang='lat' dir='ltr'><strong>triplici</strong></span> <span class='ocrx_word' id='word_1_222' title='bbox 692 3263 836 3344; x_wconf 89' lang='lat' dir='ltr'><strong>supplicio</strong></span> <span class='ocrx_word' id='word_1_223' title='bbox 863 3264 934 3325; x_wconf 89' lang='lat' dir='ltr'><strong>dicit</strong></span> <span class='ocrx_word' id='word_1_224' title='bbox 962 3266 1040 3326; x_wconf 91' lang='lat' dir='ltr'><strong>idem</strong></span> <span class='ocrx_word' id='word_1_225' title='bbox 1068 3275 1171 3327; x_wconf 87' lang='lat' dir='ltr'><strong>auctor</strong></span> <span class='ocrx_word' id='word_1_226' title='bbox 1199 3266 1235 3326; x_wconf 87' lang='lat' dir='ltr'><strong>ab</strong></span> <span class='ocrx_word' id='word_1_227' title='bbox 1263 3268 1351 3328; x_wconf 81' lang='lat' dir='ltr'><strong>Athe-</strong></span> 
     </span>
     <span class='ocr_line' id='line_1_31' title="bbox 300 3352 1352 3432; baseline -0.006 -10"><span class='ocrx_word' id='word_1_228' title='bbox 300 3373 333 3422; x_wconf 77' lang='lat' dir='ltr'><strong>eo</strong></span> <span class='ocrx_word' id='word_1_229' title='bbox 353 3356 501 3419; x_wconf 87' lang='lat' dir='ltr'><strong>niensibus</strong></span> <span class='ocrx_word' id='word_1_230' title='bbox 524 3355 643 3414; x_wconf 89' lang='lat' dir='ltr'><strong>aiiectas</strong></span> <span class='ocrx_word' id='word_1_231' title='bbox 666 3371 732 3414; x_wconf 90' lang='lat' dir='ltr'><strong>esse</strong></span> <span class='ocrx_word' id='word_1_232' title='bbox 756 3352 910 3432; x_wconf 86' lang='lat' dir='ltr'><strong>mulieres,</strong></span> <span class='ocrx_word' id='word_1_233' title='bbox 932 3362 965 3414; x_wconf 94' lang='lat' dir='ltr'><strong>ut</strong></span> <span class='ocrx_word' id='word_1_234' title='bbox 988 3354 1067 3415; x_wconf 89' lang='lat' dir='ltr'><strong>nulla</strong></span> <span class='ocrx_word' id='word_1_235' title='bbox 1091 3354 1215 3415; x_wconf 86' lang='lat' dir='ltr'><strong>ulterius</strong></span> <span class='ocrx_word' id='word_1_236' title='bbox 1239 3355 1352 3416; x_wconf 87' lang='lat' dir='ltr'><strong>ferrent</strong></span> 
     </span>
     <span class='ocr_line' id='line_1_32' title="bbox 352 3440 1351 3524; baseline -0.005 -16"><span class='ocrx_word' id='word_1_237' title='bbox 352 3446 504 3524; x_wconf 75' lang='lat' dir='ltr'><strong>suffragia,</strong></span> <span class='ocrx_word' id='word_1_238' title='bbox 535 3450 568 3504; x_wconf 90' lang='lat' dir='ltr'><strong>ut</strong></span> <span class='ocrx_word' id='word_1_239' title='bbox 600 3440 698 3502; x_wconf 87' lang='lat' dir='ltr'><strong>nullus</strong></span> <span class='ocrx_word' id='word_1_240' title='bbox 726 3443 910 3501; x_wconf 86' lang='lat' dir='ltr'><strong>nescentium</strong></span> <span class='ocrx_word' id='word_1_241' title='bbox 942 3451 1108 3504; x_wconf 86' lang='lat' dir='ltr'><strong>maternum</strong></span> <span class='ocrx_word' id='word_1_242' title='bbox 1139 3460 1246 3503; x_wconf 90' lang='lat' dir='ltr'><strong>nomen</strong></span> <span class='ocrx_word' id='word_1_243' title='bbox 1277 3446 1351 3504; x_wconf 90' lang='lat' dir='ltr'><strong>acci·</strong></span> 
     </span>
    </p>
   </div>
   <div class='ocr_carea' id='block_1_14' title="bbox 352 3527 1352 3616">
    <p class='ocr_par' dir='ltr' id='par_1_16' title="bbox 352 3527 1352 3616">
     <span class='ocr_line' id='line_1_33' title="bbox 352 3527 1352 3616; baseline -0.006 -19"><span class='ocrx_word' id='word_1_244' title='bbox 352 3543 443 3616; x_wconf 87' lang='lat' dir='ltr'><strong>peret,</strong></span> <span class='ocrx_word' id='word_1_245' title='bbox 464 3541 497 3594; x_wconf 92' lang='lat' dir='ltr'><strong>ut</strong></span> <span class='ocrx_word' id='word_1_246' title='bbox 520 3548 556 3592; x_wconf 88' lang='lat' dir='ltr'><strong>ne</strong></span> <span class='ocrx_word' id='word_1_247' title='bbox 580 3532 647 3610; x_wconf 88' lang='lat' dir='ltr'><strong>quis</strong></span> <span class='ocrx_word' id='word_1_248' title='bbox 671 3547 719 3590; x_wconf 90' lang='lat' dir='ltr'><strong>eas</strong></span> <span class='ocrx_word' id='word_1_249' title='bbox 743 3527 908 3590; x_wconf 80' lang='lat' dir='ltr'><strong>Athenaeus</strong></span> <span class='ocrx_word' id='word_1_250' title='bbox 930 3538 1057 3591; x_wconf 87' lang='lat' dir='ltr'><strong>vocaret.</strong></span> <span class='ocrx_word' id='word_1_251' title='bbox 1103 3529 1147 3591; x_wconf 89' lang='lat' dir='ltr'><strong>lta</strong></span> <span class='ocrx_word' id='word_1_252' title='bbox 1169 3530 1217 3591; x_wconf 87' lang='lat' dir='ltr'><strong>iila</strong></span> <span class='ocrx_word' id='word_1_253' title='bbox 1240 3533 1352 3612; x_wconf 85' lang='lat' dir='ltr'><strong>civitas,</strong></span> 
     </span>
    </p>
   </div>
   <div class='ocr_carea' id='block_1_15' title="bbox 360 3689 1354 3822">
    <p class='ocr_par' dir='ltr' id='par_1_17' title="bbox 360 3689 1354 3822">
     <span class='ocr_line' id='line_1_34' title="bbox 407 3689 1354 3822; baseline -0.002 -75"><span class='ocrx_word' id='word_1_254' title='bbox 407 3701 504 3822; x_wconf 61' lang='lat' dir='ltr'><strong>Tlut&#39;inex</strong></span> <span class='ocrx_word' id='word_1_255' title='bbox 521 3709 570 3747; x_wconf 86' lang='lat' dir='ltr'><strong>om.</strong></span> <span class='ocrx_word' id='word_1_256' title='bbox 591 3690 647 3756; x_wconf 84' lang='lat' dir='ltr'><strong>R¹;</strong></span> <span class='ocrx_word' id='word_1_257' title='bbox 666 3690 701 3756; x_wconf 71' lang='lat' dir='ltr'><strong>cf.</strong></span> <span class='ocrx_word' id='word_1_258' title='bbox 719 3692 785 3754; x_wconf 83' lang='lat'><strong>263,</strong></span> <span class='ocrx_word' id='word_1_259' title='bbox 799 3693 834 3755; x_wconf 86' lang='grc'><strong>8,·</strong></span> <span class='ocrx_word' id='word_1_260' title='bbox 851 3690 982 3753; x_wconf 79' lang='lat'><em>264‚25‚·</em></span> <span class='ocrx_word' id='word_1_261' title='bbox 998 3689 1130 3753; x_wconf 76' lang='lat'><strong>268,13,·</strong></span> <span class='ocrx_word' id='word_1_262' title='bbox 1147 3690 1214 3752; x_wconf 80' lang='lat'><strong>282,</strong></span> <span class='ocrx_word' id='word_1_263' title='bbox 1227 3691 1280 3755; x_wconf 79' lang='lat'><strong>24‚·</strong></span> <span class='ocrx_word' id='word_1_264' title='bbox 1291 3693 1354 3762; x_wconf 71' lang='lat'><strong>271</strong></span> 
     </span>
     <span class='ocr_line' id='line_1_35' title="bbox 360 3775 865 3822; baseline 0 0"><span class='ocrx_word' id='word_1_265' title='bbox 360 3775 392 3822; x_wconf 59' lang='grc' dir='ltr'><strong><em>Ἃ</em></strong></span> <span class='ocrx_word' id='word_1_266' title='bbox 464 3781 511 3819; x_wconf 82' lang='lat' dir='ltr'><strong>ov</strong></span> <span class='ocrx_word' id='word_1_267' title='bbox 863 3804 865 3807; x_wconf 95' lang='lat'>·</span> 
     </span>
    </p>
   </div>
   <div class='ocr_carea' id='block_1_16' title="bbox 0 0 1646 4459">
    <p class='ocr_par' dir='ltr' id='par_1_18' title="bbox 0 0 1646 4459">
     <span class='ocr_line' id='line_1_36' title="bbox 0 0 1646 4459; baseline 0 0"><span class='ocrx_word' id='word_1_268' title='bbox 0 0 1646 4459; x_wconf 95' lang='lat' dir='ltr'><strong> </strong></span> 
     </span>
    </p>
   </div>
  </div>
 </body>
</html>
