3284 4459
347 481 414 543 494
755 492 954 535 ε.Δι]ουετητι

349 630 525 691 desierimus
543 628 684 689 nonnulla
702 630 812 709 mirari,
836 647 911 705 quae
930 628 966 687 ad
986 647 1040 690 nos
1063 639 1226 708 potuerunt
1249 632 1361 689 miran-

349 718 385 779 da
408 718 539 797 perduci.

438 806 629 867 Adamantem
656 805 781 885 lapidem
810 805 896 865 multi
927 806 1004 884 apud
1028 824 1082 866 nos
1106 806 1215 867 habent
1244 815 1276 868 et
1298 824 1360 866 ma-

350 897 427 957 xime
456 896 592 955 aurifices
618 896 868 972 insignitoresque
895 912 1091 975 gemmarum,
1119 898 1170 973 qui
1198 896 1272 973 lapis
1302 914 1360 955 noc

314 998 331 1045 a
350 984 431 1045 ferro
450 1000 505 1043 nec
524 984 585 1062 igni
603 1000 659 1043 uec
677 982 731 1041 alia
750 984 779 1042 vi
798 981 856 1043 ulla
874 981 1049 1060 perhibetur
1066 992 1186 1063 practer
1209 984 1361 1044 hircinum

348 1073 525 1151 sauguinem
552 1073 638 1131 vinci.
684 1069 742 1130 Sed
770 1073 822 1148 qui
851 1088 918 1131 etun
947 1070 1056 1131 hahent
1083 1080 1171 1151 atquc
1200 1080 1360 1152 noverunt,

351 1159 494 1238 numquid
513 1162 552 1219 ita
572 1161 716 1219 mirantur
735 1167 769 1218 ut
790 1158 831 1239 hi,
855 1158 962 1238 quihus
986 1161 1114 1237 primum
1138 1163 1270 1239 potentia
1292 1163 1360 1221 eius

351 1244 538 1310 ostenditur?
584 1246 698 1319 Quibus
725 1254 824 1308 autem
851 1265 911 1307 nou
939 1248 1119 1329 ostenditur,
1148 1250 1273 1309 sortasse
1302 1268 1360 1309 uec

351 1337 490 1416 credunt3
513 1343 564 1397 aut
587 1339 612 1396 si
635 1335 773 1414 credunt,
803 1337 957 1413 inexperta
980 1338 1138 1416 mirantum
1161 1348 1192 1399 et
1215 1340 1239 1397 si
1265 1340 1360 1398 conti·

301 1440 333 1489 to
351 1428 429 1505 gerit
451 1426 594 1505 experiri,
620 1423 716 1484 adhuc
740 1424 859 1500 nunidem
883 1425 1029 1485 mirantur
1051 1425 1182 1505 insolita,
1211 1426 1263 1485 sed
1287 1429 1360 1486 assi-

351 1516 448 1575 duitas
476 1512 647 1592 experiendi
675 1511 814 1591 paulatim
849 1510 997 1574 subtrahit
1023 1513 1225 1573 admirationis
1255 1517 1359 1575 incita·
1462 1528 1463 1531 ’

351 1612 492 1663 mentum.
536 1600 701 1678 Magnetem
720 1590 845 1678 lapidem
865 1602 999 1661 novimus
1018 1600 1181 1663 mirabilem
1200 1603 1273 1663 ferri
1292 1622 1360 1663 esse

351 1699 513 1769 raptorem3
542 1689 619 1767 quod
649 1706 717 1748 cum
743 1689 873 1767 primum
901 1689 973 1769 vidi,
1001 1688 1191 1751 vehementer
1214 1691 1361 1753 inhorrui.
1462 1730 1463 1757 t

352 1779 467 1857 Quippe
490 1776 647 1838 cernebam
671 1795 687 1836 a
710 1775 803 1855 lapide
832 1778 962 1837 ferreum
986 1778 1107 1837 anulum
1130 1788 1246 1858 raptum
1269 1789 1360 1858 atque
1462 1776 1463 1791 ¹

299 1882 332 1931 15
352 1883 543 1946 suspensum;
572 1864 679 1926 deinde
708 1872 857 1943 tamquam
885 1867 979 1944 ferro,
1008 1866 1086 1944 quod
1115 1876 1271 1949 rapuerat,
1300 1871 1360 1929 vim
1462 1866 1463 1871 ’

352 1955 482 2018 dedisset
504 1972 587 2014 suam
615 1970 861 2031 communemque
884 1955 1019 2034 lecisset,
1042 1954 1119 2014 idem
1143 1956 1248 2016 anulus
1273 1956 1361 2017 alteri
1462 1960 1463 2017 l

351 2045 487 2105 admotus
510 2051 556 2103 cst
574 2041 760 2120 eundemque
784 2041 948 2123 suspendit,
972 2051 1061 2120 atque
1085 2052 1118 2103 ut
1140 2044 1188 2103 ille
1212 2046 1295 2123 prior
1318 2045 1359 2105 la-

350 2134 430 2213 pidi,
462 2133 506 2191 sic
535 2130 609 2190 alter
638 2130 744 2190 auulus
773 2131 867 2208 priori
894 2129 983 2191 anulo
1014 2130 1205 2212 cohaerebat3
1233 2135 1361 2193 accessit
1462 2184 1463 2191 ,

352 2221 456 2281 eodem
479 2219 566 2279 modo
585 2220 700 2298 tertius,
722 2220 848 2278 accessit
870 2227 900 2279 et
923 2227 1061 2301 quartns3
1084 2222 1201 2298 iamque
1225 2220 1281 2281 sihi
1304 2240 1359 2301 por
1462 2248 1463 2267 r

298 2324 332 2373 20
353 2319 454 2371 mutua
487 2306 606 2368 circuhs
632 2308 716 2367 nexis
745 2324 804 2367 uon
833 2306 1049 2385 implicatorum
1077 2309 1273 2390 intrinsecus,
1306 2311 1359 2370 sed

352 2400 537 2459 extrinsecus
566 2394 789 2455 adhaerentium
816 2398 900 2472 quasi
929 2405 1031 2456 catena
1054 2396 1235 2475 pependerat
1257 2397 1359 2458 anulo·
1462 2378 1463 2459 l

353 2506 427 2548 rum.
474 2484 547 2556 Quis
570 2485 656 2544 istam
680 2485 818 2543 virtutem
842 2482 946 2561 lapidis
969 2501 1028 2544 non
1052 2492 1196 2565 stuperet,
1218 2503 1294 2562 quac
1317 2486 1360 2547 illi

352 2593 412 2636 nou
431 2573 526 2633 solum
544 2574 649 2651 iuerat,
672 2573 882 2630 verumetiam
905 2590 959 2650 per
981 2580 1026 2633 tot
1048 2590 1193 2650 suspensa
1214 2574 1361 2634 transibat
1462 2606 1463 2631 t

352 2671 383 2723 et
413 2659 610 2723 invisibilibus
642 2676 677 2719 ea
708 2659 833 2719 vinculis
865 2656 1051 2738 subligabat?
1097 2659 1154 2721 Sed
1187 2661 1281 2722 multo
1314 2674 1361 2723 est

300 2748 525 2829 admirabilius,
547 2747 626 2826 quod
650 2766 666 2805 a
690 2748 780 2807 fratre
803 2756 834 2807 et
857 2750 1031 2827 coepiscopo
1055 2766 1120 2808 meo
1145 2747 1255 2809 Severo
1278 2749 1359 2811 Mile-

354 2841 449 2899 vitauo
472 2836 509 2896 de
532 2838 590 2896 isto
613 2834 708 2914 lapide
731 2838 871 2914 comperi.
918 2834 956 2896 Sc
979 2839 1077 2915 ipsum
1100 2854 1226 2915 namque
1250 2839 1360 2899 vidisse
1462 2858 1463 2923 ξ

259 2949 261 2952 ’
353 2927 497 2999 narravit,
528 2941 616 3002 quem
644 2924 679 2983 ad
709 2924 830 2984 modum
858 2923 1053 2985 Batbanarius
1083 2925 1231 3003 quondam
1259 2944 1361 2987 comes
1462 2954 1463 3009 3

352 3016 484 3093 Africae,
511 3030 579 3073 cum
608 3011 685 3091 apud
712 3030 781 3072 cum
804 3014 1010 3075 convivaretur
1033 3016 1203 3092 episcopus
1231 3015 1361 3075 eundem
1462 3036 1463 3051 ¹

352 3102 510 3183 protulerit
546 3101 671 3179 lapidem
707 3110 737 3162 et
773 3102 904 3161 tenuerit
940 3100 996 3162 sub
1033 3110 1153 3181 argento
1186 3103 1361 3182 ferrumque

299 3206 334 3254 30
353 3209 443 3271 snper
475 3198 629 3268 argeutum
660 3192 808 3269 posuerit;
841 3188 946 3250 deiude
981 3191 1060 3251 sicut
1090 3188 1193 3250 subter
1224 3190 1363 3253 movebat

353 3296 485 3357 manum,
514 3295 570 3354 qua
594 3278 719 3356 lapidem
750 3276 884 3357 tenebat,
911 3279 952 3337 ita
975 3278 1087 3338 serrum
1111 3278 1240 3357 desuper
1262 3298 1362 3340 move-

352 3366 449 3448 batur,
469 3374 556 3444 atque
575 3371 697 3444 argento
715 3365 812 3425 medio
832 3364 963 3443 nihilque
983 3368 1111 3443 patiente
1130 3369 1361 3429 concitatissimo
1462 3362 1463 3423 l

353 3473 444 3516 cursu
477 3471 510 3514 ac
538 3471 664 3515 recursu
692 3454 768 3514 inlra
796 3454 870 3534 lapis
899 3452 935 3513 ab
963 3453 1100 3536 homine,
1128 3472 1217 3533 supra
1246 3456 1362 3517 ferrum
1462 3468 1463 3515 l

422 3625 439 3673 5
462 3619 602 3673 hircinum
624 3619 790 3687 sanguinem
813 3621 991 3674 Reuaaoe
1015 3620 1101 3687 (Plio.
1122 3624 1167 3686 37,
1185 3624 1216 3687 4,
1234 3624 1363 3689 59aqq.);

351 3690 460 3744 hircino
479 3689 615 3759 sauguine
629 3706 690 3759 ppo
704 3692 779 3756 (502,
791 3693 843 3757 28)
862 3691 871 3757 ll
890 3694 922 3743 1t
943 3706 1092 3757 eumqueo
1110 3692 1119 3759 ll
1138 3696 1171 3745 22
1185 3691 1321 3745 uirtutem
1336 3694 1365 3747 R

353 3763 387 3825 (l.
401 3764 440 3814 22
457 3774 478 3812 c.
494 3765 528 3812 11
544 3764 607 3827 post
624 3760 663 3811 in.
684 3759 776 3824 Rufio.
797 3760 858 3813 hiet.
879 3762 936 3813 eccl.
953 3764 981 3826 2,
995 3764 1057 3828 23);
1076 3760 1136 3813 uim
1150 3762 1364 3833 Aoaaoeqpo
