3284 4459
582 516 623 556 mc
637 515 779 557 emmanu
793 516 847 556 um
860 516 886 556 n.
900 516 964 557 xxr.
978 516 1001 557 o.
1015 518 1034 557 a.
1246 502 1310 567 507

302 668 389 731 poma
411 652 475 710 eius
505 652 678 712 interiorem
705 650 830 710 favillam
854 651 987 710 mendaci
1011 652 1167 729 superficie
1190 654 1310 712 maturi·

302 742 372 800 tatis
399 738 562 799 includunt.
607 737 686 799 Ecce
713 756 772 799 uon
796 748 860 799 erat
883 738 962 819 talis,
992 746 1022 799 et
1044 738 1111 799 talis
1134 747 1188 799 est.
1233 739 1310 800 Ecce

302 847 319 887 a
348 826 500 887 conditore
528 835 701 887 naturarum
729 836 834 887 natura
863 829 927 887 eius
953 830 985 887 in
1013 825 1088 887 hanc
1112 825 1310 888 foedissimam

302 916 502 977 diversitatem
536 914 663 975 mirabili
699 917 861 975 mutatione
898 932 1039 975 conversa
1074 924 1133 992 cst,
1170 924 1199 977 et
1231 916 1310 994 quod

301 1012 370 1086 post
392 1011 451 1063 tarn
473 1003 594 1083 longum
617 1002 723 1063 accidit
744 1012 871 1081 tempus,
894 1012 953 1063 tam
976 1001 1063 1081 longo
1086 1011 1220 1082 tempore
1243 1019 1345 1083 per-5

302 1100 427 1154 severat.

392 1179 476 1240 Sicut
498 1198 569 1258 ergo
593 1198 653 1239 uon
676 1181 734 1241 fuit
754 1179 927 1259 inpossibile
951 1178 1025 1259 Deo,
1054 1198 1127 1257 quas
1150 1179 1242 1240 voluit
1266 1183 1309 1240 in·

302 1271 443 1349 stituere,
473 1270 516 1328 sic
539 1270 567 1328 ei
590 1286 650 1328 nou
673 1276 720 1329 est
741 1268 926 1348 inpossibile,
956 1270 986 1327 in
1011 1266 1153 1346 quidquid
1175 1267 1310 1343 voluerit,

303 1374 377 1435 quas
408 1358 555 1437 instituit,
587 1366 703 1416 mutare
739 1366 868 1417 naturas.
923 1354 1006 1415 Unde
1038 1356 1156 1415 illorum
1191 1374 1309 1434 quoquc

303 1444 513 1505 miraculorum
545 1444 702 1505 multitudo
735 1444 882 1525 silvescit,
914 1461 988 1522 quac
1021 1452 1153 1503 monstra
1186 1453 1310 1524 ostenta,
1330 1460 1362 1507 10

302 1540 439 1612 portenta
466 1532 599 1611 prodigia
622 1541 847 1611 nuncupantur,
875 1550 950 1611 quae
973 1532 1106 1592 recolere
1130 1542 1160 1592 et
1183 1551 1309 1592 comme·

302 1638 420 1681 morare
448 1622 473 1679 si
502 1620 601 1700 velim,
628 1620 717 1681 huius
745 1623 844 1698 operis
875 1623 941 1698 quis
965 1623 1022 1680 erit
1044 1616 1135 1680 finis?
1180 1620 1310 1681 Monstra

303 1727 374 1769 sane
401 1708 479 1768 dicta
506 1707 666 1787 perhibent
694 1727 710 1768 a
738 1708 946 1789 monstrando,
974 1708 1052 1786 quod
1082 1708 1189 1785 aliquid
1221 1712 1309 1787 signi-

302 1796 418 1857 ficando
436 1797 649 1871 demonstrent,
673 1805 703 1857 et
721 1804 837 1856 ostenta
855 1796 891 1857 ab
910 1796 1101 1875 ostendendo,
1126 1806 1156 1856 et
1174 1805 1310 1875 portenta

303 1902 320 1944 a
346 1884 563 1965 portendendo,
592 1884 693 1945 idest
718 1883 987 1965 praeostendendo,
1010 1893 1040 1945 et
1062 1884 1208 1963 prodigia,
1232 1886 1362 1963 quod15

304 1991 394 2053 porro
413 1972 520 2052 dicant,
538 1972 568 2031 id
588 1980 634 2032 est
651 1973 751 2033 sutura
770 1972 949 2051 praedicant.
983 1972 1042 2032 Sed
1061 1972 1189 2034 viderint
1207 1991 1310 2033 eorum

303 2062 499 2140 coniectores,
523 2078 581 2138 quo
601 2060 688 2120 modo
711 2079 747 2120 ex
770 2062 814 2120 eis
838 2063 899 2120 sive
924 2059 1060 2121 fallantur
1083 2064 1144 2121 sive
1167 2064 1311 2121 instinctu

304 2151 472 2228 spirituum,
495 2147 604 2225 quibus
622 2166 692 2208 cura
712 2157 758 2207 est
775 2148 827 2208 tali
845 2166 940 2227 poena
959 2148 1063 2227 dignos
1082 2150 1194 2208 animos
1217 2149 1309 2209 homi-

304 2254 376 2297 num
394 2238 498 2296 noxiae
517 2238 698 2296 curiositatis
717 2236 831 2296 retibus
849 2236 1009 2316 implicare,
1033 2238 1121 2296 etiam
1139 2254 1208 2295 vera
1226 2255 1309 2314 prae-

303 2324 404 2385 dicant
429 2326 491 2385 sive
517 2322 610 2384 multa
636 2323 761 2385 dicendo
794 2324 950 2402 aliquando
977 2326 1009 2384 in
1036 2324 1146 2403 aliquid
1178 2327 1311 2385 veritatis
1330 2338 1363 2387 20

303 2415 465 2473 incurrant.
510 2410 603 2472 Nobis
626 2420 723 2473 tamen
745 2413 817 2493 ista,
850 2429 924 2489 quae
948 2412 1028 2471 velut
1050 2420 1153 2471 contra
1176 2420 1310 2473 naturam

303 2501 379 2561 fiunt
405 2508 436 2560 et
467 2508 571 2559 contra
597 2507 732 2560 naturam
762 2500 829 2559 fieri
851 2499 992 2560 dicuntur
1014 2492 1088 2581 (quo
1113 2516 1195 2559 more
1218 2499 1310 2560 homi·

303 2605 377 2649 num
398 2587 516 2648 locutus
543 2595 590 2648 est
616 2595 647 2649 et
674 2588 825 2667 apostolus
849 2587 973 2647 dicendo
997 2594 1100 2647 contra
1123 2596 1258 2648 naturam
1281 2590 1311 2647 in

305 2675 368 2736 olea
385 2678 509 2737 insitum
529 2674 690 2737 oleastrum
708 2675 818 2736 iactum
838 2693 904 2736 esse
926 2677 1100 2755 participem
1124 2676 1311 2753 pinguedinis

303 2758 401 2845 oleae)
424 2771 456 2823 et
477 2771 608 2825 monstra
631 2771 756 2843 ostenta,
778 2771 915 2842 portenta
937 2762 1070 2842 prodigia
1093 2773 1312 2845 nuncupantur,
1330 2778 1363 2827 25

304 2851 360 2912 hoc
387 2859 553 2911 monstrare
580 2850 702 2930 debent,
732 2851 789 2911 hoc
816 2851 973 2911 ostendere
1004 2850 1050 2911 vel
1071 2852 1312 2933 praeostendere,

303 2940 362 2999 hoc
383 2940 566 3020 praedicere,
589 2939 667 3017 quod
691 2942 825 3000 facturus
848 2942 887 2999 sit
909 2937 997 3019 Deus,
1021 2957 1096 3017 quae
1119 2938 1156 3000 de
1180 2943 1310 3018 corpori-

303 3026 360 3088 hus
386 3027 539 3087 homiuum
569 3045 601 3087 se
624 3029 842 3106 praenuntiavit
870 3045 934 3087 csse
965 3028 1126 3106 iacturum,
1156 3028 1234 3089 nulia
1258 3032 1310 3087 im-

303 3115 442 3195 pediente
462 3113 642 3195 difficultate,
661 3114 739 3175 nulia
758 3114 980 3194 praescribente
999 3115 1062 3192 iege
1077 3123 1208 3176 naturae.
1246 3115 1312 3185 Orio

304 3203 391 3263 modo
415 3211 513 3263 autem
536 3204 801 3282 praenuntiaverit,
830 3204 900 3263 satis
928 3205 959 3262 iu
982 3202 1058 3261 libro
1083 3205 1237 3281 superiore
1261 3204 1310 3261 do·
1331 3217 1364 3265 30

304 3293 402 3352 cuisse
432 3309 479 3351 me
508 3292 660 3369 existimo,
689 3289 876 3368 decerpendo
904 3291 939 3350 de
970 3292 1126 3369 scripturis
1149 3292 1258 3350 sanctis
1282 3300 1312 3350 et

304 3381 387 3439 novis
409 3387 441 3439 ct
464 3378 612 3439 veteribus
640 3396 700 3437 non
723 3378 842 3457 quidem
866 3380 963 3438 omnia
986 3378 1021 3437 ad
1044 3378 1101 3437 hoc
1123 3380 1313 3457 pertinentia,

303 3465 356 3527 sed
379 3484 454 3545 quae
478 3467 615 3527 sufficere
638 3465 708 3525 huic
731 3469 814 3544 operi
837 3466 971 3525 iudicavi.

374 3620 419 3688 26)
437 3618 517 3673 Rom.
537 3623 579 3685 11,
599 3622 631 3672 17
650 3634 721 3686 sqq.;
741 3624 782 3671 at.
