3284 4459
301 468 367 529 590
706 479 907 523 stoousrrm

300 618 353 696 tis,
379 623 482 690 stoa,
512 632 587 693 quae
611 616 720 674 macies
743 614 929 695 ostenderat,
952 615 1131 677 detrimenta
1154 617 1314 695 supplevit.

301 703 406 764 Utrum
434 722 506 782 ergo
533 702 575 763 illi
602 701 704 764 redeat
729 704 842 763 homini
870 706 956 764 cuius
979 721 1048 764 caro
1072 706 1157 783 prius
1180 704 1250 785 luit,
1274 724 1314 767 au

300 792 342 852 illi
365 794 464 871 potius
482 792 569 852 cuius
586 799 690 869 postea
713 791 788 852 lactu
811 798 867 872 est,
889 792 925 851 ad
948 791 1006 852 boc
1029 801 1253 873 percontantur,
1277 804 1314 855 ut

286 881 389 940 ‘tidem
411 880 641 940 resurrectionis
672 879 806 940 inludant
829 897 863 940 ac
886 882 929 941 sic
952 882 1066 941 animae
1090 880 1235 941 humanae
1259 892 1313 943 aut

266 968 493 1049 uehementes,
520 970 599 1027 sicut
620 966 717 1048 Plato,
746 986 831 1028 veras
858 968 1047 1029 infelicitates
1071 967 1218 1047 falsasque
1242 989 1312 1049 pro-

301 1058 418 1117 mittant
445 1054 644 1117 beatitudines
671 1063 723 1116 aut
748 1064 816 1135 post
847 1056 954 1118 multas
981 1058 1084 1118 itidem
1116 1075 1170 1136 per
1193 1058 1313 1119 diversa

300 1163 426 1224 corpora
448 1143 647 1205 revolutiones
670 1143 826 1223 aliquando
850 1154 948 1205 tamen
972 1164 1051 1225 eam,
1079 1148 1156 1206 sicut
1179 1145 1313 1227 Porphy-

300 1236 373 1313 rius
394 1233 481 1293 linire
499 1234 634 1293 miserias
652 1239 684 1293 et
705 1232 741 1292 ad
765 1250 815 1293 eas
839 1252 1000 1312 numquam
1023 1233 1122 1294 redire
1146 1234 1314 1317 fateantur3

301 1340 359 1383 non
390 1331 489 1382 tamen
516 1339 627 1400 corpus
653 1320 787 1381 babendo
815 1322 985 1398 inmortale,
1014 1321 1067 1383 sed
1090 1340 1200 1401 corpus
1223 1342 1313 1385 omne

251 1424 282 1473 ιο
300 1410 449 1489 fugiendo.

690 1652 809 1719 (larun
832 1653 922 1719 XIII.

300 1783 349 1842 Aa
371 1782 504 1842 abortiat
523 1797 584 1841 noa
603 1785 779 1857 pertineant
808 1784 852 1842 od
873 1786 1142 1857 resurrectionem,
1170 1785 1200 1845 si
1216 1788 1313 1860 perte·-

534 1875 608 1929 nent
635 1871 678 1929 od
698 1887 857 1931 numeram
880 1877 1076 1931 mortuorum.

388 1991 433 2053 Ad
460 1991 533 2053 baec
561 2010 646 2072 crgo,
674 2010 748 2071 quae
778 1990 815 2052 ab
839 2010 944 2053 corum
965 2003 1050 2073 parte
1082 1995 1231 2054 contraria
1263 2012 1312 2055 me

250 2094 281 2141 15
300 2082 453 2160 digerente
481 2080 554 2140 milri
583 2079 719 2141 videntur
749 2083 897 2161 opposita,
925 2082 1127 2143 misericordia
1151 2082 1204 2142 llei
1238 2085 1313 2143 meis

300 2169 414 2229 nisibus
443 2186 530 2248 opem
557 2168 672 2229 ferente
700 2168 904 2246 respondeam.
949 2168 1106 2231 Abortivos
1129 2170 1220 2251 lctus,
1249 2174 1312 2252 qui,

300 2277 368 2320 cum
391 2260 449 2317 iam
471 2259 614 2317 vixissent
635 2258 668 2317 in
689 2265 790 2336 utero,
818 2256 860 2318 ibi
883 2264 954 2318 sunt
976 2260 1100 2338 mortui,
1123 2267 1312 2319 resurrectu-

300 2364 351 2407 ros
374 2353 408 2407 ut
429 2345 598 2425 adfirmare,
620 2347 661 2406 ita
683 2362 791 2423 negare
814 2362 875 2405 non
898 2344 1006 2427 audc03
1030 2348 1162 2426 quamvis
1186 2364 1246 2407 non
1270 2350 1312 2407 vi-

300 2434 386 2495 deam
415 2453 474 2513 quo
502 2434 589 2494 modo
616 2432 652 2493 ad
683 2451 734 2493 cos
763 2451 823 2493 non
851 2436 1000 2512 pertineat
1027 2436 1208 2495 resurrectio
1233 2453 1312 2495 mor·

248 2530 437 2602 notrorum,
464 2524 490 2581 si
516 2540 576 2582 non
604 2524 774 2581 eximuntur
802 2521 839 2581 de
863 2540 988 2583 numero
1011 2533 1206 2583 mortuorum.
1252 2523 1313 2584 dut

301 2613 379 2671 enim
399 2628 459 2671 non
477 2628 580 2670 omnes
599 2612 709 2671 mortui
727 2618 887 2689 resurgent
905 2618 936 2671 ct
958 2619 1048 2671 erunt
1070 2610 1184 2689 aliquae
1207 2610 1310 2672 huma-

301 2717 355 2758 nae
383 2701 496 2758 animae
525 2700 589 2758 sine
617 2697 792 2778 corporibus
821 2701 853 2758 in
883 2706 1053 2779 aeternum,
1082 2717 1156 2778 quae
1185 2717 1313 2779 corpora

300 2787 436 2866 bumana,
459 2788 592 2864 quamvis
615 2788 691 2846 intra
715 2787 829 2846 viscera
851 2794 982 2848 materna
988 2835 998 2867 ‚
1020 2795 1187 2868 gestarunt3
1210 2797 1262 2849 aut
1286 2790 1312 2849 si

301 2891 404 2934 omnes
423 2876 535 2934 animae
554 2872 698 2933 humanae
722 2875 869 2953 recipient
890 2878 1076 2954 resurgentia
1100 2894 1153 2937 sua
1176 2894 1313 2957 corpora,

249 2975 282 3023 ta
302 2979 377 3040 quae
400 2960 578 3042 babuerunt,
601 2960 780 3039 ubicumque
803 2963 930 3023 viventia
953 2971 984 3023 et
1006 2966 1162 3024 morientia
1184 2964 1313 3042 relique-

301 3059 381 3131 runt,
403 3069 463 3110 non
486 3051 604 3110 invenio
623 3067 711 3128 quem
735 3050 770 3109 ad
793 3050 915 3111 modum
937 3051 1033 3111 dicam
1056 3050 1091 3112 ad
1116 3054 1312 3113 resurrectio·

301 3157 370 3200 nem
390 3156 449 3199 non
466 3140 617 3217 pertinere
637 3145 823 3198 mortuorum
841 3156 1045 3218 quoscumque
1064 3147 1199 3201 mortuos
1222 3142 1312 3200 etiam

300 3229 332 3288 in
350 3228 444 3287 uteris
464 3233 599 3287 matrum.
645 3225 704 3286 Sed
723 3224 897 3287 utrumlibet
915 3226 951 3287 de
974 3227 1021 3289 bis
1044 3230 1171 3306 quisquc
1195 3230 1314 3309 sentiat,

301 3315 381 3393 quod
405 3314 440 3374 de
464 3316 521 3374 iam
545 3316 622 3376 uatis
645 3312 807 3373 infantibus
831 3313 1003 3397 dixerimus,
1026 3314 1082 3377 boc
1105 3318 1193 3376 etiam
1217 3315 1254 3379 de
1278 3316 1312 3377 il·

250 3416 283 3465 to
302 3402 339 3464 lis
361 3401 590 3482 intellegendum
614 3410 673 3483 est,
696 3403 722 3461 si
745 3409 911 3480 resurgent
