<?xml version="1.0" encoding="UTF-8"?>
<!DOCTYPE html PUBLIC "-//W3C//DTD XHTML 1.0 Transitional//EN"
    "http://www.w3.org/TR/xhtml1/DTD/xhtml1-transitional.dtd">
<html xmlns="http://www.w3.org/1999/xhtml" xml:lang="en" lang="en">
 <head>
  <title>
</title>
<meta http-equiv="Content-Type" content="text/html;charset=utf-8" />
  <meta name='ocr-system' content='tesseract 3.04.00' />
  <meta name='ocr-capabilities' content='ocr_page ocr_carea ocr_par ocr_line ocrx_word'/>
</head>
<body>
  <div class='ocr_page' id='page_1' title='image "./sanctiaureliiau11augugoog_0303.png"; bbox 0 0 3284 4459; ppageno 0'>
   <div class='ocr_carea' id='block_1_1' title="bbox 545 543 1292 606">
    <p class='ocr_par' dir='ltr' id='par_1_1' title="bbox 545 543 1292 606">
     <span class='ocr_line' id='line_1_1' title="bbox 545 543 1292 606; baseline 0.015 -10"><span class='ocrx_word' id='word_1_1' title='bbox 545 556 586 596; x_wconf 81' lang='lat' dir='ltr'><strong>nn</strong></span> <span class='ocrx_word' id='word_1_2' title='bbox 600 555 847 598; x_wconf 73' lang='lat' dir='ltr'><strong>crvmnrsnmn</strong></span> <span class='ocrx_word' id='word_1_3' title='bbox 861 557 949 597; x_wconf 82' lang='lat' dir='ltr'><strong>xvm.</strong></span> <span class='ocrx_word' id='word_1_4' title='bbox 964 556 987 598; x_wconf 89' lang='lat' dir='ltr'><strong>c.</strong></span> <span class='ocrx_word' id='word_1_5' title='bbox 1001 557 1034 598; x_wconf 82' lang='lat' dir='ltr'><strong>rr.</strong></span> <span class='ocrx_word' id='word_1_6' title='bbox 1225 543 1292 606; x_wconf 79' lang='lat'><strong>283</strong></span> 
     </span>
    </p>
   </div>
   <div class='ocr_carea' id='block_1_2' title="bbox 287 689 1291 858">
    <p class='ocr_par' dir='ltr' id='par_1_2' title="bbox 287 689 1291 858">
     <span class='ocr_line' id='line_1_2' title="bbox 287 689 1291 771; baseline 0.002 -21"><span class='ocrx_word' id='word_1_7' title='bbox 287 691 375 750; x_wconf 88' lang='lat' dir='ltr'><strong>istum</strong></span> <span class='ocrx_word' id='word_1_8' title='bbox 395 695 542 749; x_wconf 83' lang='lat' dir='ltr'><strong>autemst</strong></span> <span class='ocrx_word' id='word_1_9' title='bbox 561 689 644 749; x_wconf 89' lang='lat' dir='ltr'><strong>illum</strong></span> <span class='ocrx_word' id='word_1_10' title='bbox 667 707 753 768; x_wconf 87' lang='lat' dir='ltr'><strong>reges</strong></span> <span class='ocrx_word' id='word_1_11' title='bbox 775 692 968 769; x_wconf 89' lang='lat' dir='ltr'><strong>reperiuntur</strong></span> <span class='ocrx_word' id='word_1_12' title='bbox 990 690 1059 771; x_wconf 90' lang='lat' dir='ltr'><strong>duo,</strong></span> <span class='ocrx_word' id='word_1_13' title='bbox 1081 708 1209 769; x_wconf 88' lang='lat' dir='ltr'><strong>quorum</strong></span> <span class='ocrx_word' id='word_1_14' title='bbox 1231 692 1291 770; x_wconf 89' lang='lat' dir='ltr'><strong>pri·</strong></span> 
     </span>
     <span class='ocr_line' id='line_1_3' title="bbox 287 776 1040 858; baseline 0.001 -20"><span class='ocrx_word' id='word_1_15' title='bbox 287 796 352 838; x_wconf 91' lang='lat' dir='ltr'><strong>mus</strong></span> <span class='ocrx_word' id='word_1_16' title='bbox 376 786 433 857; x_wconf 88' lang='lat' dir='ltr'><strong>est,</strong></span> <span class='ocrx_word' id='word_1_17' title='bbox 458 785 491 838; x_wconf 91' lang='lat' dir='ltr'><strong>ut</strong></span> <span class='ocrx_word' id='word_1_18' title='bbox 513 795 582 839; x_wconf 90' lang='lat' dir='ltr'><strong>eum</strong></span> <span class='ocrx_word' id='word_1_19' title='bbox 605 776 770 854; x_wconf 83' lang='lat' dir='ltr'><strong>Vergiliano</strong></span> <span class='ocrx_word' id='word_1_20' title='bbox 793 795 881 838; x_wconf 86' lang='lat' dir='ltr'><strong>versu</strong></span> <span class='ocrx_word' id='word_1_21' title='bbox 905 778 1040 858; x_wconf 88' lang='lat' dir='ltr'><strong>eloquar:</strong></span> 
     </span>
    </p>
   </div>
   <div class='ocr_carea' id='block_1_3' title="bbox 374 901 1171 980">
    <p class='ocr_par' dir='ltr' id='par_1_3' title="bbox 374 901 1171 980">
     <span class='ocr_line' id='line_1_4' title="bbox 374 901 1171 980; baseline 0.003 -19"><span class='ocrx_word' id='word_1_22' title='bbox 374 901 531 962; x_wconf 76' lang='lat' dir='ltr'><strong>Proximus</strong></span> <span class='ocrx_word' id='word_1_23' title='bbox 553 902 606 962; x_wconf 87' lang='lat' dir='ltr'><strong>ille</strong></span> <span class='ocrx_word' id='word_1_24' title='bbox 629 902 747 975; x_wconf 80' lang='lat' dir='ltr'><strong>Procas,</strong></span> <span class='ocrx_word' id='word_1_25' title='bbox 771 903 919 962; x_wconf 78' lang='lat' dir='ltr'><strong>Troianos</strong></span> <span class='ocrx_word' id='word_1_26' title='bbox 941 903 1040 980; x_wconf 78' lang='lat' dir='ltr'><strong>glorio</strong></span> <span class='ocrx_word' id='word_1_27' title='bbox 1061 901 1171 980; x_wconf 78' lang='lat' dir='ltr'><strong>gentis.</strong></span> 
     </span>
    </p>
   </div>
   <div class='ocr_carea' id='block_1_4' title="bbox 285 1021 1326 1545">
    <p class='ocr_par' dir='ltr' id='par_1_4' title="bbox 285 1021 1326 1545">
     <span class='ocr_line' id='line_1_5' title="bbox 286 1021 1291 1105; baseline 0.001 -21"><span class='ocrx_word' id='word_1_28' title='bbox 286 1021 377 1084; x_wconf 85' lang='lat' dir='ltr'><strong>Cuius</strong></span> <span class='ocrx_word' id='word_1_29' title='bbox 400 1031 534 1102; x_wconf 87' lang='lat' dir='ltr'><strong>tempore</strong></span> <span class='ocrx_word' id='word_1_30' title='bbox 561 1026 630 1102; x_wconf 87' lang='lat' dir='ltr'><strong>quia</strong></span> <span class='ocrx_word' id='word_1_31' title='bbox 653 1026 711 1085; x_wconf 88' lang='lat' dir='ltr'><strong>iam</strong></span> <span class='ocrx_word' id='word_1_32' title='bbox 734 1024 861 1105; x_wconf 88' lang='lat' dir='ltr'><strong>quodam</strong></span> <span class='ocrx_word' id='word_1_33' title='bbox 884 1024 971 1086; x_wconf 91' lang='lat' dir='ltr'><strong>modo</strong></span> <span class='ocrx_word' id='word_1_34' title='bbox 994 1024 1085 1085; x_wconf 84' lang='lat' dir='ltr'><strong>Roma</strong></span> <span class='ocrx_word' id='word_1_35' title='bbox 1109 1024 1291 1104; x_wconf 88' lang='lat' dir='ltr'><strong>parturieba-</strong></span> 
     </span>
     <span class='ocr_line' id='line_1_6' title="bbox 286 1111 1326 1192; baseline 0.003 -20"><span class='ocrx_word' id='word_1_36' title='bbox 286 1122 354 1191; x_wconf 81' lang='lat' dir='ltr'><strong>tur,</strong></span> <span class='ocrx_word' id='word_1_37' title='bbox 382 1111 453 1172; x_wconf 90' lang='lat' dir='ltr'><strong>illud</strong></span> <span class='ocrx_word' id='word_1_38' title='bbox 484 1114 616 1173; x_wconf 90' lang='lat' dir='ltr'><strong>omnium</strong></span> <span class='ocrx_word' id='word_1_39' title='bbox 643 1131 805 1192; x_wconf 79' lang='lat' dir='ltr'><strong>regnorum</strong></span> <span class='ocrx_word' id='word_1_40' title='bbox 833 1115 990 1174; x_wconf 87' lang='lat' dir='ltr'><strong>maximum</strong></span> <span class='ocrx_word' id='word_1_41' title='bbox 1018 1114 1171 1192; x_wconf 78' lang='lat' dir='ltr'><strong>Assyrium</strong></span> <span class='ocrx_word' id='word_1_42' title='bbox 1202 1113 1326 1175; x_wconf 73' lang='lat' dir='ltr'><strong>fluente</strong></span> 
     </span>
     <span class='ocr_line' id='line_1_7' title="bbox 286 1200 1291 1281; baseline 0.003 -22"><span class='ocrx_word' id='word_1_43' title='bbox 286 1208 384 1260; x_wconf 79' lang='lat' dir='ltr'><strong>tantae</strong></span> <span class='ocrx_word' id='word_1_44' title='bbox 404 1200 605 1260; x_wconf 78' lang='lat' dir='ltr'><strong>diuturnitatis</strong></span> <span class='ocrx_word' id='word_1_45' title='bbox 628 1204 750 1281; x_wconf 88' lang='lat' dir='ltr'><strong>accepit.</strong></span> <span class='ocrx_word' id='word_1_46' title='bbox 797 1200 840 1261; x_wconf 73' lang='lat' dir='ltr'><strong>Ad</strong></span> <span class='ocrx_word' id='word_1_47' title='bbox 859 1200 960 1262; x_wconf 85' lang='lat' dir='ltr'><strong>Medos</strong></span> <span class='ocrx_word' id='word_1_48' title='bbox 983 1204 1092 1281; x_wconf 88' lang='lat' dir='ltr'><strong>quippe</strong></span> <span class='ocrx_word' id='word_1_49' title='bbox 1115 1201 1291 1263; x_wconf 86' lang='lat' dir='ltr'><strong>translatum</strong></span> 
     </span>
     <span class='ocr_line' id='line_1_8' title="bbox 286 1288 1290 1368; baseline 0.003 -21"><span class='ocrx_word' id='word_1_50' title='bbox 286 1296 331 1348; x_wconf 87' lang='lat' dir='ltr'><strong>est</strong></span> <span class='ocrx_word' id='word_1_51' title='bbox 353 1296 422 1367; x_wconf 89' lang='lat' dir='ltr'><strong>post</strong></span> <span class='ocrx_word' id='word_1_52' title='bbox 448 1306 541 1348; x_wconf 87' lang='lat' dir='ltr'><strong>annos</strong></span> <span class='ocrx_word' id='word_1_53' title='bbox 569 1288 661 1349; x_wconf 82' lang='lat' dir='ltr'><strong>ferme</strong></span> <span class='ocrx_word' id='word_1_54' title='bbox 689 1288 768 1350; x_wconf 89' lang='lat' dir='ltr'><strong>mille</strong></span> <span class='ocrx_word' id='word_1_55' title='bbox 795 1298 947 1351; x_wconf 86' lang='lat' dir='ltr'><strong>trecentos</strong></span> <span class='ocrx_word' id='word_1_56' title='bbox 974 1292 1119 1368; x_wconf 88' lang='lat' dir='ltr'><strong>quinque,</strong></span> <span class='ocrx_word' id='word_1_57' title='bbox 1145 1297 1180 1350; x_wconf 91' lang='lat' dir='ltr'><strong>nt</strong></span> <span class='ocrx_word' id='word_1_58' title='bbox 1203 1293 1290 1350; x_wconf 88' lang='lat' dir='ltr'><strong>etiam</strong></span> 
     </span>
     <span class='ocr_line' id='line_1_9' title="bbox 286 1375 1290 1457; baseline 0.002 -21"><span class='ocrx_word' id='word_1_59' title='bbox 286 1375 361 1457; x_wconf 88' lang='lat' dir='ltr'><strong>Beli,</strong></span> <span class='ocrx_word' id='word_1_60' title='bbox 389 1377 440 1454; x_wconf 90' lang='lat' dir='ltr'><strong>qui</strong></span> <span class='ocrx_word' id='word_1_61' title='bbox 462 1375 571 1436; x_wconf 86' lang='lat' dir='ltr'><strong>Ninum</strong></span> <span class='ocrx_word' id='word_1_62' title='bbox 599 1379 701 1456; x_wconf 81' lang='lat' dir='ltr'><strong>genuit</strong></span> <span class='ocrx_word' id='word_1_63' title='bbox 729 1386 759 1438; x_wconf 89' lang='lat' dir='ltr'><strong>et</strong></span> <span class='ocrx_word' id='word_1_64' title='bbox 788 1376 849 1438; x_wconf 92' lang='lat' dir='ltr'><strong>illic</strong></span> <span class='ocrx_word' id='word_1_65' title='bbox 871 1395 960 1457; x_wconf 86' lang='lat' dir='ltr'><strong>parvo</strong></span> <span class='ocrx_word' id='word_1_66' title='bbox 984 1385 1143 1438; x_wconf 88' lang='lat' dir='ltr'><strong>contentus</strong></span> <span class='ocrx_word' id='word_1_67' title='bbox 1164 1379 1290 1457; x_wconf 85' lang='lat' dir='ltr'><strong>imperio</strong></span> 
     </span>
     <span class='ocr_line' id='line_1_10' title="bbox 285 1465 1291 1545; baseline 0.003 -22"><span class='ocrx_word' id='word_1_68' title='bbox 285 1465 399 1543; x_wconf 91' lang='lat' dir='ltr'><strong>primus</strong></span> <span class='ocrx_word' id='word_1_69' title='bbox 428 1481 481 1524; x_wconf 85' lang='lat' dir='ltr'><strong>rex</strong></span> <span class='ocrx_word' id='word_1_70' title='bbox 511 1465 583 1544; x_wconf 86' lang='lat' dir='ltr'><strong>suit,</strong></span> <span class='ocrx_word' id='word_1_71' title='bbox 614 1473 747 1544; x_wconf 89' lang='lat' dir='ltr'><strong>tempora</strong></span> <span class='ocrx_word' id='word_1_72' title='bbox 780 1473 998 1545; x_wconf 86' lang='lat' dir='ltr'><strong>computentur.</strong></span> <span class='ocrx_word' id='word_1_73' title='bbox 1048 1465 1159 1527; x_wconf 84' lang='lat' dir='ltr'><strong>Procas</strong></span> <span class='ocrx_word' id='word_1_74' title='bbox 1192 1474 1291 1526; x_wconf 88' lang='lat' dir='ltr'><strong>antem</strong></span> 
     </span>
    </p>
   </div>
   <div class='ocr_carea' id='block_1_5' title="bbox 285 1550 1364 1631">
    <p class='ocr_par' dir='ltr' id='par_1_5' title="bbox 285 1550 1364 1631">
     <span class='ocr_line' id='line_1_11' title="bbox 285 1550 1364 1631; baseline 0.006 -20"><span class='ocrx_word' id='word_1_75' title='bbox 285 1554 419 1631; x_wconf 77' lang='lat' dir='ltr'><strong>regnavit</strong></span> <span class='ocrx_word' id='word_1_76' title='bbox 441 1561 508 1612; x_wconf 87' lang='lat' dir='ltr'><strong>ante</strong></span> <span class='ocrx_word' id='word_1_77' title='bbox 528 1550 684 1614; x_wconf 72' lang='lat' dir='ltr'><strong>Amulidm.</strong></span> <span class='ocrx_word' id='word_1_78' title='bbox 730 1554 824 1615; x_wconf 85' lang='lat' dir='ltr'><strong>Porro</strong></span> <span class='ocrx_word' id='word_1_79' title='bbox 843 1553 976 1615; x_wconf 81' lang='lat' dir='ltr'><strong>Amulius</strong></span> <span class='ocrx_word' id='word_1_80' title='bbox 1000 1553 1101 1615; x_wconf 77' lang='lat' dir='ltr'><strong>fratris</strong></span> <span class='ocrx_word' id='word_1_81' title='bbox 1119 1555 1167 1615; x_wconf 85' lang='lat' dir='ltr'><strong>sni</strong></span> <span class='ocrx_word' id='word_1_82' title='bbox 1189 1553 1289 1613; x_wconf 91' lang='lat' dir='ltr'><strong>Numi·</strong></span> <span class='ocrx_word' id='word_1_83' title='bbox 1311 1562 1364 1617; x_wconf 67' lang='lat' dir='ltr'><strong>ro⁴</strong></span> 
     </span>
    </p>
   </div>
   <div class='ocr_carea' id='block_1_6' title="bbox 284 1639 1345 3397">
    <p class='ocr_par' dir='ltr' id='par_1_6' title="bbox 284 1639 1345 3397">
     <span class='ocr_line' id='line_1_12' title="bbox 286 1639 1289 1721; baseline 0.003 -22"><span class='ocrx_word' id='word_1_84' title='bbox 286 1641 358 1700; x_wconf 88' lang='lat' dir='ltr'><strong>toris</strong></span> <span class='ocrx_word' id='word_1_85' title='bbox 391 1639 479 1700; x_wconf 84' lang='lat' dir='ltr'><strong>filiam</strong></span> <span class='ocrx_word' id='word_1_86' title='bbox 508 1639 621 1702; x_wconf 86' lang='lat' dir='ltr'><strong>Rheam</strong></span> <span class='ocrx_word' id='word_1_87' title='bbox 652 1644 784 1720; x_wconf 89' lang='lat' dir='ltr'><strong>nomine,</strong></span> <span class='ocrx_word' id='word_1_88' title='bbox 816 1660 891 1720; x_wconf 86' lang='lat' dir='ltr'><strong>quae</strong></span> <span class='ocrx_word' id='word_1_89' title='bbox 923 1645 1011 1702; x_wconf 91' lang='lat' dir='ltr'><strong>etiam</strong></span> <span class='ocrx_word' id='word_1_90' title='bbox 1041 1641 1091 1702; x_wconf 89' lang='lat' dir='ltr'><strong>llia</strong></span> <span class='ocrx_word' id='word_1_91' title='bbox 1122 1641 1289 1721; x_wconf 82' lang='lat' dir='ltr'><strong>vocabatur,</strong></span> 
     </span>
     <span class='ocr_line' id='line_1_13' title="bbox 286 1726 1292 1811; baseline 0.003 -23"><span class='ocrx_word' id='word_1_92' title='bbox 286 1726 403 1789; x_wconf 83' lang='lat' dir='ltr'><strong>Romuli</strong></span> <span class='ocrx_word' id='word_1_93' title='bbox 425 1736 563 1803; x_wconf 88' lang='lat' dir='ltr'><strong>matrem,</strong></span> <span class='ocrx_word' id='word_1_94' title='bbox 592 1727 737 1790; x_wconf 80' lang='lat' dir='ltr'><strong>Vestalem</strong></span> <span class='ocrx_word' id='word_1_95' title='bbox 760 1733 903 1808; x_wconf 80' lang='lat' dir='ltr'><strong>virginem</strong></span> <span class='ocrx_word' id='word_1_96' title='bbox 927 1730 1050 1811; x_wconf 84' lang='lat' dir='ltr'><strong>lecerat,</strong></span> <span class='ocrx_word' id='word_1_97' title='bbox 1078 1748 1167 1808; x_wconf 84' lang='lat' dir='ltr'><strong>quam</strong></span> <span class='ocrx_word' id='word_1_98' title='bbox 1189 1729 1292 1791; x_wconf 82' lang='lat' dir='ltr'><strong>volunt</strong></span> 
     </span>
     <span class='ocr_line' id='line_1_14' title="bbox 286 1815 1291 1899; baseline 0.003 -23"><span class='ocrx_word' id='word_1_99' title='bbox 286 1815 322 1876; x_wconf 91' lang='lat' dir='ltr'><strong>de</strong></span> <span class='ocrx_word' id='word_1_100' title='bbox 351 1816 443 1876; x_wconf 82' lang='lat' dir='ltr'><strong>Marte</strong></span> <span class='ocrx_word' id='word_1_101' title='bbox 474 1819 607 1895; x_wconf 81' lang='lat' dir='ltr'><strong>geminos</strong></span> <span class='ocrx_word' id='word_1_102' title='bbox 637 1821 825 1899; x_wconf 78' lang='lat' dir='ltr'><strong>concepisse,</strong></span> <span class='ocrx_word' id='word_1_103' title='bbox 856 1819 914 1879; x_wconf 90' lang='lat' dir='ltr'><strong>isto</strong></span> <span class='ocrx_word' id='word_1_104' title='bbox 944 1817 1031 1878; x_wconf 90' lang='lat' dir='ltr'><strong>modo</strong></span> <span class='ocrx_word' id='word_1_105' title='bbox 1061 1828 1198 1897; x_wconf 83' lang='lat' dir='ltr'><strong>stuprum</strong></span> <span class='ocrx_word' id='word_1_106' title='bbox 1226 1821 1291 1879; x_wconf 89' lang='lat' dir='ltr'><strong>eins</strong></span> 
     </span>
     <span class='ocr_line' id='line_1_15' title="bbox 286 1903 1291 1986; baseline 0.003 -22"><span class='ocrx_word' id='word_1_107' title='bbox 286 1903 464 1965; x_wconf 90' lang='lat' dir='ltr'><strong>honorantes</strong></span> <span class='ocrx_word' id='word_1_108' title='bbox 496 1903 542 1964; x_wconf 87' lang='lat' dir='ltr'><strong>vel</strong></span> <span class='ocrx_word' id='word_1_109' title='bbox 580 1913 773 1986; x_wconf 85' lang='lat' dir='ltr'><strong>excusantes,</strong></span> <span class='ocrx_word' id='word_1_110' title='bbox 809 1914 840 1967; x_wconf 89' lang='lat' dir='ltr'><strong>et</strong></span> <span class='ocrx_word' id='word_1_111' title='bbox 871 1905 1044 1967; x_wconf 81' lang='lat' dir='ltr'><strong>adhibentes</strong></span> <span class='ocrx_word' id='word_1_112' title='bbox 1076 1915 1291 1986; x_wconf 83' lang='lat' dir='ltr'><strong>argumentum,</strong></span> 
     </span>
     <span class='ocr_line' id='line_1_16' title="bbox 286 1990 1343 2074; baseline 0.004 -22"><span class='ocrx_word' id='word_1_113' title='bbox 286 1990 364 2071; x_wconf 88' lang='lat' dir='ltr'><strong>qnod</strong></span> <span class='ocrx_word' id='word_1_114' title='bbox 388 1993 516 2054; x_wconf 83' lang='lat' dir='ltr'><strong>infantes</strong></span> <span class='ocrx_word' id='word_1_115' title='bbox 534 1995 684 2072; x_wconf 86' lang='lat' dir='ltr'><strong>expositos</strong></span> <span class='ocrx_word' id='word_1_116' title='bbox 707 1993 775 2073; x_wconf 91' lang='lat' dir='ltr'><strong>lupa</strong></span> <span class='ocrx_word' id='word_1_117' title='bbox 798 1997 964 2055; x_wconf 84' lang='lat' dir='ltr'><strong>nutriverit.</strong></span> <span class='ocrx_word' id='word_1_118' title='bbox 1009 1993 1072 2055; x_wconf 88' lang='lat' dir='ltr'><strong>lloc</strong></span> <span class='ocrx_word' id='word_1_119' title='bbox 1095 1997 1174 2055; x_wconf 89' lang='lat' dir='ltr'><strong>enim</strong></span> <span class='ocrx_word' id='word_1_120' title='bbox 1197 2013 1291 2074; x_wconf 81' lang='lat' dir='ltr'><strong>genus</strong></span> <span class='ocrx_word' id='word_1_121' title='bbox 1311 2010 1343 2057; x_wconf 85' lang='lat'><strong>15</strong></span> 
     </span>
     <span class='ocr_line' id='line_1_17' title="bbox 285 2079 1290 2163; baseline 0.002 -23"><span class='ocrx_word' id='word_1_122' title='bbox 285 2079 397 2141; x_wconf 88' lang='lat' dir='ltr'><strong>bestiae</strong></span> <span class='ocrx_word' id='word_1_123' title='bbox 421 2079 456 2140; x_wconf 90' lang='lat' dir='ltr'><strong>ad</strong></span> <span class='ocrx_word' id='word_1_124' title='bbox 480 2080 604 2141; x_wconf 86' lang='lat' dir='ltr'><strong>Martem</strong></span> <span class='ocrx_word' id='word_1_125' title='bbox 632 2083 800 2142; x_wconf 85' lang='lat' dir='ltr'><strong>existimant</strong></span> <span class='ocrx_word' id='word_1_126' title='bbox 821 2085 985 2163; x_wconf 86' lang='lat' dir='ltr'><strong>pertinere,</strong></span> <span class='ocrx_word' id='word_1_127' title='bbox 1009 2092 1043 2143; x_wconf 92' lang='lat' dir='ltr'><strong>ut</strong></span> <span class='ocrx_word' id='word_1_128' title='bbox 1065 2081 1202 2143; x_wconf 86' lang='lat' dir='ltr'><strong>videlicet</strong></span> <span class='ocrx_word' id='word_1_129' title='bbox 1223 2083 1290 2144; x_wconf 88' lang='lat' dir='ltr'><strong>idco</strong></span> 
     </span>
     <span class='ocr_line' id='line_1_18' title="bbox 285 2167 1291 2251; baseline 0.002 -22"><span class='ocrx_word' id='word_1_130' title='bbox 285 2168 353 2247; x_wconf 88' lang='lat' dir='ltr'><strong>lupa</strong></span> <span class='ocrx_word' id='word_1_131' title='bbox 372 2167 511 2230; x_wconf 88' lang='lat' dir='ltr'><strong>credatur</strong></span> <span class='ocrx_word' id='word_1_132' title='bbox 529 2168 692 2230; x_wconf 84' lang='lat' dir='ltr'><strong>admovisse</strong></span> <span class='ocrx_word' id='word_1_133' title='bbox 715 2169 806 2230; x_wconf 89' lang='lat' dir='ltr'><strong>ubera</strong></span> <span class='ocrx_word' id='word_1_134' title='bbox 829 2170 968 2251; x_wconf 85' lang='lat' dir='ltr'><strong>parvulis,</strong></span> <span class='ocrx_word' id='word_1_135' title='bbox 990 2173 1059 2249; x_wconf 89' lang='lat' dir='ltr'><strong>qnia</strong></span> <span class='ocrx_word' id='word_1_136' title='bbox 1082 2170 1157 2230; x_wconf 83' lang='lat' dir='ltr'><strong>lilios</strong></span> <span class='ocrx_word' id='word_1_137' title='bbox 1180 2169 1291 2231; x_wconf 91' lang='lat' dir='ltr'><strong>domini</strong></span> 
     </span>
     <span class='ocr_line' id='line_1_19' title="bbox 286 2255 1290 2338; baseline 0.002 -22"><span class='ocrx_word' id='word_1_138' title='bbox 286 2259 332 2317; x_wconf 89' lang='lat' dir='ltr'><strong>sni</strong></span> <span class='ocrx_word' id='word_1_139' title='bbox 355 2255 457 2317; x_wconf 84' lang='lat' dir='ltr'><strong>Martis</strong></span> <span class='ocrx_word' id='word_1_140' title='bbox 487 2259 617 2338; x_wconf 72' lang='lat' dir='ltr'><strong>agnovit,</strong></span> <span class='ocrx_word' id='word_1_141' title='bbox 647 2261 779 2337; x_wconf 89' lang='lat' dir='ltr'><strong>quamvis</strong></span> <span class='ocrx_word' id='word_1_142' title='bbox 801 2260 861 2319; x_wconf 90' lang='lat' dir='ltr'><strong>nou</strong></span> <span class='ocrx_word' id='word_1_143' title='bbox 884 2258 981 2318; x_wconf 88' lang='lat' dir='ltr'><strong>desint</strong></span> <span class='ocrx_word' id='word_1_144' title='bbox 1005 2261 1055 2337; x_wconf 90' lang='lat' dir='ltr'><strong>qni</strong></span> <span class='ocrx_word' id='word_1_145' title='bbox 1078 2257 1192 2338; x_wconf 89' lang='lat' dir='ltr'><strong>dicant,</strong></span> <span class='ocrx_word' id='word_1_146' title='bbox 1222 2275 1290 2318; x_wconf 90' lang='lat' dir='ltr'><strong>cum</strong></span> 
     </span>
     <span class='ocr_line' id='line_1_20' title="bbox 286 2346 1290 2427; baseline 0.002 -23"><span class='ocrx_word' id='word_1_147' title='bbox 286 2346 412 2424; x_wconf 86' lang='lat' dir='ltr'><strong>expositi</strong></span> <span class='ocrx_word' id='word_1_148' title='bbox 438 2347 588 2424; x_wconf 76' lang='lat' dir='ltr'><strong>vagientes</strong></span> <span class='ocrx_word' id='word_1_149' title='bbox 615 2347 760 2427; x_wconf 88' lang='lat' dir='ltr'><strong>iacerent,</strong></span> <span class='ocrx_word' id='word_1_150' title='bbox 787 2364 804 2406; x_wconf 93' lang='lat' dir='ltr'><strong>a</strong></span> <span class='ocrx_word' id='word_1_151' title='bbox 832 2349 932 2407; x_wconf 88' lang='lat' dir='ltr'><strong>nescio</strong></span> <span class='ocrx_word' id='word_1_152' title='bbox 963 2364 1022 2425; x_wconf 89' lang='lat' dir='ltr'><strong>qua</strong></span> <span class='ocrx_word' id='word_1_153' title='bbox 1043 2348 1173 2425; x_wconf 90' lang='lat' dir='ltr'><strong>primum</strong></span> <span class='ocrx_word' id='word_1_154' title='bbox 1195 2364 1290 2406; x_wconf 75' lang='lat' dir='ltr'><strong>nere-</strong></span> 
     </span>
     <span class='ocr_line' id='line_1_21' title="bbox 285 2433 1345 2513; baseline 0.004 -19"><span class='ocrx_word' id='word_1_155' title='bbox 285 2434 360 2494; x_wconf 86' lang='lat' dir='ltr'><strong>trice</strong></span> <span class='ocrx_word' id='word_1_156' title='bbox 392 2433 484 2494; x_wconf 78' lang='lat' dir='ltr'><strong>luisse</strong></span> <span class='ocrx_word' id='word_1_157' title='bbox 522 2433 661 2493; x_wconf 88' lang='lat' dir='ltr'><strong>collectos</strong></span> <span class='ocrx_word' id='word_1_158' title='bbox 697 2441 728 2494; x_wconf 88' lang='lat' dir='ltr'><strong>et</strong></span> <span class='ocrx_word' id='word_1_159' title='bbox 763 2437 873 2513; x_wconf 87' lang='lat' dir='ltr'><strong>primas</strong></span> <span class='ocrx_word' id='word_1_160' title='bbox 905 2436 970 2495; x_wconf 89' lang='lat' dir='ltr'><strong>eius</strong></span> <span class='ocrx_word' id='word_1_161' title='bbox 1001 2437 1117 2494; x_wconf 80' lang='lat' dir='ltr'><strong>suxisse</strong></span> <span class='ocrx_word' id='word_1_162' title='bbox 1149 2434 1291 2494; x_wconf 89' lang='lat' dir='ltr'><strong>mamillas</strong></span> <span class='ocrx_word' id='word_1_163' title='bbox 1310 2450 1345 2498; x_wconf 80' lang='lat' dir='ltr'><strong>eo</strong></span> 
     </span>
     <span class='ocr_line' id='line_1_22' title="bbox 286 2516 1290 2602; baseline 0.002 -22"><span class='ocrx_word' id='word_1_164' title='bbox 286 2516 477 2602; x_wconf 88' lang='lat' dir='ltr'><strong>(meretrices</strong></span> <span class='ocrx_word' id='word_1_165' title='bbox 498 2529 597 2582; x_wconf 89' lang='lat' dir='ltr'><strong>autem</strong></span> <span class='ocrx_word' id='word_1_166' title='bbox 619 2521 704 2601; x_wconf 90' lang='lat' dir='ltr'><strong>lupas</strong></span> <span class='ocrx_word' id='word_1_167' title='bbox 726 2522 884 2602; x_wconf 83' lang='lat' dir='ltr'><strong>vocabant,</strong></span> <span class='ocrx_word' id='word_1_168' title='bbox 911 2522 990 2583; x_wconf 91' lang='lat' dir='ltr'><strong>unde</strong></span> <span class='ocrx_word' id='word_1_169' title='bbox 1013 2524 1102 2583; x_wconf 88' lang='lat' dir='ltr'><strong>etiam</strong></span> <span class='ocrx_word' id='word_1_170' title='bbox 1125 2540 1205 2583; x_wconf 89' lang='lat' dir='ltr'><strong>nnuc</strong></span> <span class='ocrx_word' id='word_1_171' title='bbox 1228 2532 1290 2583; x_wconf 85' lang='lat' dir='ltr'><strong>tur·</strong></span> 
     </span>
     <span class='ocr_line' id='line_1_23' title="bbox 284 2604 1291 2692; baseline 0.002 -24"><span class='ocrx_word' id='word_1_172' title='bbox 284 2610 333 2688; x_wconf 91' lang='lat' dir='ltr'><strong>pia</strong></span> <span class='ocrx_word' id='word_1_173' title='bbox 355 2608 419 2668; x_wconf 90' lang='lat' dir='ltr'><strong>loca</strong></span> <span class='ocrx_word' id='word_1_174' title='bbox 442 2627 544 2670; x_wconf 91' lang='lat' dir='ltr'><strong>earum</strong></span> <span class='ocrx_word' id='word_1_175' title='bbox 568 2608 718 2688; x_wconf 87' lang='lat' dir='ltr'><strong>lupanaria</strong></span> <span class='ocrx_word' id='word_1_176' title='bbox 740 2604 980 2692; x_wconf 89' lang='lat' dir='ltr'><strong>nuncupantur),</strong></span> <span class='ocrx_word' id='word_1_177' title='bbox 1002 2618 1033 2671; x_wconf 89' lang='lat' dir='ltr'><strong>et</strong></span> <span class='ocrx_word' id='word_1_178' title='bbox 1055 2628 1107 2670; x_wconf 90' lang='lat' dir='ltr'><strong>eos</strong></span> <span class='ocrx_word' id='word_1_179' title='bbox 1129 2618 1232 2690; x_wconf 90' lang='lat' dir='ltr'><strong>postea</strong></span> <span class='ocrx_word' id='word_1_180' title='bbox 1254 2609 1291 2670; x_wconf 88' lang='lat' dir='ltr'><strong>ad</strong></span> 
     </span>
     <span class='ocr_line' id='line_1_24' title="bbox 285 2696 1291 2778; baseline 0 -20"><span class='ocrx_word' id='word_1_181' title='bbox 285 2696 458 2758; x_wconf 86' lang='lat' dir='ltr'><strong>Faustulum</strong></span> <span class='ocrx_word' id='word_1_182' title='bbox 480 2699 650 2776; x_wconf 87' lang='lat' dir='ltr'><strong>pervenisse</strong></span> <span class='ocrx_word' id='word_1_183' title='bbox 673 2705 821 2777; x_wconf 86' lang='lat' dir='ltr'><strong>pastorem</strong></span> <span class='ocrx_word' id='word_1_184' title='bbox 845 2707 933 2778; x_wconf 87' lang='lat' dir='ltr'><strong>atque</strong></span> <span class='ocrx_word' id='word_1_185' title='bbox 956 2698 992 2758; x_wconf 88' lang='lat' dir='ltr'><strong>ab</strong></span> <span class='ocrx_word' id='word_1_186' title='bbox 1014 2701 1080 2760; x_wconf 88' lang='lat' dir='ltr'><strong>eius</strong></span> <span class='ocrx_word' id='word_1_187' title='bbox 1098 2701 1175 2758; x_wconf 81' lang='lat' dir='ltr'><strong>Acca</strong></span> <span class='ocrx_word' id='word_1_188' title='bbox 1197 2717 1291 2759; x_wconf 81' lang='lat' dir='ltr'><strong>uxore</strong></span> 
     </span>
     <span class='ocr_line' id='line_1_25' title="bbox 285 2784 1291 2869; baseline 0.001 -23"><span class='ocrx_word' id='word_1_189' title='bbox 285 2787 422 2846; x_wconf 77' lang='lat' dir='ltr'><strong>nutritoe.</strong></span> <span class='ocrx_word' id='word_1_190' title='bbox 469 2784 652 2864; x_wconf 81' lang='lat' dir='ltr'><strong>Quamquam</strong></span> <span class='ocrx_word' id='word_1_191' title='bbox 680 2788 705 2846; x_wconf 92' lang='lat' dir='ltr'><strong>si</strong></span> <span class='ocrx_word' id='word_1_192' title='bbox 733 2785 767 2846; x_wconf 89' lang='lat' dir='ltr'><strong>ad</strong></span> <span class='ocrx_word' id='word_1_193' title='bbox 796 2786 979 2866; x_wconf 80' lang='lat' dir='ltr'><strong>arguendum</strong></span> <span class='ocrx_word' id='word_1_194' title='bbox 1009 2786 1158 2847; x_wconf 89' lang='lat' dir='ltr'><strong>hominem</strong></span> <span class='ocrx_word' id='word_1_195' title='bbox 1180 2805 1291 2869; x_wconf 81' lang='lat' dir='ltr'><strong>regem,</strong></span> 
     </span>
     <span class='ocr_line' id='line_1_26' title="bbox 285 2875 1343 2956; baseline 0.002 -22"><span class='ocrx_word' id='word_1_196' title='bbox 285 2875 336 2951; x_wconf 88' lang='lat' dir='ltr'><strong>qni</strong></span> <span class='ocrx_word' id='word_1_197' title='bbox 356 2891 407 2933; x_wconf 88' lang='lat' dir='ltr'><strong>eos</strong></span> <span class='ocrx_word' id='word_1_198' title='bbox 425 2875 456 2933; x_wconf 89' lang='lat' dir='ltr'><strong>in</strong></span> <span class='ocrx_word' id='word_1_199' title='bbox 476 2891 581 2951; x_wconf 87' lang='lat' dir='ltr'><strong>aquam</strong></span> <span class='ocrx_word' id='word_1_200' title='bbox 599 2876 693 2953; x_wconf 87' lang='lat' dir='ltr'><strong>proici</strong></span> <span class='ocrx_word' id='word_1_201' title='bbox 712 2875 872 2936; x_wconf 84' lang='lat' dir='ltr'><strong>crudeliter</strong></span> <span class='ocrx_word' id='word_1_202' title='bbox 894 2877 1030 2950; x_wconf 89' lang='lat' dir='ltr'><strong>iusserat,</strong></span> <span class='ocrx_word' id='word_1_203' title='bbox 1054 2877 1098 2936; x_wconf 87' lang='lat' dir='ltr'><strong>eis</strong></span> <span class='ocrx_word' id='word_1_204' title='bbox 1119 2875 1291 2956; x_wconf 82' lang='lat' dir='ltr'><strong>infantibus,</strong></span> <span class='ocrx_word' id='word_1_205' title='bbox 1310 2890 1343 2936; x_wconf 78' lang='lat'><strong>25</strong></span> 
     </span>
     <span class='ocr_line' id='line_1_27' title="bbox 285 2962 1291 3043; baseline 0.005 -23"><span class='ocrx_word' id='word_1_206' title='bbox 285 2979 339 3040; x_wconf 94' lang='lat' dir='ltr'><strong>per</strong></span> <span class='ocrx_word' id='word_1_207' title='bbox 363 2978 439 3039; x_wconf 90' lang='lat' dir='ltr'><strong>quos</strong></span> <span class='ocrx_word' id='word_1_208' title='bbox 462 2970 541 3022; x_wconf 85' lang='lat' dir='ltr'><strong>tanta</strong></span> <span class='ocrx_word' id='word_1_209' title='bbox 564 2964 667 3022; x_wconf 85' lang='lat' dir='ltr'><strong>civitas</strong></span> <span class='ocrx_word' id='word_1_210' title='bbox 690 2963 842 3024; x_wconf 87' lang='lat' dir='ltr'><strong>condenda</strong></span> <span class='ocrx_word' id='word_1_211' title='bbox 864 2964 969 3043; x_wconf 85' lang='lat' dir='ltr'><strong>inerat,</strong></span> <span class='ocrx_word' id='word_1_212' title='bbox 992 2963 1029 3024; x_wconf 86' lang='lat' dir='ltr'><strong>de</strong></span> <span class='ocrx_word' id='word_1_213' title='bbox 1052 2981 1127 3042; x_wconf 80' lang='lat' dir='ltr'><strong>aqua</strong></span> <span class='ocrx_word' id='word_1_214' title='bbox 1150 2962 1291 3025; x_wconf 85' lang='lat' dir='ltr'><strong>divinitus</strong></span> 
     </span>
     <span class='ocr_line' id='line_1_28' title="bbox 284 3048 1289 3132; baseline 0.002 -23"><span class='ocrx_word' id='word_1_215' title='bbox 284 3048 418 3120; x_wconf 85' lang='lat' dir='ltr'><strong>liberatis</strong></span> <span class='ocrx_word' id='word_1_216' title='bbox 440 3067 495 3128; x_wconf 88' lang='lat' dir='ltr'><strong>per</strong></span> <span class='ocrx_word' id='word_1_217' title='bbox 517 3048 672 3110; x_wconf 87' lang='lat' dir='ltr'><strong>lactantem</strong></span> <span class='ocrx_word' id='word_1_218' title='bbox 696 3051 788 3112; x_wconf 82' lang='lat' dir='ltr'><strong>seram</strong></span> <span class='ocrx_word' id='word_1_219' title='bbox 812 3051 892 3113; x_wconf 83' lang='lat' dir='ltr'><strong>Deus</strong></span> <span class='ocrx_word' id='word_1_220' title='bbox 915 3051 1007 3112; x_wconf 85' lang='lat' dir='ltr'><strong>voluit</strong></span> <span class='ocrx_word' id='word_1_221' title='bbox 1029 3051 1197 3132; x_wconf 79' lang='lat' dir='ltr'><strong>subvenire,</strong></span> <span class='ocrx_word' id='word_1_222' title='bbox 1220 3050 1289 3130; x_wconf 86' lang='lat' dir='ltr'><strong>quid</strong></span> 
     </span>
     <span class='ocr_line' id='line_1_29' title="bbox 285 3133 1291 3218; baseline 0.002 -22"><span class='ocrx_word' id='word_1_223' title='bbox 285 3140 394 3198; x_wconf 88' lang='lat' dir='ltr'><strong>mirum</strong></span> <span class='ocrx_word' id='word_1_224' title='bbox 425 3133 492 3198; x_wconf 80' lang='lat' dir='ltr'><strong>est?</strong></span> <span class='ocrx_word' id='word_1_225' title='bbox 537 3137 652 3199; x_wconf 80' lang='lat' dir='ltr'><strong>Amulio</strong></span> <span class='ocrx_word' id='word_1_226' title='bbox 679 3141 825 3200; x_wconf 85' lang='lat' dir='ltr'><strong>successit</strong></span> <span class='ocrx_word' id='word_1_227' title='bbox 851 3141 881 3200; x_wconf 91' lang='lat' dir='ltr'><strong>iu</strong></span> <span class='ocrx_word' id='word_1_228' title='bbox 912 3156 1037 3218; x_wconf 80' lang='lat' dir='ltr'><strong>regnum</strong></span> <span class='ocrx_word' id='word_1_229' title='bbox 1059 3137 1176 3200; x_wconf 78' lang='lat' dir='ltr'><strong>latiare</strong></span> <span class='ocrx_word' id='word_1_230' title='bbox 1200 3141 1291 3200; x_wconf 79' lang='lat' dir='ltr'><strong>trater</strong></span> 
     </span>
     <span class='ocr_line' id='line_1_30' title="bbox 285 3224 1290 3308; baseline 0.002 -23"><span class='ocrx_word' id='word_1_231' title='bbox 285 3226 351 3286; x_wconf 90' lang='lat' dir='ltr'><strong>eius</strong></span> <span class='ocrx_word' id='word_1_232' title='bbox 373 3225 523 3307; x_wconf 89' lang='lat' dir='ltr'><strong>Numitor,</strong></span> <span class='ocrx_word' id='word_1_233' title='bbox 545 3244 617 3286; x_wconf 89' lang='lat' dir='ltr'><strong>avus</strong></span> <span class='ocrx_word' id='word_1_234' title='bbox 639 3224 772 3308; x_wconf 83' lang='lat' dir='ltr'><strong>Romuli,</strong></span> <span class='ocrx_word' id='word_1_235' title='bbox 800 3229 885 3288; x_wconf 89' lang='lat' dir='ltr'><strong>cuius</strong></span> <span class='ocrx_word' id='word_1_236' title='bbox 908 3227 1071 3289; x_wconf 87' lang='lat' dir='ltr'><strong>Numitoris</strong></span> <span class='ocrx_word' id='word_1_237' title='bbox 1094 3229 1190 3307; x_wconf 87' lang='lat' dir='ltr'><strong>primo</strong></span> <span class='ocrx_word' id='word_1_238' title='bbox 1213 3245 1290 3288; x_wconf 90' lang='lat' dir='ltr'><strong>anno</strong></span> 
     </span>
     <span class='ocr_line' id='line_1_31' title="bbox 285 3312 1345 3397; baseline 0.003 -24"><span class='ocrx_word' id='word_1_239' title='bbox 285 3312 402 3374; x_wconf 89' lang='lat' dir='ltr'><strong>condita</strong></span> <span class='ocrx_word' id='word_1_240' title='bbox 425 3322 471 3374; x_wconf 89' lang='lat' dir='ltr'><strong>est</strong></span> <span class='ocrx_word' id='word_1_241' title='bbox 493 3312 598 3394; x_wconf 68' lang='lat' dir='ltr'><strong>Romen</strong></span> <span class='ocrx_word' id='word_1_242' title='bbox 625 3331 659 3373; x_wconf 90' lang='lat' dir='ltr'><strong>ac</strong></span> <span class='ocrx_word' id='word_1_243' title='bbox 686 3332 740 3392; x_wconf 90' lang='lat' dir='ltr'><strong>per</strong></span> <span class='ocrx_word' id='word_1_244' title='bbox 762 3315 819 3376; x_wconf 90' lang='lat' dir='ltr'><strong>hoc</strong></span> <span class='ocrx_word' id='word_1_245' title='bbox 842 3333 911 3376; x_wconf 91' lang='lat' dir='ltr'><strong>cum</strong></span> <span class='ocrx_word' id='word_1_246' title='bbox 933 3333 988 3376; x_wconf 87' lang='lat' dir='ltr'><strong>suo</strong></span> <span class='ocrx_word' id='word_1_247' title='bbox 1010 3314 1164 3397; x_wconf 86' lang='lat' dir='ltr'><strong>deinceps,</strong></span> <span class='ocrx_word' id='word_1_248' title='bbox 1192 3315 1220 3374; x_wconf 90' lang='lat' dir='ltr'><strong>id</strong></span> <span class='ocrx_word' id='word_1_249' title='bbox 1245 3323 1290 3375; x_wconf 90' lang='lat' dir='ltr'><strong>est</strong></span> <span class='ocrx_word' id='word_1_250' title='bbox 1308 3329 1345 3376; x_wconf 84' lang='lat'><strong>30</strong></span> 
     </span>
    </p>
   </div>
   <div class='ocr_carea' id='block_1_7' title="bbox 285 3399 1029 3606">
    <p class='ocr_par' dir='ltr' id='par_1_7' title="bbox 285 3399 1029 3606">
     <span class='ocr_line' id='line_1_32' title="bbox 285 3399 716 3482; baseline 0.007 -22"><span class='ocrx_word' id='word_1_251' title='bbox 285 3399 420 3482; x_wconf 82' lang='lat' dir='ltr'><strong>Romulo,</strong></span> <span class='ocrx_word' id='word_1_252' title='bbox 444 3409 551 3480; x_wconf 88' lang='lat' dir='ltr'><strong>nepote</strong></span> <span class='ocrx_word' id='word_1_253' title='bbox 574 3405 716 3481; x_wconf 78' lang='lat' dir='ltr'><strong>regnavit</strong></span> 
     </span>
     <span class='ocr_line' id='line_1_33' title="bbox 355 3536 1029 3606; baseline 0.004 -17"><span class='ocrx_word' id='word_1_254' title='bbox 355 3537 381 3606; x_wconf 77' lang='grc'><strong>8)</strong></span> <span class='ocrx_word' id='word_1_255' title='bbox 399 3536 467 3590; x_wconf 88' lang='lat' dir='ltr'><strong>Aen.</strong></span> <span class='ocrx_word' id='word_1_256' title='bbox 488 3541 512 3604; x_wconf 81' lang='lat'><strong>6,</strong></span> <span class='ocrx_word' id='word_1_257' title='bbox 528 3541 587 3590; x_wconf 80' lang='grc'><strong>767.</strong></span> <span class='ocrx_word' id='word_1_258' title='bbox 634 3542 678 3600; x_wconf 77' lang='lat'><strong>22)</strong></span> <span class='ocrx_word' id='word_1_259' title='bbox 699 3537 773 3592; x_wconf 82' lang='lat' dir='ltr'><strong>Serv.</strong></span> <span class='ocrx_word' id='word_1_260' title='bbox 793 3538 824 3591; x_wconf 88' lang='lat' dir='ltr'><strong>in</strong></span> <span class='ocrx_word' id='word_1_261' title='bbox 843 3538 909 3592; x_wconf 86' lang='lat' dir='ltr'><strong>Aen.</strong></span> <span class='ocrx_word' id='word_1_262' title='bbox 932 3544 955 3606; x_wconf 83' lang='lat'><strong>1,</strong></span> <span class='ocrx_word' id='word_1_263' title='bbox 970 3544 1029 3592; x_wconf 74' lang='lat'><strong>273.</strong></span> 
     </span>
    </p>
   </div>
   <div class='ocr_carea' id='block_1_8' title="bbox 281 3748 1292 3890">
    <p class='ocr_par' dir='ltr' id='par_1_8' title="bbox 281 3748 1292 3890">
     <span class='ocr_line' id='line_1_34' title="bbox 354 3748 1292 3820; baseline 0.002 -18"><span class='ocrx_word' id='word_1_264' title='bbox 354 3752 370 3802; x_wconf 75' lang='grc' dir='ltr'>ὁ</span> <span class='ocrx_word' id='word_1_265' title='bbox 387 3749 525 3817; x_wconf 76' lang='lat' dir='ltr'><strong>assyrium</strong></span> <span class='ocrx_word' id='word_1_266' title='bbox 540 3748 645 3820; x_wconf 80' lang='lat' dir='ltr'><strong>Rb¹pp</strong></span> <span class='ocrx_word' id='word_1_267' title='bbox 660 3753 736 3818; x_wconf 80' lang='lat'><em>(275,</em></span> <span class='ocrx_word' id='word_1_268' title='bbox 746 3755 789 3816; x_wconf 83' lang='lat'><strong>6);</strong></span> <span class='ocrx_word' id='word_1_269' title='bbox 808 3750 986 3818; x_wconf 79' lang='lat' dir='ltr'><strong>Assyriorum</strong></span> <span class='ocrx_word' id='word_1_270' title='bbox 995 3749 1204 3819; x_wconf 74' lang='lat' dir='ltr'><strong>AFGab¹eol</strong></span> <span class='ocrx_word' id='word_1_271' title='bbox 1219 3755 1234 3802; x_wconf 80' lang='grc'><strong>7</strong></span> <span class='ocrx_word' id='word_1_272' title='bbox 1249 3751 1292 3804; x_wconf 76' lang='lat' dir='ltr'><strong>est</strong></span> 
     </span>
     <span class='ocr_line' id='line_1_35' title="bbox 281 3819 1171 3890; baseline 0 -16"><span class='ocrx_word' id='word_1_273' title='bbox 281 3834 333 3874; x_wconf 89' lang='lat' dir='ltr'><strong>om.</strong></span> <span class='ocrx_word' id='word_1_274' title='bbox 354 3820 415 3875; x_wconf 59' lang='grc' dir='ltr'><strong>ΒΝ</strong></span> <span class='ocrx_word' id='word_1_275' title='bbox 432 3821 442 3888; x_wconf 74' lang='lat' dir='ltr'><strong>ll</strong></span> <span class='ocrx_word' id='word_1_276' title='bbox 460 3825 494 3874; x_wconf 78' lang='lat'><strong>28</strong></span> <span class='ocrx_word' id='word_1_277' title='bbox 511 3819 614 3874; x_wconf 79' lang='lat' dir='ltr'><strong>latiore</strong></span> <span class='ocrx_word' id='word_1_278' title='bbox 633 3819 883 3890; x_wconf 74' lang='lat' dir='ltr'><strong>RFGe931ctiar</strong></span> <span class='ocrx_word' id='word_1_279' title='bbox 901 3822 941 3886; x_wconf 81' lang='lat' dir='ltr'><strong>A;</strong></span> <span class='ocrx_word' id='word_1_280' title='bbox 959 3819 1069 3874; x_wconf 77' lang='lat' dir='ltr'><strong>Latiale</strong></span> <span class='ocrx_word' id='word_1_281' title='bbox 1087 3820 1171 3888; x_wconf 65' lang='grc' dir='ltr'><strong>αὖρα</strong></span> 
     </span>
    </p>
   </div>
   <div class='ocr_carea' id='block_1_9' title="bbox 1247 4033 1271 4084">
    <p class='ocr_par' dir='ltr' id='par_1_9' title="bbox 1247 4033 1271 4084">
     <span class='ocr_line' id='line_1_36' title="bbox 1247 4033 1271 4084; baseline 0 0"><span class='ocrx_word' id='word_1_282' title='bbox 1247 4033 1271 4084; x_wconf 78' lang='lat' dir='ltr'><em>l</em></span> 
     </span>
    </p>
   </div>
   <div class='ocr_carea' id='block_1_10' title="bbox 0 0 1646 4459">
    <p class='ocr_par' dir='ltr' id='par_1_10' title="bbox 0 0 1646 4459">
     <span class='ocr_line' id='line_1_37' title="bbox 0 0 1646 4459; baseline 0 0"><span class='ocrx_word' id='word_1_283' title='bbox 0 0 1646 4459; x_wconf 95' lang='lat' dir='ltr'><strong> </strong></span> 
     </span>
    </p>
   </div>
  </div>
 </body>
</html>
