3284 4459
552 535 592 574 aaa
607 534 750 576 oavrrara
762 535 931 583 mmmm
945 535 968 576 o.
981 537 1015 576 11.
1224 522 1288 589 143

285 670 339 730 bue
362 670 427 732 etos
455 671 552 730 divisa
580 677 624 736 est
645 678 744 732 terro.
790 668 864 730 Nam
892 672 948 730 uisi
971 667 1067 732 adbuc
1089 668 1188 731 lleber
1210 672 1287 733 rire·

285 767 330 818 ret
358 756 474 835 qnando
501 756 667 835 linguarum
696 758 772 818 laeta
800 765 847 818 est
874 756 1044 838 multitudo,
1070 775 1141 819 non*
1159 777 1195 819 ex
1221 761 1288 820 eius

284 846 401 907 nomine
432 862 540 907 nomen
571 849 719 926 acciperet
747 846 860 926 lingua,
889 864 964 925 quae
986 845 1063 927 apud
1085 845 1168 908 illum
1191 849 1289 926 potuit

284 950 467 1012 permanere.
513 933 551 996 Et
578 933 644 996 ideo
672 934 819 996 credenda
846 943 894 996 est
921 937 984 1014 ipsa
1007 935 1098 996 luisse
1121 937 1215 1014 prima
1238 935 1287 997 illa

284 1024 462 1101 communis,
485 1025 623 1101 quoniam
647 1021 682 1084 de
706 1041 799 1102 poena
823 1025 903 1084 venit
924 1023 972 1083 illa
996 1022 1199 1104 multiplicatio
1221 1038 1324 1086 mma·

282 1113 413 1189 ratioque
441 1110 607 1189 linguarum
634 1121 664 1173 et
694 1113 796 1192 ulique
825 1120 943 1191 praeter
974 1110 1050 1172 bane
1071 1129 1196 1191 menam
1219 1130 1286 1174 esse

283 1198 385 1260 debuit
411 1198 538 1278 populus
566 1198 627 1261 llei.
671 1198 733 1260 Neo
760 1200 871 1262 frustra
894 1201 992 1280 lingua
1014 1199 1087 1262 baec
1110 1208 1170 1281 esi,
1198 1219 1287 1280 quam

284 1289 380 1350 tenurit
405 1286 564 1368 Abraham,
597 1305 653 1348 neo
683 1290 715 1348 in
746 1306 849 1350 omnes
881 1306 952 1350 suos
984 1288 1061 1350 lilios
1085 1292 1286 1351 transmittere

283 1378 396 1456 potuit,
424 1377 476 1437 sed
505 1378 536 1436 in
567 1393 618 1436 eos
645 1385 773 1457 tantum,
803 1379 854 1456 qui
881 1379 1034 1457 propagati
1060 1395 1115 1458 per
1140 1376 1228 1438 laceb
1255 1386 1287 1440 et

282 1465 427 1543 insignius
455 1473 542 1543 atque
570 1467 749 1526 eminentius
776 1466 806 1525 in
835 1465 890 1526 Dei
915 1466 1057 1545 populum
1086 1464 1287 1528 coalescentes
1306 1481 1341 1529 ιο

282 1553 336 1613 bei
360 1561 533 1614 testamenta
557 1561 586 1614 et
609 1555 733 1633 stirpem
755 1552 866 1615 Christi
889 1552 996 1614 babere
1019 1562 1190 1633 potuerunt.
1225 1553 1287 1616 Nec

282 1639 383 1702 lleber
399 1643 464 1721 ipse
482 1640 604 1702 eandem
622 1641 751 1720 linguam
769 1644 800 1704 iu
819 1644 987 1702 universam
1010 1644 1181 1722 progeniem
1202 1660 1288 1705 suam

284 1729 403 1810 reirrdit,
425 1729 476 1790 sed
499 1732 529 1790 in
553 1748 618 1790 earn
640 1738 764 1810 tantum,
786 1733 873 1791 cuius
895 1733 1100 1808 generationes
1123 1730 1286 1810 perducan-

282 1827 333 1880 tur
363 1817 399 1878 ad
428 1817 580 1878 Abraham.
627 1817 814 1899 Quapropter
842 1821 956 1880 etiamsi
980 1837 1039 1880 non
1062 1818 1214 1882 evidenter
1236 1838 1285 1882 ex·

282 1925 419 1986 pressum
443 1916 489 1968 est
512 1906 601 1967 inisse
626 1907 742 1986 aliquod
765 1909 847 1986 pium
870 1925 964 1986 genus
987 1907 1148 1988 bominum,
1169 1908 1288 1987 quando
1307 1922 1340 1972 lo

282 1994 318 2056 ab
349 1997 447 2074 impiis
469 1993 626 2074 babylonia
654 1995 852 2077 condebatur,
883 2013 942 2056 nou
966 1995 1001 2056 ad
1025 1995 1080 2057 lroo
1104 1995 1194 2058 valuit
1215 1996 1288 2058 haee

283 2082 459 2164 obscuritas,
482 2092 515 2144 ut
538 2086 708 2162 qrraerentis
732 2084 928 2165 fraudaretur,
951 2083 1002 2146 sed
1026 2087 1126 2164 potius
1148 2093 1182 2146 ut
1203 2103 1287 2146 exer·

282 2181 402 2234 conetur
424 2173 558 2233 intentio.
604 2170 677 2234 Cum
701 2174 780 2234 enim
802 2172 911 2251 legitur
934 2190 1022 2234 uuam
1044 2174 1135 2234 luisse
1158 2173 1288 2253 linguam

281 2262 420 2339 primitus
443 2262 575 2322 omnium
604 2270 635 2322 et
657 2270 725 2322 ante
749 2278 852 2322 omnes
875 2261 950 2323 filios
974 2261 1042 2324 Sena
1065 2262 1288 2325 commendatur

282 2348 391 2428 Heben
415 2350 546 2427 quamvis
570 2367 606 2412 ex
629 2348 678 2410 illo
701 2351 824 2428 quintus
846 2352 973 2430 oriatur,
996 2359 1026 2410 et
1048 2348 1181 2410 llebraea
1204 2368 1287 2411 voca·
1305 2364 1342 2414 to

282 2446 332 2498 tur
356 2437 469 2518 lingua,
498 2453 585 2515 quam
614 2437 848 2517 patriarcharum
871 2447 902 2499 et
923 2437 1136 2517 prophetarum
1158 2456 1217 2499 non
1241 2456 1286 2500 so·

282 2525 343 2587 lum
375 2527 405 2587 in
434 2525 620 2603 sermonibus
649 2529 724 2606 suis,
756 2544 859 2588 verum
886 2529 974 2588 etiam
1003 2528 1034 2588 in
1060 2526 1169 2588 litteris
1195 2529 1288 2588 saeris

281 2613 442 2676 custodivit
467 2616 640 2676 auctoritas:
663 2616 806 2695 prolecto,
831 2625 900 2676 oum
924 2617 1078 2693 quaeritur
1095 2616 1126 2676 in
1144 2614 1287 2678 divisione

280 2704 466 2783 linguarum,
495 2701 546 2763 ubi
574 2701 672 2780 lingua
700 2702 747 2763 illa
776 2721 930 2763 remanere
958 2705 1104 2784 potuerit,
1134 2721 1207 2782 quae
1232 2704 1288 2766 luit

280 2801 350 2852 ante
374 2793 539 2852 eommunis
566 2784 656 2872 (quae
685 2793 748 2852 sine
776 2791 835 2851 ulla
858 2790 1040 2852 dubitatione
1065 2790 1116 2852 ubi
1138 2794 1288 2873 remansit,
1305 2805 1341 2854 aa

281 2898 342 2940 non
366 2877 407 2940 ibi
431 2879 487 2944 luit
515 2878 563 2940 illa
587 2897 693 2959 poena,
723 2897 797 2958 quae
822 2880 897 2940 iacta
921 2890 967 2940 est
990 2881 1151 2942 mutatione
1174 2879 1285 2960 lingua·

281 2962 378 3049 runa),
407 2966 477 3045 quid
508 2966 585 3028 aliud
609 2969 753 3049 occurrit,
781 2969 838 3028 nisi
861 2968 941 3046 quod
963 2971 993 3030 in
1017 2968 1105 3030 buius
1130 2977 1218 3046 gente
1240 2987 1287 3030 re·

281 3057 440 3134 manserit,
463 3073 479 3114 a
502 3057 587 3115 carius
611 3057 728 3116 nomine
751 3073 859 3118 nomeu
882 3059 1004 3136 aceepit,
1027 3064 1057 3117 et
1078 3055 1135 3116 boo
1158 3059 1288 3118 iustiliae

280 3147 379 3223 gentis
397 3141 485 3205 buius
506 3161 563 3204 non
583 3161 704 3224 parvum
728 3147 898 3223 apparuisse
922 3147 1085 3224 vestigium,
1109 3145 1197 3225 qrrod,
1218 3163 1287 3206 cum

280 3233 356 3294 aliae
383 3241 487 3310 gentes
515 3231 716 3312 plecterentur
744 3235 905 3294 mutatione
936 3232 1115 3313 linguarum,
1142 3233 1180 3294 ad
1201 3236 1287 3296 istam
1307 3248 1342 3296 eo

281 3339 343 3382 non
366 3321 502 3399 pervenit
524 3320 580 3382 tale
605 3317 802 3401 supplicium?

374 3406 432 3470 Sed
450 3407 545 3469 adbuc
564 3407 634 3470 illud
654 3418 759 3489 movet,
782 3427 841 3487 quo
865 3409 950 3470 modo
974 3418 1135 3489 potuerunt
1158 3408 1289 3487 singulas

356 3525 383 3612 ι’)
403 3543 469 3598 Gen.
490 3549 532 3612 10
552 3549 594 3601 ao

356 3702 592 3786 lderdueaaetur
608 3725 661 3779 1⁷¹·
655 3725 914 3794 *perducendum
928 3726 1119 3821 perducuntur
1129 3726 1177 3780 Fa
1189 3727 1245 3782 roll
1256 3728 1292 3796 oi

279 3795 400 3849 20eb
426 3798 502 3866 οιιΙΙ
522 3802 554 3849 22
574 3796 742 3852 eunomii
