3284 4459
556 502 596 541 nn
610 501 754 543 o1vmsr1e
768 504 822 543 ner
836 504 861 544 re
875 504 924 545 xx
938 504 962 543 o.
976 505 1008 545 25.
1022 505 1054 545 rs.
1240 489 1306 553 473

298 653 367 697 eum
395 636 529 697 mundati
555 636 680 716 luerint,
710 639 767 716 ipsi
795 646 892 698 erunt.
943 638 1019 709 Quid
1048 642 1126 698 eninr
1156 640 1306 717 acceptius

297 724 360 785 Deo
384 723 456 784 tales
479 725 612 785 offerunt
640 743 729 803 quam
758 744 790 785 se
812 722 916 805 ipsos?
960 725 1069 787 Verum
1093 728 1149 786 ista
1172 728 1306 804 quaestio

298 812 336 872 de
359 814 538 891 purgatoriis
560 815 678 894 poenis,
700 822 734 873 ut
756 813 925 892 diligentius
948 823 1156 896 pertractetur,
1179 817 1210 874 in
1233 823 1306 875 tem·

297 920 355 979 pus
378 901 457 963 eliud
480 900 641 961 differenda
669 911 724 962 est.
770 901 859 961 Filios
878 911 981 962 autem
1005 901 1075 962 Levi
1099 912 1128 963 et
1151 901 1252 963 ludam
1277 910 1306 963 et

299 981 483 1049 Hierusalem
512 992 605 1068 ipsam
634 988 687 1050 Dei
714 990 868 1051 ecelesiam
896 989 1038 1051 debemus
1067 993 1217 1071 accipere,
1246 1002 1341 1051 nont

298 1096 336 1138 ex
358 1076 501 1139 Hebraeis
529 1087 656 1158 rantum,
686 1078 737 1139 sed
761 1096 798 1142 ex
821 1078 885 1139 aliis
909 1080 997 1139 etiam
1021 1078 1158 1157 gentibus
1181 1097 1305 1157 congre·

297 1174 408 1246 gatam3
433 1184 487 1227 nee
506 1165 604 1247 talem,
622 1166 717 1244 qualis
735 1185 815 1227 nuno
834 1175 888 1247 est,
906 1166 966 1248 ubi,
987 1171 1016 1227 si
1034 1170 1210 1241 deserimus,
1233 1171 1306 1242 qnia

297 1263 458 1331 peecatum
480 1272 541 1316 non
567 1255 724 1329 iniremus,
750 1273 805 1316 nos
828 1259 907 1332 ipsos
929 1258 1114 1329 seducimus,
1142 1263 1172 1317 et
1193 1259 1306 1316 veritas

299 1346 331 1403 in
358 1345 445 1403 noim
471 1360 531 1404 non
558 1350 619 1414 est;
650 1342 702 1403 sed
731 1344 825 1422 qualis
854 1352 925 1404 tune
955 1346 1028 1423 erit,
1060 1344 1140 1404 velut
1162 1362 1230 1404 area
1252 1362 1306 1423 per

298 1430 532 1511 ventilationem,
560 1432 601 1491 ita
627 1449 681 1510 per
708 1432 849 1491 iudicium
877 1441 1000 1512 purgata
1024 1434 1233 1513 novissimum,
1263 1434 1306 1491 eis
1327 1444 1359 1493 ιο

301 1537 419 1598 quoque
447 1522 514 1597 igne
542 1519 705 1600 mundatis,
732 1519 840 1599 quibus
868 1519 933 1580 talis
962 1521 1112 1582 mundatio
1140 1522 1306 1581 necessaria

299 1615 362 1688 est,
384 1609 425 1668 ita
448 1616 482 1667 ut
504 1606 603 1668 nullus
626 1610 745 1669 omnino
769 1610 821 1687 sit,
848 1610 899 1687 qui
922 1609 1028 1669 offerat
1050 1610 1228 1670 sacrificinm
1250 1626 1305 1688 pro

298 1698 429 1775 peccatis
452 1697 523 1756 suis.
569 1694 678 1756 Omnes
701 1698 780 1756 enim
810 1699 861 1774 qui
884 1699 927 1757 sie
950 1698 1092 1775 offerunt,
1118 1698 1252 1776 prolecto
1275 1698 1306 1756 in

300 1786 429 1863 peccatis
452 1792 539 1857 sunt,
571 1802 626 1862 pro
655 1784 764 1862 quibus
791 1784 973 1847 dimittendis
1002 1785 1140 1866 offerunt,
1163 1793 1209 1860 ut,
1238 1802 1306 1845 eum

279 1870 463 1962 'obtulerint
484 1881 698 1950 acceptumque
720 1872 782 1933 Deo
805 1873 905 1953 luerit,
928 1881 999 1934 tuno
1023 1874 1215 1935 dimittantur.
1326 1885 1358 1933 15

676 2095 792 2162 orem
815 2096 933 2164 XXVI.

323 2227 370 2286 De
391 2227 569 2298 sacrificiis,
592 2243 671 2299 quae
693 2228 794 2285 sancti
816 2226 946 2299 offerent
968 2228 1033 2289 Deo
1054 2228 1100 2287 sie
1118 2230 1285 2302 placituro,

380 2332 439 2389 prro
461 2315 548 2374 modo
571 2316 603 2373 in
625 2315 730 2373 dietus
748 2317 889 2389 pristinis
911 2322 941 2375 et
963 2318 1051 2375 annis
1069 2316 1227 2390 prioribus

701 2405 895 2477 placuerunt.
1002 2416 1010 2423 “

388 2523 496 2584 Volens
514 2532 613 2585 autem
631 2522 710 2584 Deus
728 2524 886 2584 ostendere
905 2528 1051 2585 civitatem
1075 2543 1158 2585 suam
1181 2532 1252 2584 tuno
1275 2525 1307 2583 in
1326 2537 1359 2586 20

300 2618 358 2675 ista
384 2612 598 2674 consuetudine
627 2630 687 2672 non
715 2612 845 2672 loturam
869 2614 942 2674 dixit
966 2613 1039 2673 lilios
1062 2612 1132 2672 Levi
1155 2611 1306 2672 oblaturos

301 2703 412 2763 hostias
439 2703 470 2761 in
492 2702 619 2780 institia3
647 2718 706 2759 non
734 2718 805 2779 ergo
833 2703 863 2759 in
891 2710 1011 2780 peceato
1035 2719 1069 2762 ae
1092 2719 1145 2780 per
1168 2700 1224 2760 hoo
1247 2717 1307 2759 non

300 2809 355 2871 pro
384 2797 515 2869 peceato.
560 2786 643 2849 Unde
673 2787 802 2867 intellegi
831 2797 928 2868 potest
954 2792 985 2850 in
1015 2807 1050 2849 eo
1079 2789 1156 2867 qnod
1187 2797 1307 2849 secutus

299 2878 433 2939 adiunxit
455 2885 543 2955 atque
567 2879 620 2937 ait:
643 2877 684 2936 Et
701 2878 838 2952 placebit
859 2879 985 2938 Domino
1003 2880 1191 2951 socr-ilicium
1209 2878 1308 2938 Iudae

300 2974 332 3028 et
349 2966 549 3039 Hierusalem,
571 2969 652 3025 sicut
674 2966 779 3025 diebus
798 2968 937 3041 pristinis
960 2972 990 3026 et
1010 2970 1091 3026 sieut
1114 2969 1203 3025 annis
1221 2969 1306 3041 prio·
1327 2978 1359 3026 25

298 3055 400 3128 ribus,
424 3053 533 3114 frustra
557 3052 612 3112 sibi
635 3052 759 3112 ludaeos
782 3052 946 3113 seeundum
969 3053 1064 3132 legem
1087 3055 1195 3113 veteris
1219 3061 1305 3113 testa·

299 3144 392 3203 menti
423 3142 634 3201 sacrificiorum
665 3157 787 3200 suornm
814 3144 975 3220 praeterita
1002 3150 1135 3220 tempora
1165 3140 1306 3219 polliceri.

298 3230 366 3291 Non
389 3227 467 3289 enim
491 3238 562 3289 tune
585 3230 615 3287 in
638 3230 765 3309 institia,
789 3228 841 3289 sed
864 3231 895 3287 in
918 3232 1046 3309 peccatis
1069 3228 1180 3289 hostias
1204 3228 1306 3287 ollere·

299 3320 384 3400 bant,
411 3316 528 3396 qnando
556 3334 609 3395 pro
637 3320 766 3394 peccatis
793 3319 952 3396 praecipue
980 3335 1012 3376 ac
1041 3319 1179 3396 primitus
1202 3316 1306 3375 ollere·

298 3407 380 3486 bant,
403 3423 497 3485 usque
520 3403 593 3464 adeo
617 3413 650 3464 ut
668 3405 806 3465 sacerdos
830 3408 903 3485 ipse,
926 3423 1014 3483 quem
1037 3404 1180 3465 debemus
1204 3406 1305 3481 utique
1325 3418 1359 3465 so

371 3562 398 3627 s)
418 3565 441 3615 1.
461 3560 498 3613 10.
519 3563 543 3625 1,
561 3562 586 3612 e.

298 3697 512 3707 ,ῥά-...-

370 3771 501 3825 lindam
517 3768 634 3839 serp
655 3768 721 3839 iudp
740 3768 880 3837 alr31uds
898 3788 954 3840 epr
972 3772 981 3840 ΙΙ
1000 3776 1034 3825 24
1051 3772 1122 3825 lude
1140 3789 1156 3827 o
