3284 4459
348 482 389 545 38
747 494 769 535 s.
783 493 951 537 annosum

346 630 424 691 Sunt
445 628 554 691 mulne
572 632 728 708 variaeque
745 628 892 711 libidines,
915 645 1041 708 quarum
1063 626 1220 689 nonnullae
1243 626 1355 690 habent

346 720 434 779 etiam
456 716 596 781 vocabula
618 718 751 798 propria,
775 716 918 799 quaedam
940 733 1011 776 vero
1033 733 1094 777 uon
1116 714 1235 779 habent.
1279 715 1354 789 Quis

346 808 424 867 enim
449 805 533 867 facile
556 805 678 887 dixerit,
702 804 772 885 quid
795 813 919 867 vocetur
941 800 1031 865 libido
1054 802 1237 884 dominandi,
1265 821 1354 884 quam

345 903 443 955 umen
479 894 640 973 plurimum
681 894 778 955 valere
821 896 853 954 iu
894 901 1086 971 tyrannorum
1123 894 1229 953 animis
1265 895 1355 954 etiam

310 983 440 1045 boivilia
463 980 538 1043 bella
561 978 731 1045 testantur?

732 1170 849 1237 Garun
871 1169 960 1237 xvi

366 1284 413 1345 De
430 1285 564 1344 libidinis
587 1285 675 1353 moto,
698 1285 787 1342 cuius
811 1298 919 1343 nomen
942 1298 1012 1342 eum
1033 1280 1134 1343 madeo
1156 1285 1237 1343 nitito
1259 1300 1331 1346 con·

443 1378 551 1447 oront,
572 1374 700 1447 proprie
721 1370 972 1519 todtscgriddotdrdw
994 1371 1118 1431 obscero
1138 1373 1251 1431 coloris

291 1595 325 1644 10
433 1582 506 1643 Cum
536 1585 627 1661 igitur
659 1583 718 1641 sint
751 1580 910 1641 multarum
937 1579 1075 1641 libidines
1102 1599 1217 1662 rerum,
1245 1591 1354 1666 tamen,

344 1689 412 1731 cum
430 1669 520 1731 libido
539 1669 649 1731 dicitur
671 1687 768 1747 neque
792 1671 878 1729 ouius
902 1670 946 1729 rei
968 1667 1059 1730 libido
1082 1672 1121 1730 sit
1144 1669 1270 1752 additur,
1293 1689 1354 1732 nou

344 1759 406 1820 iere
430 1758 542 1821 adsolet
564 1760 661 1819 auimo
685 1775 846 1842 occurrere
870 1756 1013 1839 nisidio,
1037 1775 1094 1835 qua
1117 1756 1263 1819 obscenae
1285 1778 1353 1840 par·

343 1856 389 1908 tes
412 1849 546 1926 corporis
575 1848 750 1907 excitantur.
795 1843 875 1905 Haec
905 1853 1004 1905 autem
1027 1844 1166 1907 sibinen
1190 1848 1286 1908 solum
1309 1856 1353 1908 to-

343 1944 406 1997 tum
434 1954 543 2015 corpus
566 1952 621 1996 nec
650 1932 746 1995 solum
774 1935 973 2015 extrinsecus,
1000 1951 1105 1993 verum
1136 1937 1223 1995 etiam
1246 1938 1353 1996 intrin-

292 2035 325 2083 15
344 2042 432 2085 secus
453 2023 581 2084 vindicat
608 2030 774 2101 totumque·
792 2029 956 2081 commovet
979 2020 1129 2081 homiuem
1152 2026 1242 2083 animi
1265 2024 1354 2085 simul

344 2113 450 2173 affectu
474 2130 542 2172 oum
565 2113 662 2171 caruis
686 2112 818 2189 appetitu
842 2109 1001 2176 coniuncto
1024 2118 1112 2189 atque
1136 2113 1296 2193 permixto,
1320 2121 1355 2173 ut

345 2218 377 2261 ea
400 2200 534 2279 voluptas
558 2207 713 2279 sequatur,
740 2216 798 2277 qua
826 2199 919 2257 maior
941 2199 972 2257 in
995 2198 1130 2277 corporis
1153 2198 1354 2279 voluptatibus

344 2286 423 2349 nulla
442 2295 500 2368 est3
523 2290 564 2348 ita
582 2294 616 2347 ut
635 2295 784 2347 momento
803 2286 867 2365 ipso
886 2288 1037 2366 temporis,
1060 2304 1120 2364 quo
1139 2285 1175 2347 ad
1198 2290 1262 2348 eins
1284 2307 1353 2368 per·

344 2378 461 2437 venitur
479 2384 653 2456 extremum,
675 2392 769 2454 paene
788 2375 884 2434 omnis
902 2376 980 2434 acies
999 2381 1029 2434 et
1047 2376 1132 2455 quasi
1154 2375 1251 2453 vigilia
1274 2379 1355 2457 cogi·

290 2476 325 2524 20
344 2466 463 2526 tationis
492 2462 645 2525 obruatur.
690 2462 764 2533 Quis
791 2470 890 2522 autem
918 2464 1031 2523 amicus
1052 2464 1213 2541 sapientiae
1237 2474 1353 2526 saucto-

343 2568 477 2631 rumque·
502 2550 677 2631 gaudiorum
709 2550 892 2629 coniugalem
924 2567 1014 2630 agens
1042 2552 1143 2632 vitam,
1175 2551 1244 2633 sed,
1275 2554 1354 2614 sicut

344 2640 494 2720 apostolus
517 2640 646 2720 monuit,
674 2642 773 2700 sciens
799 2655 887 2699 suum
910 2656 964 2698 vor
982 2640 1140 2715 possidere
1163 2642 1195 2701 in
1217 2644 1353 2716 sonctifi-

345 2731 464 2789 catione
483 2735 513 2789 et
530 2730 653 2802 bonore,
676 2743 736 2787 non
756 2730 787 2787 in
805 2728 909 2787 morbo
928 2727 1081 2801 desiderii,
1099 2731 1181 2788 sicut
1196 2735 1354 2807 eruentes,

345 2834 424 2893 quae
443 2820 589 2891 inrorant
605 2817 711 2889 Deum,
735 2832 794 2874 non
814 2814 921 2894 maiiet,
944 2816 969 2874 si
991 2823 1102 2895 posset,
1124 2816 1187 2875 sine
1210 2814 1266 2878 hac
1288 2816 1353 2878 libi·

292 2917 326 2965 25
345 2904 412 2965 dine
445 2904 521 2965 tilios
553 2920 728 2984 procreare,
760 2909 794 2962 ut
826 2904 913 2965 etiam
942 2904 972 2962 in
1004 2902 1061 2963 hoc
1088 2903 1231 2964 serendae
1260 2905 1354 2985 prolis

345 2993 443 3053 officio
466 2994 509 3054 sic
539 2994 604 3053 eius
627 2993 720 3053 menti
743 3008 790 3071 ea,
818 3009 892 3068 quae
917 2990 952 3051 ad
975 2990 1031 3050 boc
1054 3009 1130 3070 opus
1153 3000 1252 3053 creata
1275 3002 1354 3075 suut,

345 3099 433 3161 quem
457 3078 635 3141 admodum
659 3086 757 3153 cetera
788 3080 851 3139 suis
874 3096 1008 3157 qiracque
1032 3078 1173 3160 operibus
1195 3079 1354 3143 distributa

345 3167 476 3229 membra
491 3170 646 3248 servirent,
669 3175 745 3228 nutu
758 3166 918 3227 voluntatis
937 3175 1010 3248 acta,
1033 3184 1093 3228 uon
1117 3177 1200 3230 aestu
1223 3168 1355 3232 libidinis

345 3252 486 3319 incitata?
519 3255 577 3317 Sed
607 3272 704 3334 neque
731 3256 788 3335 ipsi
821 3262 967 3316 amatores
994 3254 1083 3315 huius
1110 3256 1268 3336 voluptatis
1291 3260 1354 3321 sire

289 3357 326 3407 30
345 3343 381 3405 ad
409 3343 585 3405 concubitus
612 3342 781 3423 coniugales
808 3345 869 3403 sire
897 3341 933 3403 ad
961 3343 1152 3405 inmunditias
1174 3344 1355 3424 flagitiorum

345 3450 412 3493 cum
431 3432 580 3493 voluerint
597 3437 834 3511 commoventur3
857 3431 908 3491 sed
927 3430 1083 3510 aliquando
1105 3434 1285 3515 inportunus
1308 3443 1355 3497 est

415 3570 460 3635 24)
481 3573 504 3620 1.
523 3566 620 3619 Thess.
639 3572 665 3633 4,
683 3571 701 3621 4
719 3582 759 3634 ιᾳ.

341 3692 556 3702 -.-..-----

415 3764 432 3813 8
451 3758 564 3812 obsceni
582 3756 682 3813 caloris
702 3758 789 3826 Uos.
803 3775 826 3815 c.
840 3760 879 3813 26
892 3757 986 3827 med.);
1005 3756 1134 3813 obscenis
1152 3760 1275 3829 corporis
1289 3779 1355 3832 pqo
