3284 4459
725 468 746 508 S.
760 467 924 510 anausim

719 667 836 734 Cornu
855 668 928 734 VII.

318 797 365 858 De
392 800 580 875 disruptione
606 801 697 872 repni
718 799 898 876 israelitici,
921 814 982 871 quo
1001 800 1238 873 praeripurvtur
1257 816 1328 873 per·

368 893 463 962 petuo
486 888 592 946 divisio
617 886 743 947 Israelis
764 889 913 962 spiritalis
937 887 976 945 oi
1000 886 1116 946 Isruele
1139 889 1270 947 cornuti.
1296 965 1320 972 ..

407 1009 522 1070 Rursus
549 1011 681 1088 peccavit
704 1009 774 1070 Saul
800 1028 855 1088 per
877 1009 1140 1090 inoboedientiam,
1169 1017 1199 1069 et
1222 1027 1330 1070 rursus

284 1111 299 1158 5
321 1097 439 1158 Samuel
466 1100 497 1157 in
525 1097 614 1158 verbo
638 1097 756 1158 Domini
782 1100 823 1158 ait
850 1097 906 1158 illi:
938 1099 1016 1170 Ouio
1042 1101 1184 1173 sprevisti
1204 1099 1330 1158 verbnm

319 1188 448 1260 Domini,
470 1189 585 1262 sprevit
602 1193 632 1246 te
649 1187 802 1261 Dominus,
827 1193 941 1248 utnon
964 1188 1006 1246 sis
1027 1203 1087 1246 rev
1109 1190 1201 1262 super
1220 1187 1329 1247 Israel.

318 1274 358 1336 Et
379 1292 486 1334 rursus
513 1292 568 1353 pro
596 1274 700 1334 eodem
727 1282 864 1354 peccato,
893 1293 961 1334 cum
989 1273 1018 1334 id
1042 1274 1235 1334 confiteretur
1259 1273 1330 1335 Saul

319 1365 487 1423 streniam
510 1372 684 1440 precaretur
707 1371 884 1440 rogaretque
910 1361 1085 1442 Samuelem,
1108 1372 1142 1422 ut
1165 1371 1329 1423 revertere·

318 1460 369 1512 tur
392 1469 460 1510 cum
482 1449 532 1510 illo
555 1451 591 1511 ad
618 1451 793 1529 placandum
816 1451 923 1511 Deum:
950 1453 1017 1512 Non
1040 1458 1195 1526 revertor,
1223 1453 1331 1530 inquit,

268 1553 300 1602 10
319 1548 436 1610 tecum,·
473 1543 546 1614 quio
580 1542 723 1616 sprevisti
758 1541 882 1600 verbum
914 1540 1049 1612 Domini,
1087 1546 1117 1600 et
1145 1547 1269 1615 spernet
1301 1547 1331 1600 te

319 1629 473 1702 Dominus,
496 1646 535 1688 ne
557 1631 599 1688 sis
620 1646 680 1688 rev
702 1645 794 1707 super
817 1629 924 1688 Israel.
970 1629 1011 1687 Et
1033 1632 1184 1688 convertit
1205 1627 1332 1688 Samuel

315 1716 430 1792 sociem
447 1734 551 1795 suum,
574 1723 608 1776 ut
630 1717 747 1786 obirem
774 1725 803 1776 et
826 1719 923 1776 tenuit
944 1717 1022 1776 Saul
1039 1719 1198 1792 pinnulam
1222 1719 1328 1792 diploi-

319 1808 366 1868 dis
397 1807 463 1866 eius
495 1811 525 1865 et
556 1807 687 1880 disrupit
717 1821 792 1864 eum.
838 1805 879 1863 Et
909 1806 990 1864 dixit
1021 1807 1064 1882 ud
1094 1821 1162 1864 eum
1192 1804 1330 1865 Samuel:

319 1895 460 1969 Disrupit
477 1893 623 1953 Dominus
645 1909 772 1966 repnum
795 1893 834 1952 ulo
863 1892 965 1952 lsrael
986 1894 1025 1952 de
1046 1910 1138 1953 monu
1161 1901 1215 1953 tuo
1237 1895 1331 1954 ivodio

268 1994 300 2042 15
320 1990 350 2043 et
372 1983 458 2041 vovit
480 1984 622 2058 proximo
652 1988 703 2039 tuo
727 1981 802 2041 bono
825 1987 978 2056 superte,
1002 1988 1031 2042 et
1053 1983 1206 2041 divinetur
1229 1982 1334 2042 Israel

319 2073 351 2130 in
375 2072 452 2141 dum
479 2076 510 2132 et
530 2086 591 2130 non
613 2075 808 2129 convertetur
834 2085 934 2142 neque
959 2071 1128 2144 poenitebit
1151 2087 1234 2140 eum;
1256 2087 1328 2144 quo·

319 2162 402 2220 nium
424 2175 485 2219 non
507 2165 552 2218 est
573 2161 653 2217 sieut
673 2158 774 2230 itomo,
802 2164 837 2216 ut
853 2159 1012 2233 poenitent
1035 2174 1120 2229 eum;
1145 2161 1210 2234 ipse
1233 2161 1329 2218 minu-

320 2256 379 2322 tur,
403 2253 433 2308 et
449 2264 510 2307 non
525 2251 692 2321 permonet.
728 2244 797 2325 Iste,
820 2246 870 2304 cui
888 2244 1010 2305 dicitur:
1034 2245 1164 2320 Spernet
1181 2254 1211 2306 te
1228 2247 1329 2306 Domi-

319 2353 389 2409 nus,
426 2352 465 2394 ne
495 2337 537 2394 sis
573 2351 631 2394 reve
666 2350 761 2410 super
792 2332 905 2413 lsrael,
937 2340 980 2392 et:
1012 2334 1153 2409 Disrupit
1183 2335 1332 2395 Dominus

268 2436 301 2483 20
320 2441 448 2498 repnum
466 2424 505 2482 vlt
524 2422 626 2482 Israel
642 2423 680 2481 de
702 2439 793 2481 mvnu
812 2429 866 2482 tuu
888 2423 986 2494 toute,
1011 2419 1202 2499 quadraginta
1225 2440 1328 2500 regua-

321 2514 362 2571 vit
394 2529 486 2570 annos
523 2528 614 2588 super
646 2508 753 2590 lsrael,
792 2519 873 2569 tanto
906 2509 1019 2569 scilicet
1051 2511 1144 2588 spatio
1177 2511 1332 2591 temporis,

323 2608 432 2678 quanto
451 2606 481 2659 et
499 2599 563 2676 ipse
581 2596 685 2678 DaviD,
708 2606 739 2657 et
757 2597 868 2658 audivit
890 2597 947 2658 hoc
965 2599 1061 2676 primo
1087 2607 1220 2676 tempore
1243 2601 1328 2677 regni

321 2689 380 2767 sui3
407 2695 442 2746 ut
469 2685 672 2765 intellegamus
700 2685 766 2746 ideo
790 2686 916 2766 dictum,
949 2687 1017 2763 quia
1045 2685 1143 2746 nullus
1172 2686 1208 2746 de
1236 2688 1330 2766 stirpe

320 2778 385 2834 eius
413 2775 517 2836 iuerat
536 2784 727 2854 regnaturus,
753 2784 784 2834 et
806 2776 1001 2853 respiciamus
1024 2773 1059 2833 ad
1084 2776 1206 2852 stirpem
1230 2773 1332 2856 David,

269 2876 303 2924 25
322 2862 401 2923 unde
420 2871 541 2922 exortus
560 2872 606 2922 est
624 2863 786 2922 secundum
806 2881 926 2922 carnem
944 2862 1089 2922 mediator
1107 2861 1161 2922 Dei
1184 2871 1214 2923 et
1236 2862 1329 2922 homi·

320 2970 402 3032 num,
423 2950 511 3010 homo
535 2949 670 3010 Christus
693 2949 784 3010 lesus.

409 3038 475 3098 Non
494 3046 592 3099 autem
611 3037 699 3098 habet
718 3039 874 3118 scriptura,
897 3037 974 3116 quod
994 3039 1025 3097 in
1048 3037 1198 3117 plerisque
1217 3037 1332 3110 Latinis

321 3127 473 3188 codicibus
506 3126 627 3204 legitur:
658 3127 799 3203 Disrupit
830 3127 975 3188 Dominus
1008 3143 1136 3201 repnum
1163 3128 1265 3187 Isruei
1292 3130 1333 3188 de

321 3234 413 3276 manu
441 3224 512 3285 tuu;
544 3214 596 3274 sed
627 3216 705 3274 sicut
732 3232 748 3273 a
776 3213 862 3274 nohis
889 3216 1018 3292 positum
1046 3222 1092 3273 est
1118 3216 1272 3274 inventum
1292 3217 1330 3278 ¹in

269 3317 303 3365 30
323 3303 456 3365 Graecis:
484 3303 623 3379 Disrupit
649 3303 794 3362 Dominus
821 3319 949 3378 reanum
981 3303 1020 3362 uli
1048 3303 1149 3364 Isruel
1174 3305 1212 3363 tte
1237 3319 1332 3364 manu

393 3407 436 3474 rs)
457 3413 480 3459 1.
496 3406 568 3460 Sam.
590 3414 631 3474 15,
646 3413 750 3477 vssqq.
806 3413 850 3476 ro)
871 3415 894 3462 1.
909 3409 979 3464 Tim.
1000 3415 1025 3478 n,
1040 3417 1064 3463 v.

393 3543 426 3589 10
445 3541 558 3606 spernet
571 3541 712 3608 AFupv3
731 3541 839 3610 spernit
852 3558 882 3611 93
902 3543 1009 3612 spreuit
1023 3541 1122 3597 neve
1142 3541 1200 3608 (sed
1213 3543 1247 3608 cf.
1260 3544 1307 3607 18)
1322 3543 1334 3610 ΙΙ

322 3612 355 3659 17
374 3609 458 3662 uerba
476 3609 537 3678 ipse
551 3641 585 3651 -
599 3615 746 3680 permanet
760 3614 806 3680 (of.
820 3615 886 3678 222,
899 3618 928 3680 6)
948 3629 1005 3667 non
1022 3615 1079 3666 iam
1096 3613 1207 3667 suntin
1220 3611 1310 3666 LXX
1322 3613 1333 3682 l

323 3682 355 3731 18
375 3679 482 3802 spgtmit
495 3680 618 3751 RFepp
631 3684 641 3751 l
654 3684 683 3736 ie
701 3699 751 3737 om,
765 3700 782 3736 v
795 3686 804 3752 l
820 3688 853 3736 19
863 3688 931 3738 et30
950 3683 1107 3752 disrumpet
1123 3683 1189 3737 Gne
1203 3685 1212 3752 ΙΙ
1226 3688 1260 3736 28
1275 3682 1331 3734 ‹lia-

320 3766 401 3817 rump
450 3766 486 3804 oe
