3284 4459
562 514 603 553 nu
616 512 760 554 cmmsun
774 513 827 553 nm
841 512 866 553 u.
881 512 931 555 xx.
945 513 969 554 e.
984 514 1009 553 ss
1229 500 1294 562 447

284 653 316 710 in
341 651 419 709 diem
442 650 551 709 indicii
576 656 607 709 et
629 650 812 725 perditionis
840 650 992 709 dominum
1016 651 1183 725 impiorum.
1229 650 1295 709 Hoc

283 755 378 798 unum
396 754 468 798 uero
485 754 546 797 non
565 740 661 798 lateat
677 754 736 810 aas,
760 739 920 816 carissimi,
939 739 1012 812 quia
1029 754 1109 798 unus
1130 738 1194 797 dies
1212 740 1297 813 apud

284 828 446 888 Dominum
467 828 548 886 sicut
569 828 648 886 mitte
671 828 747 885 anni
768 831 799 885 et
820 828 900 886 mille
923 828 999 885 anni
1018 828 1099 886 sicem
1121 827 1185 885 dies
1207 843 1294 886 unus.

284 916 351 976 Nan
371 915 476 974 tardat
493 914 639 975 Dominus
657 916 847 989 promissum,
870 916 951 974 sieut
971 914 1095 988 auidam
1119 915 1294 974 tarditatem

284 1006 476 1074 existimant;
496 1004 554 1063 sed
562 1005 716 1078 patienter
730 999 796 1077 sert
814 1008 943 1078 propter
960 1018 1019 1076 oos,
1042 1005 1146 1062 nolens
1164 1004 1294 1075 aliquem
1312 1010 1329 1058 n

281 1094 404 1171 perire,
439 1092 494 1151 sed
528 1108 629 1152 omnes
665 1094 696 1151 in
730 1093 950 1166 paenitentiam
986 1092 1129 1151 concerti.
1191 1089 1295 1151 Veniet

285 1186 385 1240 antem
414 1181 478 1240 dies
500 1179 623 1239 Domini
647 1178 773 1254 atsur,
802 1182 833 1239 in
861 1195 920 1253 quo
948 1181 1029 1239 caeti
1049 1194 1158 1253 mapno
1182 1180 1293 1255 impetu

285 1274 519 1347 transcurrent,
554 1271 701 1328 elementa
738 1273 838 1326 antem
870 1267 1014 1327 ardentia
1044 1268 1233 1327 resolventur
1265 1273 1296 1327 et

285 1361 427 1417 terrast
451 1372 531 1430 qaae
557 1358 590 1416 in
617 1359 684 1431 ipsa
706 1362 777 1415 sunt
798 1372 894 1430 opero
917 1362 1095 1415 exurentur.
1141 1355 1196 1415 His
1219 1372 1293 1429 erpo

285 1445 422 1506 omnibus
447 1444 646 1520 pereuntibus
672 1447 777 1519 quates
804 1450 922 1519 oportet
948 1460 1013 1504 esse
1040 1460 1091 1503 uos
1119 1446 1151 1503 in
1179 1446 1294 1505 sanctis
1314 1451 1348 1499 10

285 1533 566 1594 conversationibus
592 1539 786 1608 expectantes
813 1538 845 1592 et
862 1538 1063 1608 properantes
1087 1533 1130 1592 ad
1147 1548 1292 1607 praesen·

286 1624 360 1682 tium
383 1622 447 1681 diei
466 1621 600 1696 Domini,
626 1638 686 1696 per
708 1636 799 1695 quam
821 1624 902 1681 caeti
923 1622 1067 1681 ardentes
1089 1622 1242 1681 solventur
1264 1628 1294 1681 et

286 1712 432 1771 ammenta
455 1712 535 1784 ionis
563 1710 678 1770 ardore
705 1711 934 1783 decoquentur?
979 1709 1076 1769 Nanos
1099 1726 1170 1769 aero
1194 1711 1294 1770 caelm

285 1806 317 1859 ct
338 1804 454 1859 terram
476 1813 583 1858 nouam
609 1800 774 1857 secundum
798 1800 950 1873 promissa
973 1800 1068 1873 ipsias
1091 1804 1292 1876 expectamus,

287 1890 319 1946 in
348 1886 457 1959 quibus
489 1888 605 1946 iustitia
635 1886 793 1946 inhabitat.
840 1883 917 1944 Nihil
946 1884 995 1944 hio
1025 1885 1098 1945 dixit
1127 1884 1163 1945 de
1193 1892 1349 1946 nesus-15

287 1977 420 2034 sectione
439 1982 634 2052 mortuorum,
657 1972 709 2032 sed
732 1990 802 2033 sane
826 1972 863 2033 de
886 1972 1054 2051 perditione
1078 1972 1180 2033 mundi
1203 1973 1292 2035 huius

287 2063 367 2122 satis.
413 2060 469 2123 Ubi
492 2063 580 2121 etiam
603 2078 837 2121 commemorans
860 2061 971 2121 iactum
995 2069 1062 2121 ante
1086 2060 1229 2122 diluvium
1252 2064 1292 2121 vi-

288 2150 376 2210 detur
399 2149 586 2211 admonuisse
614 2148 741 2226 quodam
768 2148 870 2230 modo,
899 2158 1047 2227 quatenus
1070 2150 1100 2208 in
1124 2150 1182 2211 fine
1205 2149 1293 2210 huius

288 2236 400 2299 saeculi
426 2237 569 2297 mundum
598 2238 688 2297 istum
715 2240 882 2315 periturum
915 2254 980 2297 esse
1011 2237 1174 2298 credamus.
1220 2236 1293 2297 Nom

288 2334 319 2387 et
346 2325 396 2385 illo
425 2334 559 2405 tempore
586 2327 700 2404 perisse
728 2324 816 2403 dixit,
846 2327 898 2403 qui
926 2334 998 2386 tuno
1028 2332 1107 2406 enat,
1137 2325 1294 2406 mundum,
1314 2331 1349 2379 20

288 2432 345 2476 neo
367 2413 464 2475 solum
486 2412 589 2473 orbem
617 2419 729 2494 terroe,
756 2430 859 2473 verum
887 2415 975 2473 etiam
999 2411 1110 2487 caelos,
1138 2431 1213 2491 quos
1237 2415 1293 2474 uti·

290 2521 347 2582 que
375 2504 449 2563 istos
477 2502 573 2562 aerios
595 2499 807 2579 intellegimus,
839 2519 966 2580 qumum
988 2501 1086 2561 locum
1110 2519 1143 2561 aa
1166 2503 1294 2580 spatium

289 2600 362 2652 tune
385 2608 460 2669 aqua
489 2589 650 2650 crescendo
678 2599 877 2668 superaverat.
922 2588 1000 2669 Ergo
1024 2597 1105 2650 totns
1128 2598 1179 2650 aut
1200 2607 1294 2669 poene

288 2685 370 2741 tatus
400 2696 451 2739 aer
478 2679 534 2739 iste
561 2686 703 2738 ventosus
731 2670 826 2758 (quod
854 2677 968 2739 caelum
995 2677 1041 2738 vel
1068 2680 1168 2758 potius
1197 2678 1294 2738 coelos

289 2775 383 2850 vocnt,
405 2766 458 2827 sed
481 2768 585 2845 utique
608 2768 682 2827 istos
705 2768 793 2846 imos,
817 2784 877 2826 non
900 2765 965 2826 illos
989 2784 1153 2847 supremos,
1176 2764 1228 2828 ubi
1250 2765 1294 2827 sol
1313 2771 1349 2819 ‘25

289 2866 320 2917 et
349 2855 418 2916 luna
451 2861 482 2915 et
511 2854 608 2915 sidero
639 2856 799 2915 constituto
830 2848 915 2936 sont)
946 2872 1107 2915 convensus
1136 2855 1234 2915 iuerat
1263 2856 1293 2915 in

289 2943 419 3005 umidam
447 2942 618 3020 qualitatem
645 2950 733 3021 atque
765 2942 820 3002 hoe
848 2942 934 3002 modo
963 2961 1032 3003 cum
1054 2950 1133 3003 terna
1156 2945 1294 3024 perierat,

290 3034 376 3093 ouius
396 3039 492 3092 ternae
513 3032 615 3109 ntique
633 3032 716 3109 prior
734 3030 825 3090 iacies
844 3031 941 3090 iuerat
959 3031 1053 3092 deleto
1077 3030 1194 3091 diluvio.
1237 3034 1297 3105 Qui

290 3127 391 3181 autem
407 3138 490 3180 nune
507 3126 585 3195 sunt,
609 3120 714 3198 inquit,
736 3121 817 3179 caeli
838 3126 868 3179 et
890 3127 984 3193 terra,
1008 3122 1110 3180 codem
1132 3120 1224 3180 uerba
1246 3138 1294 3180 re·

286 3210 381 3284 positi
396 3214 475 3283 sunt,
499 3209 564 3283 ipni
579 3208 761 3268 reservandi
782 3210 814 3267 in
834 3208 912 3267 diem
935 3209 1044 3268 iudicii
1065 3212 1096 3268 et
1112 3209 1295 3283 perditionis
1314 3212 1349 3260 30

290 3298 442 3358 dominum
465 3298 632 3371 impiorum.
677 3293 805 3354 Proinde
830 3296 881 3373 qui
904 3294 978 3354 coeli
1001 3303 1031 3354 et
1053 3311 1129 3373 quiae
1152 3302 1241 3375 terna,
1264 3294 1294 3355 id

292 3389 353 3464 est,
386 3386 436 3461 qui
463 3381 592 3443 mundus
620 3401 674 3462 pro
697 3400 733 3443 eo
758 3383 883 3464 mundo,
916 3384 967 3461 qui
990 3382 1099 3442 diluvio
1122 3384 1226 3463 periit,
1258 3401 1295 3443 ex

292 3469 493 3550 eademnque
516 3475 665 3550 repositus
689 3480 749 3547 est,
773 3473 836 3550 ipse
860 3473 921 3549 igni
944 3473 1102 3531 novissimo
1126 3478 1295 3530 reservatur

291 3562 323 3619 in
347 3558 423 3619 diem
446 3559 549 3620 iudicii
577 3567 607 3621 et
634 3560 811 3640 perditionis
835 3559 986 3619 hominum
1009 3560 1176 3636 impiorum.
1221 3558 1294 3618 Nam

290 3655 321 3708 et
340 3646 491 3708 hominum
511 3655 633 3727 psopter
651 3665 786 3726 magnam
801 3646 946 3725 qunandam
961 3649 1220 3708 commutationem
1235 3664 1293 3708 non
1314 3649 1349 3697 35

362 3784 407 3851 tn)
425 3788 450 3837 i.
468 3782 542 3839 Petr.
562 3788 587 3851 3,
605 3788 622 3837 8
641 3800 700 3853 sqq.
