3284 4459
750 489 771 532 S.
784 489 949 533 auausum

738 689 854 757 (larua
873 689 961 757 XIV.

683 819 728 880 De
751 819 896 894 theologis
914 820 1019 895 poeto.

436 941 591 1004 Periclem
610 940 958 1021 temporisintervallum
981 943 1144 1002 extiterunt
1166 950 1281 1024 poetae,
1303 946 1357 1021 qni
1458 1004 1459 1013 ,

348 1033 441 1091 etiam
458 1030 587 1109 theologi
609 1029 791 1111 dicerentur,
814 1031 952 1107 quoniam
975 1029 1012 1090 de
1036 1028 1092 1089 diis
1115 1033 1245 1090 earmina
1268 1032 1356 1092 facie·
1458 1048 1459 1061 ¹

313 1118 434 1200 thant,
466 1118 518 1179 sed
546 1117 654 1179 talibus
681 1117 753 1199 diis,
786 1119 837 1196 qui
860 1116 929 1178 licet
953 1119 1050 1196 magni
1073 1117 1224 1197 homines,
1257 1128 1357 1180 tamen

269 1285 270 1290 ἵ
347 1205 482 1268 homines
509 1206 633 1268 luerunt
660 1215 710 1266 aut
737 1206 840 1266 mundi
863 1205 965 1286 huius,
988 1224 1076 1284 quem
1099 1225 1188 1266 verus
1212 1206 1290 1267 Deus
1314 1207 1357 1266 f-

348 1297 403 1372 cit,
436 1295 579 1355 elementa
615 1303 685 1354 sunt
714 1302 764 1354 aut
791 1296 823 1354 in
850 1293 1065 1374 principatibus
1096 1303 1126 1355 et
1157 1294 1357 1374 potestatibus
1458 1340 1459 1363 ,

347 1401 402 1464 pro
434 1383 583 1443 voluntate
616 1380 765 1442 Creatoris
797 1388 828 1443 et
859 1385 921 1442 suis
953 1384 1067 1442 meritis
1098 1383 1240 1464 ordinati,
1270 1392 1301 1444 et
1331 1385 1359 1444 si

348 1470 417 1549 quid
448 1470 485 1530 de
516 1489 575 1531 uno
606 1487 675 1530 vero
705 1468 766 1530 Deo
798 1472 876 1530 inter
905 1469 996 1530 multa
1027 1488 1099 1530 vana
1127 1479 1157 1530 et
1185 1471 1256 1532 ialsa
1279 1474 1358 1532 ceci·

298 1571 330 1621 10
349 1561 461 1638 norint,
489 1556 611 1618 colendo
643 1575 710 1618 cum
738 1556 786 1619 illo
810 1556 896 1640 alios,
924 1560 975 1637 qui
998 1558 1039 1618 dii
1062 1577 1122 1619 non
1145 1568 1228 1640 sunt,
1251 1562 1358 1638 eisque

350 1644 514 1706 exhibendo
534 1644 716 1724 famulatum,
740 1647 790 1724 qui
806 1647 859 1707 uni
875 1655 990 1707 tantum
1007 1646 1133 1707 debetur
1151 1645 1224 1727 Deo,
1246 1666 1304 1708 non
1328 1651 1360 1708 ei

348 1736 451 1813 utique
471 1736 528 1794 rite
550 1736 717 1794 servierunt
739 1750 794 1794 nec
817 1752 834 1793 a
857 1733 989 1794 fabuloso
1013 1734 1137 1796 deorum
1160 1753 1283 1795 suorum
1305 1735 1359 1796 de·

349 1822 456 1883 decore
486 1824 574 1882 etiam
607 1823 664 1902 ipsi
698 1840 730 1882 se
766 1821 914 1882 abstinere
944 1831 1106 1902 potuerunt
1136 1857 1177 1866 -
1209 1821 1360 1907 Orpheus,
1458 1832 1459 1839 ’

349 1910 495 1991 Musaeus,
519 1908 618 1970 Linus.
664 1907 773 1971 Verum
790 1912 842 1971 isti
864 1909 993 1989 theologi
1016 1911 1087 1971 deos
1106 1911 1272 1993 coluerunt,
1296 1931 1358 1973 non

298 2013 329 2061 15
349 2017 404 2079 pro
432 1999 488 2060 diis
517 1997 589 2060 culti
616 2005 698 2078 sunt3
726 2000 859 2077 quamvis
883 1996 1033 2077 Orpheum
1062 2002 1161 2060 nescio
1186 2001 1360 2078 quomodo
1458 2012 1459 2015 ’

350 2088 474 2147 internis
498 2088 589 2148 sacris
613 2085 657 2146 rel
680 2088 779 2165 potins
803 2085 964 2165 sacrilegiis
987 2088 1147 2166 praeficere
1171 2089 1263 2151 soleat
1286 2091 1358 2149 civi·

349 2184 394 2236 tas
416 2175 584 2254 impiorum.
629 2172 709 2236 Uxor
732 2183 831 2234 autem
854 2177 933 2252 regis
956 2174 1150 2257 Athamantis,
1173 2194 1248 2255 quae
1272 2195 1359 2238 roca-

349 2262 436 2323 batur
463 2261 529 2343 lno,
557 2270 587 2322 et
614 2264 678 2322 eius
707 2261 784 2322 lilius
807 2261 973 2323 Melicertes
996 2265 1168 2343 praecipitio
1193 2274 1359 2344 spontaneo

349 2353 380 2410 in
413 2353 487 2410 mari
519 2352 673 2430 perierunt
706 2359 736 2410 et
763 2352 901 2429 opinione
931 2350 1082 2413 hominum
1111 2355 1141 2413 in
1171 2352 1243 2413 deos
1270 2353 1360 2415 relati

296 2452 330 2512 ao
350 2445 429 2520 sunt,
452 2441 529 2499 sicut
552 2437 600 2498 alii
622 2438 756 2498 homines
780 2455 883 2498 eorum
907 2447 1088 2521 temporum,
1112 2439 1215 2500 Castor
1238 2450 1268 2502 ct
1290 2441 1357 2502 Pol-

349 2527 408 2587 lux.
460 2525 541 2587 lllam
572 2543 641 2586 sane
674 2524 834 2586 Melicertis
866 2535 990 2586 matrem
1022 2525 1211 2589 Leucothean
1242 2527 1358 2611 Gracci,

349 2615 490 2677 Matutam
508 2614 606 2677 Latini
628 2621 814 2692 rocaverunt,
838 2617 957 2692 utrique
980 2620 1079 2675 tamen
1101 2622 1240 2694 putantes
1264 2613 1359 2674 deam.

749 2801 867 2868 Ourna
889 2802 960 2868 XV.

350 2933 396 2992 De
419 2949 531 2993 occasa
553 2935 644 3007 regni
661 2932 854 3007 Argivorum,
877 2947 936 3006 qao
960 2938 1093 3008 tempore
1115 2934 1200 3008 apud
1219 2931 1358 2992 Lauren·

297 3032 330 3082 26
350 3028 395 3080 tes
413 3021 507 3082 Picus
525 3020 654 3080 Saturni
672 3023 757 3094 filius
778 3037 907 3095 regnum
929 3015 1077 3098 (patris)
1087 3025 1211 3097 primm
1229 3023 1358 3098 occepit.

437 3141 495 3203 Per
513 3161 548 3204 ca
565 3149 698 3222 tempora
717 3161 842 3222 regnum
860 3142 977 3203 linitum
996 3150 1042 3203 ost
1059 3142 1242 3223 Argivorum,
1261 3149 1358 3204 trans·
1458 3138 1459 3147 ’

350 3230 441 3292 latum
465 3231 501 3293 ad
524 3231 668 3312 Mycenas,
690 3231 768 3292 unde
793 3230 850 3292 fuit
867 3230 1076 3309 Agamemnon,
1099 3239 1130 3291 et
1152 3238 1288 3292 exortum
1312 3240 1360 3293 est

350 3339 475 3399 regnum
497 3320 689 3398 laurentum,
716 3319 769 3380 ubi
792 3319 914 3380 Saturni
936 3319 1014 3380 lilius
1037 3319 1125 3380 Picus
1148 3338 1273 3399 regnum
1295 3322 1357 3400 pri·

350 3428 416 3470 mus
448 3411 574 3490 accepit,
606 3408 755 3469 iudicante
787 3407 865 3489 apud
891 3407 1041 3469 Hebraeos
1074 3408 1182 3469 semina
1208 3407 1356 3490 Debbora3

421 3529 465 3596 aa)
482 3525 568 3580 tucio.
589 3532 613 3581 a.

420 3673 500 3736 lagg.
529 3667 585 3735 dis,
614 3667 644 3720 di
668 3668 696 3724 R
718 3669 727 3738 ΙΙ
750 3673 765 3720 9
792 3666 945 3721 cecinerint
967 3666 1009 3732 R3
1038 3665 1198 3720 cecinerunt
1224 3666 1282 3721 rell.
1309 3667 1359 3736 ol

351 3743 383 3791 17
403 3737 507 3792 atham.
526 3737 576 3804 hc;
595 3737 760 3804 adamarit.
776 3739 833 3807 1125
851 3738 941 3806 patris
960 3753 1010 3791 ora.
1029 3737 1079 3806 ἴω
1097 3738 1131 3804 of.
1150 3741 1189 3791 28
