3284 4459
587 488 627 527 nn
640 486 784 527 emendo
797 487 852 526 oni
865 487 891 526 n.
905 487 982 526 xm.
995 486 1018 527 c.
1033 489 1051 526 e.
1262 472 1328 537 555

322 624 461 683 sauciatis
484 628 514 682 et
536 639 623 700 asper
647 619 772 699 quodam
796 620 884 680 modo
908 639 944 680 ex
967 622 1032 681 miti
1054 629 1084 681 et
1106 639 1143 681 ex
1166 620 1331 682 delectabili

321 711 463 772 molestus
486 710 628 789 efficitur,
658 711 813 787 cumipse
838 708 914 787 apud
938 726 970 769 se
993 710 1090 788 ipsum
1115 718 1230 769 maneat
1252 710 1331 770 idem

322 801 373 877 qui
396 799 459 859 fuit.
506 797 620 858 Dicitur
643 799 732 857 etiam
755 796 891 857 voluntas
913 794 980 877 Dei,
1008 815 1095 874 quarn
1119 798 1189 858 facit
1211 800 1242 858 in
1265 815 1330 857 eor·

322 887 409 947 dibus
427 885 648 947 oboedientium
667 884 812 945 mundatis
835 886 908 964 eius,
932 884 968 944 de
992 903 1049 963 qna
1072 885 1145 946 dicit
1167 884 1331 964 apostolus:

322 977 404 1036 Deos
422 978 501 1036 enim
519 981 571 1047 est,
595 976 649 1048 que·
665 981 812 1050 operatur
835 976 867 1033 io
885 974 968 1033 oobc's
990 980 1021 1033 et
1041 978 1123 1048 velle,
1147 976 1225 1034 sicut
1247 976 1366 1034 iusti-u

323 1066 362 1123 tia
385 1063 438 1123 nei
469 1080 526 1122 non
556 1061 651 1121 solunt
680 1080 737 1139 qno
764 1063 828 1140 ipse
857 1063 954 1121 iustus
981 1069 1028 1121 est
1054 1061 1177 1139 dicitur,
1207 1061 1332 1121 sedilia

323 1153 411 1212 etiam
435 1168 522 1228 quam
544 1151 576 1210 in
599 1149 727 1228 homine,
751 1152 802 1227 qui
825 1147 861 1209 ab
884 1148 933 1209 illo
957 1149 1142 1230 iustificetur,
1166 1151 1244 1209 iacit.
1282 1149 1331 1210 Sic

324 1247 354 1299 et
371 1238 417 1299 lex
436 1242 501 1298 eius
520 1246 650 1316 vocatur,
674 1255 749 1315 quae
767 1239 867 1315 potius
886 1245 932 1297 est
950 1237 1112 1319 hominum,
1135 1237 1187 1297 sed
1206 1236 1242 1297 ab
1265 1240 1331 1316 ipso

324 1328 401 1407 data3
425 1345 493 1386 nam
512 1328 614 1404 ntique
633 1325 769 1385 homines
787 1333 881 1407 erant,
905 1324 1013 1404 quibus
1031 1328 1072 1385 ait
1090 1325 1186 1386 lesus:
1209 1326 1247 1387 In
1266 1330 1332 1400 leoe

324 1424 424 1476 oestro
449 1418 598 1491 seriptum
629 1421 686 1488 est,
718 1430 786 1473 cum
819 1413 875 1474 alio
907 1413 973 1473 loco
1000 1412 1144 1491 legamus:
1177 1413 1245 1475 Lex
1273 1416 1334 1475 Dei
1352 1426 1385 1476 10

324 1506 388 1563 eius
415 1506 447 1564 in
474 1505 569 1564 eorde
596 1506 669 1563 cios.
716 1501 888 1562 Secundum
914 1501 990 1562 hano
1018 1502 1214 1583 voluntatem,
1244 1519 1331 1580 quam

324 1591 402 1651 Deus
434 1599 576 1669 operatur
605 1594 635 1650 in
667 1589 851 1670 hominibus,
881 1592 968 1649 etiam
996 1590 1069 1649 velle
1098 1589 1221 1671 dicitur,
1253 1589 1332 1669 quod

324 1697 383 1739 non
412 1680 477 1757 ipse
505 1678 584 1757 vult,
616 1678 668 1739 sed
697 1696 768 1739 suos
794 1678 825 1738 id
855 1678 986 1739 volentes
1013 1678 1096 1759 facit5
1124 1680 1201 1738 sicut
1224 1678 1333 1739 dicitur

324 1769 508 1847 cognovisse,
531 1766 610 1844 quod
632 1773 667 1826 ut
689 1775 920 1844 cognosceretur
943 1765 1023 1845 iecit,
1046 1784 1062 1825 a
1086 1766 1193 1845 quibus
1215 1769 1331 1846 ignoru-

303 1869 304 1872 ’
324 1854 419 1915 batur.
465 1854 568 1933 Neque
587 1857 667 1915 enim
686 1854 803 1914 dicente
823 1854 968 1934 apostolo:
991 1856 1080 1916 Nono
1099 1862 1200 1916 ootem
1222 1872 1332 1930 coooo·
1352 1866 1385 1915 15

324 1949 441 2004 scentes
464 1943 569 2021 Deum,
593 1946 681 2003 immo
705 1945 822 2017 conniti
843 1959 863 2003 o
881 1943 954 2021 Deo,
977 1943 1021 2003 fas
1045 1951 1090 2003 est
1112 1950 1147 2003 ut
1169 1943 1333 2023 credamne,

325 2030 403 2110 qnod
428 2049 480 2091 eos
504 2039 575 2091 tunc
603 2033 775 2110 cognoverit
798 2029 877 2091 Dens
903 2033 1110 2110 praecognitos
1133 2039 1201 2091 ante
1224 2034 1333 2092 eonsti-

324 2122 469 2180 tutionem
499 2118 615 2201 mundi3
647 2119 699 2179 sed
729 2127 801 2179 tunc
833 2120 1006 2197 cognovisse
1036 2119 1133 2180 dictus
1163 2127 1222 2200 est,
1255 2120 1332 2198 quod

323 2217 396 2267 tuno
424 2214 459 2267 ut
487 2215 718 2285 cognosceretur
746 2208 852 2267 effecit.
898 2205 939 2265 De
963 2206 1009 2267 his
1032 2206 1215 2267 locutionum
1238 2207 1333 2268 modis

323 2299 382 2355 iarn
405 2304 435 2355 et
457 2297 489 2354 in
507 2294 712 2373 superioribus
734 2294 819 2354 libris
843 2297 961 2355 memini
985 2294 1174 2373 disputatum.
1221 2295 1332 2357 Secun·
1353 2308 1385 2357 20

325 2384 394 2444 dum
412 2382 488 2443 hanc
507 2401 578 2461 ergo
596 2383 786 2464 voluntatem,
809 2401 866 2462 quo
890 2381 983 2443 Deum
1006 2383 1079 2443 velle
1105 2382 1230 2444 dicimus
1254 2384 1333 2463 quod

324 2471 396 2531 alios
419 2471 511 2531 efficit
533 2471 620 2552 velle,
649 2490 665 2532 a
688 2470 798 2549 quihus
821 2472 923 2532 futura
946 2473 1130 2553 nesciuntur,
1157 2471 1248 2532 multe
1271 2471 1333 2533 vult

324 2577 379 2619 nec
402 2559 480 2619 iacit.

413 2646 503 2707 Multo
526 2649 605 2707 enim
635 2646 738 2708 voiunt
766 2649 830 2707 fieri
854 2650 949 2708 saneti
972 2650 1036 2709 eius
1059 2646 1095 2709 ab
1119 2648 1168 2708 illo
1192 2650 1334 2726 inspirata

325 2744 426 2796 sancta
455 2735 618 2816 voluntate,
651 2754 706 2795 nec
736 2736 824 2810 fiunt,
853 2738 931 2795 sicut
958 2744 1044 2797 orant
1072 2754 1127 2814 pro
1157 2734 1333 2814 quibusdam
1351 2748 1385 2797 25

324 2826 373 2902 pie
397 2832 571 2903 sancteque,
599 2830 630 2883 et
653 2824 730 2901 quod
755 2831 841 2883 oront
864 2842 923 2883 non
947 2824 1029 2906 iacit,
1057 2826 1211 2902 cumipse
1234 2826 1265 2883 in
1290 2826 1333 2883 eis

325 2911 401 2971 hanc
429 2911 533 2971 orandi
564 2911 743 2972 voluntatem
774 2920 876 2973 sancto
906 2911 1018 2992 Spiritu
1049 2930 1102 2973 suo
1134 2912 1246 2973 fecerit.
1291 2912 1333 2973 Ac

325 3018 378 3077 per
401 2998 472 3079 hoc,
500 2998 616 3077 quondo
640 3000 804 3059 secundnm
828 2999 921 3060 Deum
944 3000 1047 3061 volunt
1068 3009 1099 3060 et
1122 3009 1208 3060 orant
1230 3003 1333 3081 sancti,

327 3090 506 3165 utquisque
536 3089 575 3147 sit
602 3086 715 3168 salvus,
742 3105 900 3167 possumus
928 3088 976 3147 iilo
1000 3089 1086 3148 modo
1109 3088 1267 3149 locutionis
1291 3088 1333 3147 di-

326 3193 407 3266 cere:
429 3174 521 3256 „Vult
543 3173 623 3235 Deus
651 3184 681 3236 et
708 3192 768 3235 non
791 3170 896 3256 iooit“;
920 3185 953 3236 ut
975 3178 1072 3255 ipsum
1096 3177 1228 3237 dicamus
1251 3176 1334 3255 velle,
1353 3188 1386 3237 3ο

396 3302 512 3373 neon.
533 3307 615 3367 213.
671 3301 771 3370 1o)10.
791 3306 873 3366 on.
930 3304 973 3371 11)
992 3302 1035 3354 Ps.
1055 3307 1097 3369 eo,
1112 3307 1155 3355 31.
1211 3306 1254 3373 16)
1274 3301 1335 3358 Gal.

325 3380 351 3441 4,
366 3380 391 3429 o.
446 3376 489 3441 18)
510 3379 533 3425 1.
552 3372 625 3425 retr.
646 3377 670 3438 1,
685 3376 727 3425 oo.
783 3373 828 3441 20)
846 3370 907 3425 Lib.
923 3378 955 3424 11
976 3388 998 3426 ο.
1014 3377 1038 3426 8.

396 3540 412 3586 5
431 3532 507 3585 enim
525 3533 568 3585 est
585 3531 614 3584 R
631 3547 679 3585 seo.
701 3530 809 3596 θῆκας
829 3531 873 3584 est
890 3529 965 3583 enim
982 3525 1039 3585 rell.
1057 3548 1074 3586 o
1087 3534 1097 3600 ΙΙ
1110 3537 1180 3585 5-7
1199 3535 1337 3605 oolyorem

324 3606 464 3658 verberim
491 3602 691 3657 decoctionem
718 3600 814 3668 „velle
856 3600 935 3654 Siout
959 3643 964 3654 .
986 3644 991 3655 .
1014 3600 1095 3655 fecii:
1124 3603 1181 3657 εἰῶ*
1204 3606 1310 3659 motooi
1326 3607 1335 3675 ΙΙ

325 3680 342 3728 6
357 3675 423 3742 quio
437 3673 511 3743 ab’y
524 3676 534 3742 ΙΙ
548 3677 580 3726 11
597 3672 679 3726 corde
691 3670 781 3740 ipsius
795 3681 833 3725 no
846 3673 856 3741 ΙΙ
871 3675 903 3724 13
918 3671 978 3740 ipse
992 3688 1048 3725 non
1061 3690 1077 3727 o
1091 3675 1100 3742 ΙΙ
1116 3679 1148 3727 14
1162 3674 1232 3728 fucit
1241 3677 1318 3731 RAb
1327 3678 1336 3746 ΙΙ

325 3751 359 3798 22
378 3744 472 3799 effecit
489 3744 560 3815 noy
