3284 4459
335 449 400 513 518
740 462 940 504 saucusrnu

336 600 368 659 in
386 598 465 658 diem
483 596 654 676 sepulturae
676 599 708 658 in
732 606 857 657 matrem
880 599 1022 676 omnium,
1045 598 1133 656 etiam
1156 594 1213 655 hoc
1237 594 1349 654 malum

336 685 469 746 mirabile
487 688 646 765 reperitur,
664 694 698 745 ut
716 684 809 745 sobrii
828 688 921 745 simus
940 694 1028 763 atque
1046 684 1252 763 intellegamus
1270 682 1348 743 hanc

335 776 424 834 vitam
442 772 479 833 de
498 782 620 852 peccato
638 772 688 834 illo
706 775 795 833 nimis
818 773 940 853 nefario,
964 771 1043 850 quod
1066 776 1097 832 in
1120 770 1256 852 paradiso
1279 789 1347 850 per-

335 870 483 941 petratum
525 870 588 941 est,
624 863 731 921 laetam
767 860 852 921 nobis
885 879 950 921 esse
991 860 1145 940 poenalem
1181 868 1348 939 totumque,

300 949 415 1026 aquod
439 948 593 1009 nobiscum
616 952 712 1027 agitur
735 968 789 1027 per
811 958 1023 1010 testamentum
1046 966 1171 1029 novum,
1194 966 1253 1007 non
1277 965 1345 1026 per-

335 1040 430 1098 tinere
454 1040 512 1097 nisi
536 1038 572 1097 ad
597 1040 664 1097 noui
683 1037 792 1098 saeculi
819 1037 1015 1097 hereditatem
1038 1055 1152 1116 novam,
1176 1045 1209 1096 ut
1231 1036 1280 1096 hic
1303 1038 1347 1115 pi-

336 1144 428 1205 gnore
448 1134 569 1204 accepto
588 1124 661 1185 illud
681 1128 766 1185 cuius
785 1126 842 1185 hoc
860 1129 969 1204 pignus
984 1134 1030 1185 est
1049 1144 1103 1185 suo
1119 1133 1253 1203 tempore
1277 1141 1346 1183 con-

336 1232 509 1294 sequamur,
537 1232 617 1274 nunc
645 1222 743 1273 autem
766 1212 951 1273 ambulemus
973 1216 1005 1273 in
1028 1232 1081 1292 spe
1105 1222 1134 1274 et
1157 1213 1348 1291 proficientes

336 1302 373 1363 de
396 1302 444 1362 die
466 1305 498 1361 in
528 1303 606 1362 diem
634 1303 742 1380 spiritu
771 1302 847 1362 lacta
870 1304 968 1362 carnis
991 1302 1214 1361 mortificemus.
1260 1302 1350 1361 Novit

285 1403 318 1453 10
337 1394 416 1451 enim
446 1391 591 1451 Dominus
618 1393 672 1465 qm·
700 1397 771 1451 sont
804 1394 887 1461 eiam
919 1398 949 1449 et
982 1397 1126 1465 quotquot
1150 1393 1262 1466 spiritu
1290 1390 1351 1449 Dei

338 1486 482 1554 aquetur,
505 1482 539 1539 lta·
552 1482 613 1551 filii
628 1486 700 1539 sunt
717 1480 783 1553 Dei,
806 1476 859 1538 sed
882 1480 984 1558 gratia,
1007 1496 1066 1538 non
1090 1487 1202 1538 natura.
1235 1476 1348 1537 Unicus

338 1570 417 1628 euim
448 1574 554 1626 natura
583 1566 637 1626 llei
669 1565 746 1626 lilius
774 1576 898 1645 propter
927 1584 982 1626 uos
1016 1565 1219 1626 misericordia
1251 1566 1348 1625 lactus

338 1664 384 1715 est
410 1654 538 1714 hominis
565 1654 660 1734 filius,
686 1662 721 1714 ut
743 1673 814 1734 uos,
842 1663 947 1714 natura
970 1654 1023 1714 filii
1044 1654 1189 1734 hominis,
1218 1653 1271 1714 lilii
1294 1652 1349 1713 Dei

337 1761 392 1822 per
410 1742 493 1803 illum
511 1744 604 1820 gratia
622 1742 770 1801 fieremus.
815 1742 938 1803 Monens
961 1745 1070 1821 quippe
1093 1742 1142 1803 ille
1165 1741 1348 1802 inmutabilis

285 1844 318 1891 15
337 1839 473 1890 naturam
492 1839 633 1910 nostram,
656 1832 687 1890 in
710 1848 768 1908 qua
790 1849 846 1890 nos
869 1833 1043 1909 susciperet,
1066 1832 1198 1910 suscepit
1221 1848 1236 1889 a
1261 1829 1347 1890 nobis

338 1926 369 1978 et
391 1928 478 1977 tenax
501 1918 661 1978 divinitatis
689 1936 760 1977 suae
787 1928 906 1979 nostrae
930 1919 1109 1979 infirmitatis
1132 1920 1281 1997 particeps
1305 1919 1346 1978 la-

337 2014 404 2066 ctus
432 2015 491 2085 est3
524 2015 557 2065 ut
584 2024 638 2065 nos
665 2008 696 2065 in
724 2006 831 2066 melius
855 2008 1038 2084 commutati,
1071 2006 1151 2084 quod
1174 2015 1347 2085 peccatores

336 2093 536 2172 mortalesque
559 2112 676 2173 sumuS,
699 2096 764 2154 eius
786 2095 951 2155 inmortalis
974 2103 1004 2155 et
1026 2096 1097 2154 iusti
1120 2096 1346 2173 participatione

336 2184 504 2243 amittamus
527 2191 570 2261 et,
594 2181 672 2260 quod
695 2183 727 2242 in
750 2189 855 2242 natura
879 2192 980 2243 nostra
1002 2182 1113 2242 bonum
1136 2182 1220 2262 lecit,
1242 2182 1346 2261 imple·

284 2284 318 2332 20
337 2281 401 2330 tum
438 2288 553 2330 summo
589 2269 668 2329 bono
703 2272 735 2330 in
768 2273 833 2330 eius
865 2279 987 2330 naturae
1019 2269 1150 2335 bonitate
1184 2288 1345 2331 servemus.

337 2358 422 2419 Sicut
453 2360 532 2419 enim
563 2376 619 2438 per
646 2376 738 2418 tinum
765 2358 914 2419 hominem
943 2368 1114 2437 peccantem
1142 2361 1173 2419 in
1200 2358 1257 2418 hoc
1285 2367 1346 2419 tam

337 2465 425 2526 grave
443 2447 553 2506 malum
570 2446 752 2527 devenimus,
774 2448 815 2506 ita
838 2465 893 2525 per
916 2465 1008 2506 uinum
1031 2447 1180 2506 hominem
1204 2446 1345 2507 eundem-

336 2553 394 2613 que
418 2534 512 2595 lleum
534 2534 743 2595 iustificantem
770 2534 806 2593 ad
835 2533 906 2595 illud
930 2533 1040 2594 bonum
1064 2543 1123 2594 tam
1148 2533 1272 2595 sublime
1296 2554 1345 2595 ve·

336 2625 460 2682 niemus
506 2621 568 2682 Nec
591 2625 747 2700 quisquam
776 2641 808 2682 se
832 2621 922 2681 dehet
944 2622 980 2683 ab
1003 2625 1060 2682 isto
1084 2623 1120 2681 ad
1143 2623 1225 2683 illum
1247 2632 1344 2683 trans·

283 2723 317 2771 25
336 2712 395 2770 isse
425 2710 588 2789 confidere,
619 2712 678 2770 nisi
705 2729 773 2770 oum
801 2709 843 2770 ibi
871 2711 977 2790 luerit,
1010 2710 1060 2770 ubi
1088 2714 1241 2789 temptatio
1265 2712 1345 2771 nulla

337 2800 406 2876 erit3
434 2800 492 2856 nisi
514 2815 616 2875 pacem
639 2800 784 2877 tenuerit,
807 2816 896 2875 quam
919 2798 989 2858 belli
1011 2799 1113 2878 huius,
1136 2801 1167 2859 in
1191 2818 1250 2877 quo
1275 2818 1345 2860 caro

336 2887 520 2963 concupiscit
538 2884 679 2945 adversus
698 2888 836 2964 spiritum
854 2895 885 2947 et
906 2889 1028 2965 spiritus
1051 2887 1193 2948 adversus
1216 2906 1345 2962 carnem,

336 2971 436 3032 multis
460 2980 489 3031 et
512 2974 600 3031 variis
622 2972 833 3034 certaminibus
857 2977 981 3052 quaerit.
1026 2974 1089 3035 lloc
1113 2983 1211 3035 autem
1234 2975 1346 3036 bellum

335 3077 497 3138 numquam
519 3059 612 3120 ullum
635 3069 723 3142 esset,
745 3063 771 3121 si
794 3070 899 3121 natura
922 3062 1048 3123 humana
1071 3082 1125 3142 per
1147 3062 1276 3124 liberum
1298 3082 1345 3123 ar·

282 3162 317 3210 30
336 3147 458 3207 bitrium
476 3150 507 3207 in
525 3148 713 3229 rectitudine,
735 3151 842 3227 inqua
863 3151 936 3209 lacta
961 3160 1015 3229 est,
1038 3153 1225 3230 perstitisset.
1258 3150 1346 3212 Nunc

335 3254 419 3316 vero,
447 3253 522 3314 quae
551 3254 654 3314 pacem
682 3236 751 3296 felix
782 3256 850 3297 cum
879 3237 939 3297 Deo
967 3238 1075 3298 habere
1104 3238 1212 3319 noluit,
1243 3258 1346 3299 secum

334 3330 447 3403 pugnat
469 3322 584 3404 infelix,
613 3332 734 3385 etcum
758 3325 876 3384 sithoc
900 3325 1009 3386 malum
1032 3325 1213 3406 miserabile,
1238 3327 1346 3389 melius

406 3458 641 3528 o)1c0m.a,1a.
680 3458 970 3527 10)2.Tim.2‚1o.
1009 3460 1052 3528 11)
1071 3461 1151 3516 Rom.
1170 3466 1201 3531 e,
1222 3469 1264 3515 14.
1301 3467 1348 3529 22)

334 3528 414 3584 Rom.
434 3535 459 3594 s,
480 3535 521 3583 12.
558 3531 603 3596 or)
621 3527 683 3584 Gal.
702 3533 728 3594 a,
748 3534 789 3582 rr.

335 3655 547 3664 *-

404 3712 436 3759 12
456 3706 542 3777 enim]
562 3709 656 3760 eutem
673 3724 691 3777 q
709 3710 718 3773 l
737 3712 770 3759 13
788 3706 863 3759 filius
881 3706 1002 3761 hominis
1020 3724 1036 3762 o
