3284 4459
348 470 389 533 10
747 483 769 525 a.
784 482 951 525 sconsam

345 620 414 680 hinc
441 621 541 699 potios
568 620 642 681 male
670 625 717 678 est
744 616 843 695 nobis,
874 616 920 677 vei
943 634 1013 677 cnm
1034 616 1098 697 fiat,
1129 624 1164 677 nt
1185 616 1292 679 melius
1314 619 1354 678 sit

345 706 446 787 nobis,
472 707 543 770 hine
565 709 665 788 potius
687 707 773 785 peius
795 714 842 767 est
863 704 958 765 nobis.
1003 703 1087 765 Unde
1110 705 1181 786 hoe,
1204 707 1262 767 nisi
1284 707 1353 784 quia

345 796 382 858 de
400 796 461 856 lieo
480 805 579 875 potest
596 796 672 857 bene
691 812 757 854 esse
770 794 892 875 homini,
910 811 1000 872 quem
1017 792 1215 873 delinquendo
1234 793 1353 875 deserit,
1467 845 1469 860 ,

347 903 407 945 non
431 884 468 945 de
491 904 523 945 se
545 887 621 967 ipso,
643 882 807 945 seeundum
831 900 921 961 quem
941 882 1066 943 vivendo
1088 877 1256 961 delinquit?

311 984 326 1033 5
435 972 520 1043 Quod
550 976 650 1053 itaque
680 973 824 1052 diximus,
855 970 924 1030 hino
956 972 1089 1031 extitisse
1118 969 1190 1031 duas
1220 972 1353 1031 civitates

346 1062 476 1123 diversas
508 1064 587 1123 inter
614 1080 646 1123 se
678 1069 766 1138 atque
796 1060 973 1140 contrarias,
1005 1057 1085 1137 qnod
1113 1057 1162 1120 alii
1188 1058 1354 1120 seeundum

346 1168 475 1231 earnem,
498 1150 546 1211 aiii
565 1149 729 1211 secundum
747 1150 885 1228 spiritum
903 1148 1048 1208 viverent:
1070 1153 1170 1227 potest
1188 1149 1276 1209 etiam
1295 1149 1353 1209 isto

346 1238 433 1299 modo
462 1240 520 1299 dici
547 1239 626 1318 qnod
654 1238 703 1300 alii
731 1236 894 1297 secundum
921 1235 1083 1316 hominem,
1112 1235 1161 1296 aiii
1189 1236 1354 1297 secundum

346 1326 440 1387 Deum
457 1329 565 1387 vivant.
609 1325 801 1406 apertissime
825 1326 934 1403 quippe
952 1318 1106 1400 (Paulus)
1127 1323 1164 1384 ad
1183 1322 1353 1385 Corinthios

293 1426 326 1475 10
346 1416 430 1477 dicit:
462 1416 534 1476 Cam
556 1421 636 1477 enim
653 1412 757 1496 (rint)
774 1421 857 1477 inter
878 1432 932 1477 vor
954 1419 1117 1476 aemulatio
1140 1420 1171 1475 et
1193 1416 1353 1486 contentio,

346 1520 446 1565 nonae
475 1507 618 1565 carnales
646 1506 716 1565 estis
743 1509 775 1564 et
801 1502 967 1563 secandum
993 1502 1142 1562 Maiorem
1171 1502 1353 1562 ambulatis?

346 1591 432 1663 Quod
452 1610 523 1671 ergo
541 1600 588 1653 est
606 1591 756 1652 ambulare
775 1589 939 1650 secundnm
958 1588 1117 1669 hominem,
1138 1588 1195 1649 hoo
1218 1597 1265 1650 est
1286 1608 1353 1650 esse

346 1680 502 1760 carnalem,
525 1679 604 1759 qnod
627 1697 760 1759 acerne,
782 1678 813 1738 id
836 1685 883 1738 est
905 1695 922 1737 a
944 1687 1028 1757 parte
1050 1676 1187 1759 hominis,
1209 1677 1354 1757 intellegi·

346 1776 396 1830 tur
418 1768 515 1829 homo.
560 1768 688 1829 Eosdem
711 1770 791 1846 ipsos
814 1768 924 1845 quippe
947 1764 1021 1826 dixit
1043 1766 1181 1845 superins
1203 1766 1353 1848 animales,

297 1869 329 1917 15
348 1874 423 1936 qnos
445 1865 548 1936 postea
571 1856 711 1937 carnales,
733 1857 775 1927 ita
797 1854 935 1933 loquens:
962 1856 1037 1926 Quis
1058 1857 1138 1915 enim
1158 1858 1225 1929 seit,
1248 1856 1353 1935 inquit,

346 1948 511 2020 hominum,
538 1962 618 2020 qaae
642 1951 715 2006 sant
740 1946 881 2017 hominis,
909 1945 970 2003 nor·
990 1945 1116 2018 spiritus
1138 1944 1279 2017 nominis,
1301 1946 1356 2019 qai

347 2037 379 2095 in
402 2037 465 2110 ipso
488 2036 552 2095 esti
583 2034 637 2094 Sie
659 2040 690 2094 et
710 2050 790 2108 qaae
812 2032 873 2092 Dei
892 2037 971 2105 sunt,
993 2047 1079 2092 nemo
1100 2033 1160 2092 seit
1181 2034 1243 2092 atsi
1261 2034 1353 2107 spiri-

347 2129 395 2183 tus
417 2123 483 2183 Dei.
529 2122 589 2183 Nos
617 2128 730 2203 autem,
759 2122 870 2200 inquit,
892 2136 952 2179 non
974 2121 1115 2195 spiritum
1136 2120 1227 2180 haias
1248 2121 1356 2180 muntii
1466 2189 1467 2194 ἵ

347 2213 528 2287 accepimus,
550 2212 606 2271 sed
621 2212 761 2287 spiritam
779 2211 834 2284 qai
849 2225 891 2269 ee
908 2208 972 2269 Deo
991 2212 1043 2282 est,
1066 2213 1101 2267 at
1121 2209 1253 2269 sciamus
1275 2225 1355 2283 quae

295 2311 330 2360 20
349 2318 370 2360 a
392 2299 456 2360 Deo
479 2302 593 2361 donata
615 2303 687 2359 sant
707 2298 810 2369 noim
831 2314 911 2371 qaae
932 2301 964 2357 et
984 2297 1145 2376 loquimar,
1167 2313 1228 2357 non
1250 2298 1283 2357 in
1304 2314 1354 2358 sa·

345 2390 481 2465 pientiae
503 2388 655 2447 humanae
678 2388 774 2448 doctis
796 2385 905 2458 verbio
926 2386 983 2445 sed
1003 2386 1101 2445 doctis
1122 2387 1241 2461 spirita,
1263 2388 1354 2461 spiri·

291 2504 296 2519 ·
348 2477 458 2536 talibas
495 2477 649 2551 spiritalia
681 2479 902 2550 comparantes.
954 2473 1103 2533 Animata
1134 2479 1235 2534 oatem
1266 2476 1353 2534 homo

346 2581 407 2626 riori
430 2566 565 2641 percipit
592 2580 672 2639 qaae
698 2568 769 2623 sant
794 2564 922 2638 spiritus
948 2561 1023 2633 Dei;
1048 2564 1177 2622 stultitia
1204 2566 1249 2622 est
1275 2564 1356 2622 enim

348 2656 399 2714 iiii.
444 2650 565 2712 Talibus
591 2652 696 2730 igitur,
722 2649 753 2710 id
780 2658 826 2710 est
853 2647 1041 2732 animalibus,
1067 2648 1155 2728 paulo
1177 2656 1246 2728 post
1268 2647 1355 2712 dicits

295 2750 329 2801 25
348 2741 389 2801 Et
409 2758 474 2817 epo,
493 2739 625 2817 fratres,
648 2757 709 2800 non
729 2740 817 2815 potai
837 2741 921 2812 toqai
941 2739 1024 2797 voirir
1045 2740 1137 2813 quasi
1156 2739 1356 2818 spiritalibus,

346 2830 403 2889 sea
431 2832 522 2905 quasi
551 2829 748 2899 carnalibus;
783 2833 814 2886 et
839 2825 912 2887 illud
942 2833 972 2886 et
998 2824 1055 2886 hoo
1081 2825 1187 2886 eodem
1214 2825 1355 2904 loquendi

347 2917 447 2997 modo,
476 2916 506 2976 id
530 2923 576 2977 est
598 2933 614 2975 a
636 2922 720 2994 parte
748 2922 852 2975 totum.
896 2912 935 2974 Et
957 2912 994 2973 ab
1016 2914 1113 2974 anima
1136 2931 1262 2993 namque
1285 2922 1355 2975 eta

347 3023 445 3085 carne,
468 3022 543 3083 quae
566 3012 637 3064 sunt
659 3011 758 3082 partes
781 3002 924 3082 hominis,
946 3010 1046 3080 potest
1068 3009 1164 3062 totum
1187 3002 1355 3083 significari,

348 3094 426 3171 qnod
454 3101 501 3153 est
527 3091 628 3172 homo;
656 3100 744 3169 atque
771 3092 812 3151 ita
840 3108 899 3151 non
927 3098 974 3151 est
999 3089 1079 3150 aliud
1101 3090 1235 3151 animalis
1257 3090 1355 3173 homo,

295 3195 331 3243 30
350 3181 428 3241 aliud
443 3180 576 3261 carnaiis,
600 3179 745 3240 sedidem
763 3179 861 3257 ipsum
880 3185 1114 3260 minitrumque,
1136 3178 1166 3239 id
1185 3185 1232 3239 est
1249 3196 1355 3239 seeun-

348 3270 417 3329 dum
440 3268 590 3329 hominem
612 3270 713 3327 vivens
735 3266 837 3346 hom03
865 3268 943 3326 sicut
964 3284 1025 3327 non
1048 3266 1127 3327 aliud
1149 3284 1238 3345 qoam
1261 3266 1356 3326 homi·

347 3376 401 3418 nes
423 3357 634 3437 significantur,
658 3358 719 3417 sive
741 3354 794 3415 nbi
815 3354 936 3434 legitor:
959 3354 1011 3415 Ex
1032 3357 1175 3432 operibus
1196 3358 1273 3431 lepis
1294 3372 1358 3416 aon

421 3476 465 3542 li)
485 3480 508 3529 1.
529 3472 590 3529 Gor.
609 3479 634 3542 3,
653 3478 678 3527 3.
716 3474 761 3541 24)
780 3470 821 3526 Ib.
840 3478 865 3539 2,
886 3477 917 3524 11
938 3488 998 3540 sqq.
1034 3476 1079 3541 26)
1097 3472 1137 3529 lb.
1155 3478 1182 3541 3,
1201 3477 1225 3527 1.

420 3602 435 3650 9
458 3596 562 3651 Paulus
581 3614 636 3666 po3
660 3598 730 3665 apis
749 3598 792 3665 G,·
813 3614 864 3652 om.
889 3596 1054 3652 VAFabel
1070 3598 1080 3666 u
1099 3601 1132 3649 10
1150 3596 1226 3651 inter
1246 3612 1298 3651 uos
1318 3598 1361 3651 Vt

346 3685 395 3724 aee.
421 3669 517 3724 Graec.
543 3668 590 3737 (af.
615 3669 696 3738 prr.
720 3672 848 3735 116,10,·
870 3670 968 3734 428st
985 3667 1100 3735 Hori.);
1126 3666 1185 3721 sint
1207 3667 1282 3722 inter
1305 3684 1359 3722 uos

347 3739 520 3808 AFGabp3
545 3739 582 3793 sit
599 3738 742 3793 internos
759 3755 786 3805 e;
806 3739 946 3793 intervos
965 3738 1023 3792 sini
1040 3738 1079 3807 υΙ
1093 3743 1126 3792 21
1146 3738 1237 3792 doctis
1254 3737 1359 3807 spiriiu

347 3811 428 3865 Aeto
445 3826 493 3865 see.
510 3810 619 3878 θῆκας
639 3809 715 3864 docti
734 3809 836 3879 spiritu
855 3808 989 3877 VGabp3
1008 3808 1137 3862 doctrina
1154 3825 1195 3877 sp.
1211 3809 1242 3864 F
1251 3811 1261 3879 i
1275 3815 1308 3863 26
1328 3812 1360 3864 ei

346 3880 400 3935 hoo
420 3883 494 3950 Vap3
513 3897 547 3935 ex
565 3881 619 3935 hoo
637 3880 810 3937 AFaaoto
