<?xml version="1.0" encoding="UTF-8"?>
<!DOCTYPE html PUBLIC "-//W3C//DTD XHTML 1.0 Transitional//EN"
    "http://www.w3.org/TR/xhtml1/DTD/xhtml1-transitional.dtd">
<html xmlns="http://www.w3.org/1999/xhtml" xml:lang="en" lang="en">
 <head>
  <title>
</title>
<meta http-equiv="Content-Type" content="text/html;charset=utf-8" />
  <meta name='ocr-system' content='tesseract 3.04.00' />
  <meta name='ocr-capabilities' content='ocr_page ocr_carea ocr_par ocr_line ocrx_word'/>
</head>
<body>
  <div class='ocr_page' id='page_1' title='image "./sanctiaureliiau11augugoog_0269.png"; bbox 0 0 3284 4459; ppageno 0'>
   <div class='ocr_carea' id='block_1_1' title="bbox 423 484 1286 550">
    <p class='ocr_par' dir='ltr' id='par_1_1' title="bbox 423 484 1286 550">
     <span class='ocr_line' id='line_1_1' title="bbox 423 484 1286 550; baseline 0.001 -10"><span class='ocrx_word' id='word_1_1' title='bbox 423 522 430 533; x_wconf 81' lang='grc'><em>.</em></span> <span class='ocrx_word' id='word_1_2' title='bbox 545 499 585 540; x_wconf 78' lang='lat' dir='ltr'><strong>nn</strong></span> <span class='ocrx_word' id='word_1_3' title='bbox 599 498 743 540; x_wconf 76' lang='lat' dir='ltr'><strong>uramara</strong></span> <span class='ocrx_word' id='word_1_4' title='bbox 755 500 809 540; x_wconf 81' lang='lat' dir='ltr'><strong>our</strong></span> <span class='ocrx_word' id='word_1_5' title='bbox 822 499 848 540; x_wconf 66' lang='lat' dir='ltr'><strong>rt</strong></span> <span class='ocrx_word' id='word_1_6' title='bbox 862 500 936 540; x_wconf 83' lang='lat' dir='ltr'><strong>xm</strong></span> <span class='ocrx_word' id='word_1_7' title='bbox 950 499 973 542; x_wconf 86' lang='lat' dir='ltr'><strong>c.</strong></span> <span class='ocrx_word' id='word_1_8' title='bbox 987 501 1020 541; x_wconf 85' lang='lat' dir='ltr'><strong>ao.</strong></span> <span class='ocrx_word' id='word_1_9' title='bbox 1221 484 1286 550; x_wconf 77' lang='grc'><strong>249</strong></span> 
     </span>
    </p>
   </div>
   <div class='ocr_carea' id='block_1_2' title="bbox 278 632 1322 1152">
    <p class='ocr_par' dir='ltr' id='par_1_2' title="bbox 278 632 1322 1152">
     <span class='ocr_line' id='line_1_2' title="bbox 278 632 1286 713; baseline 0.001 -19"><span class='ocrx_word' id='word_1_10' title='bbox 278 633 317 694; x_wconf 90' lang='lat' dir='ltr'><strong>de</strong></span> <span class='ocrx_word' id='word_1_11' title='bbox 342 632 460 694; x_wconf 81' lang='lat' dir='ltr'><strong>Christo</strong></span> <span class='ocrx_word' id='word_1_12' title='bbox 484 639 515 693; x_wconf 95' lang='lat' dir='ltr'><strong>et</strong></span> <span class='ocrx_word' id='word_1_13' title='bbox 537 633 675 712; x_wconf 89' lang='lat' dir='ltr'><strong>ecelesia,</strong></span> <span class='ocrx_word' id='word_1_14' title='bbox 693 651 765 693; x_wconf 83' lang='lat' dir='ltr'><strong>mox</strong></span> <span class='ocrx_word' id='word_1_15' title='bbox 789 642 823 693; x_wconf 90' lang='lat' dir='ltr'><strong>ut</strong></span> <span class='ocrx_word' id='word_1_16' title='bbox 845 634 949 713; x_wconf 87' lang='lat' dir='ltr'><strong>luerit,</strong></span> <span class='ocrx_word' id='word_1_17' title='bbox 971 636 1194 711; x_wconf 89' lang='lat' dir='ltr'><strong>pronuntiatum</strong></span> <span class='ocrx_word' id='word_1_18' title='bbox 1216 647 1286 695; x_wconf 87' lang='lat' dir='ltr'><strong>ton·</strong></span> 
     </span>
     <span class='ocr_line' id='line_1_3' title="bbox 279 720 1287 802; baseline 0.001 -20"><span class='ocrx_word' id='word_1_19' title='bbox 279 724 378 783; x_wconf 88' lang='lat' dir='ltr'><strong>suevit</strong></span> <span class='ocrx_word' id='word_1_20' title='bbox 400 721 531 799; x_wconf 81' lang='lat' dir='ltr'>intellegi</span> <span class='ocrx_word' id='word_1_21' title='bbox 554 720 590 780; x_wconf 88' lang='lat' dir='ltr'><strong>ab</strong></span> <span class='ocrx_word' id='word_1_22' title='bbox 613 723 670 802; x_wconf 89' lang='lat' dir='ltr'><strong>eis,</strong></span> <span class='ocrx_word' id='word_1_23' title='bbox 701 723 753 799; x_wconf 89' lang='lat' dir='ltr'><strong>qui</strong></span> <span class='ocrx_word' id='word_1_24' title='bbox 775 720 925 783; x_wconf 78' lang='lat' dir='ltr'>Christum</span> <span class='ocrx_word' id='word_1_25' title='bbox 949 723 1121 800; x_wconf 79' lang='lat' dir='ltr'><strong>sapientiam</strong></span> <span class='ocrx_word' id='word_1_26' title='bbox 1144 722 1198 783; x_wconf 82' lang='lat' dir='ltr'><strong>liei</strong></span> <span class='ocrx_word' id='word_1_27' title='bbox 1221 740 1287 783; x_wconf 88' lang='lat' dir='ltr'><strong>esse</strong></span> 
     </span>
     <span class='ocr_line' id='line_1_4' title="bbox 279 810 1290 886; baseline 0.002 -16"><span class='ocrx_word' id='word_1_28' title='bbox 279 817 440 870; x_wconf 83' lang='lat' dir='ltr'><strong>noverunt:</strong></span> <span class='ocrx_word' id='word_1_29' title='bbox 473 810 631 885; x_wconf 79' lang='lat' dir='ltr'><strong><em>Sapientia</em></strong></span> <span class='ocrx_word' id='word_1_30' title='bbox 662 812 837 883; x_wconf 72' lang='lat' dir='ltr'><strong>aedificavit</strong></span> <span class='ocrx_word' id='word_1_31' title='bbox 862 811 923 871; x_wconf 81' lang='lat' dir='ltr'><strong>sibi</strong></span> <span class='ocrx_word' id='word_1_32' title='bbox 951 813 1069 871; x_wconf 85' lang='lat' dir='ltr'><strong>domem</strong></span> <span class='ocrx_word' id='word_1_33' title='bbox 1097 818 1129 873; x_wconf 84' lang='lat' dir='ltr'><strong>et</strong></span> <span class='ocrx_word' id='word_1_34' title='bbox 1154 812 1290 886; x_wconf 75' lang='lat' dir='ltr'><strong>mffohit</strong></span> 
     </span>
     <span class='ocr_line' id='line_1_5' title="bbox 279 896 1287 974; baseline 0 -15"><span class='ocrx_word' id='word_1_35' title='bbox 279 896 436 960; x_wconf 81' lang='lat' dir='ltr'><strong>columnas</strong></span> <span class='ocrx_word' id='word_1_36' title='bbox 465 906 593 974; x_wconf 65' lang='lat' dir='ltr'><strong>septem</strong></span> <span class='ocrx_word' id='word_1_37' title='bbox 624 900 787 960; x_wconf 83' lang='lat' dir='ltr'><strong>immolauit</strong></span> <span class='ocrx_word' id='word_1_38' title='bbox 816 915 890 959; x_wconf 86' lang='lat' dir='ltr'><strong>suas</strong></span> <span class='ocrx_word' id='word_1_39' title='bbox 920 901 1072 973; x_wconf 79' lang='lat' dir='ltr'><strong>uictimas,</strong></span> <span class='ocrx_word' id='word_1_40' title='bbox 1103 903 1225 960; x_wconf 79' lang='lat' dir='ltr'><strong><em>miscuit</em></strong></span> <span class='ocrx_word' id='word_1_41' title='bbox 1255 903 1287 960; x_wconf 85' lang='lat' dir='ltr'><strong>in</strong></span> 
     </span>
     <span class='ocr_line' id='line_1_6' title="bbox 280 987 1322 1063; baseline -0.001 -15"><span class='ocrx_word' id='word_1_42' title='bbox 280 994 405 1048; x_wconf 68' lang='lat' dir='ltr'><strong>mutere</strong></span> <span class='ocrx_word' id='word_1_43' title='bbox 436 988 536 1047; x_wconf 81' lang='lat' dir='ltr'><strong>einum</strong></span> <span class='ocrx_word' id='word_1_44' title='bbox 567 1003 653 1047; x_wconf 84' lang='lat' dir='ltr'><strong>soom</strong></span> <span class='ocrx_word' id='word_1_45' title='bbox 684 993 714 1046; x_wconf 88' lang='lat' dir='ltr'><strong>et</strong></span> <span class='ocrx_word' id='word_1_46' title='bbox 741 989 869 1063; x_wconf 84' lang='lat' dir='ltr'><strong>porcoit</strong></span> <span class='ocrx_word' id='word_1_47' title='bbox 898 1004 1031 1047; x_wconf 82' lang='lat' dir='ltr'><strong>mensem</strong></span> <span class='ocrx_word' id='word_1_48' title='bbox 1061 1004 1158 1048; x_wconf 85' lang='lat' dir='ltr'><strong>suem.</strong></span> <span class='ocrx_word' id='word_1_49' title='bbox 1203 987 1322 1048; x_wconf 77' lang='lat' dir='ltr'><strong>Meos</strong></span> 
     </span>
     <span class='ocr_line' id='line_1_7' title="bbox 278 1077 1290 1152; baseline 0 -16"><span class='ocrx_word' id='word_1_50' title='bbox 278 1091 383 1136; x_wconf 85' lang='lat' dir='ltr'><strong>servos</strong></span> <span class='ocrx_word' id='word_1_51' title='bbox 413 1089 484 1135; x_wconf 83' lang='lat' dir='ltr'><strong>suos</strong></span> <span class='ocrx_word' id='word_1_52' title='bbox 510 1090 680 1136; x_wconf 83' lang='lat' dir='ltr'><em>convocans</em></span> <span class='ocrx_word' id='word_1_53' title='bbox 707 1092 776 1134; x_wconf 89' lang='lat' dir='ltr'><strong>cum</strong></span> <span class='ocrx_word' id='word_1_54' title='bbox 803 1078 964 1136; x_wconf 80' lang='lat' dir='ltr'><em>excellenti</em></span> <span class='ocrx_word' id='word_1_55' title='bbox 986 1077 1220 1152; x_wconf 80' lang='lat' dir='ltr'><strong>praedicatione</strong></span> <span class='ocrx_word' id='word_1_56' title='bbox 1245 1079 1290 1136; x_wconf 83' lang='lat' dir='ltr'><strong>od</strong></span> 
     </span>
    </p>
   </div>
   <div class='ocr_carea' id='block_1_3' title="bbox 180 1151 1341 1508">
    <p class='ocr_par' dir='ltr' id='par_1_3' title="bbox 180 1151 1341 1508">
     <span class='ocr_line' id='line_1_8' title="bbox 180 1151 1289 1238; baseline 0 -14"><span class='ocrx_word' id='word_1_57' title='bbox 180 1151 181 1168; x_wconf 53' lang='lat'>¹</span> <span class='ocrx_word' id='word_1_58' title='bbox 279 1170 408 1224; x_wconf 84' lang='lat' dir='ltr'><strong>cratero</strong></span> <span class='ocrx_word' id='word_1_59' title='bbox 430 1165 548 1224; x_wconf 84' lang='lat' dir='ltr'><strong>dicens:</strong></span> <span class='ocrx_word' id='word_1_60' title='bbox 575 1162 648 1235; x_wconf 77' lang='lat' dir='ltr'><strong>Quis</strong></span> <span class='ocrx_word' id='word_1_61' title='bbox 670 1170 715 1224; x_wconf 89' lang='lat' dir='ltr'><strong>est</strong></span> <span class='ocrx_word' id='word_1_62' title='bbox 737 1165 901 1238; x_wconf 81' lang='lat' dir='ltr'><strong>insipiens?</strong></span> <span class='ocrx_word' id='word_1_63' title='bbox 937 1163 1077 1224; x_wconf 83' lang='lat' dir='ltr'><strong>Divertut</strong></span> <span class='ocrx_word' id='word_1_64' title='bbox 1094 1165 1137 1224; x_wconf 85' lang='lat' dir='ltr'><strong>od</strong></span> <span class='ocrx_word' id='word_1_65' title='bbox 1156 1181 1212 1226; x_wconf 86' lang='lat' dir='ltr'><strong>me.</strong></span> <span class='ocrx_word' id='word_1_66' title='bbox 1247 1165 1289 1224; x_wconf 83' lang='lat' dir='ltr'><strong>Et</strong></span> 
     </span>
     <span class='ocr_line' id='line_1_9' title="bbox 180 1248 1288 1328; baseline 0.001 -16"><span class='ocrx_word' id='word_1_67' title='bbox 180 1295 181 1298; x_wconf 63' lang='lat'><strong>,</strong></span> <span class='ocrx_word' id='word_1_68' title='bbox 279 1252 420 1328; x_wconf 79' lang='lat' dir='ltr'><strong>inopibus</strong></span> <span class='ocrx_word' id='word_1_69' title='bbox 436 1269 526 1312; x_wconf 84' lang='lat' dir='ltr'><strong>sensu</strong></span> <span class='ocrx_word' id='word_1_70' title='bbox 545 1253 638 1314; x_wconf 66' lang='lat' dir='ltr'><strong>decit:</strong></span> <span class='ocrx_word' id='word_1_71' title='bbox 668 1250 779 1326; x_wconf 85' lang='lat' dir='ltr'><strong>Venite,</strong></span> <span class='ocrx_word' id='word_1_72' title='bbox 802 1248 985 1312; x_wconf 80' lang='lat' dir='ltr'><strong>manducate</strong></span> <span class='ocrx_word' id='word_1_73' title='bbox 1002 1254 1041 1312; x_wconf 83' lang='lat' dir='ltr'><strong>de</strong></span> <span class='ocrx_word' id='word_1_74' title='bbox 1062 1255 1136 1312; x_wconf 81' lang='lat' dir='ltr'><strong>meis</strong></span> <span class='ocrx_word' id='word_1_75' title='bbox 1154 1253 1288 1328; x_wconf 82' lang='lat' dir='ltr'><strong>poribus</strong></span> 
     </span>
     <span class='ocr_line' id='line_1_10' title="bbox 180 1338 1286 1419; baseline 0.001 -19"><span class='ocrx_word' id='word_1_76' title='bbox 180 1353 181 1376; x_wconf 49' lang='lat' dir='ltr'><strong>i</strong></span> <span class='ocrx_word' id='word_1_77' title='bbox 257 1346 311 1419; x_wconf 29' lang='lat' dir='ltr'><strong>,et</strong></span> <span class='ocrx_word' id='word_1_78' title='bbox 329 1340 421 1400; x_wconf 82' lang='lat' dir='ltr'><strong>bibite</strong></span> <span class='ocrx_word' id='word_1_79' title='bbox 438 1341 539 1400; x_wconf 84' lang='lat' dir='ltr'><strong>einum</strong></span> <span class='ocrx_word' id='word_1_80' title='bbox 557 1342 640 1414; x_wconf 83' lang='lat' dir='ltr'><strong>quod</strong></span> <span class='ocrx_word' id='word_1_81' title='bbox 656 1342 766 1400; x_wconf 71' lang='lat' dir='ltr'><strong>mecei</strong></span> <span class='ocrx_word' id='word_1_82' title='bbox 782 1340 872 1400; x_wconf 65' lang='lat' dir='ltr'><strong>cubas</strong></span> <span class='ocrx_word' id='word_1_83' title='bbox 917 1338 973 1399; x_wconf 89' lang='lat' dir='ltr'><strong>llic</strong></span> <span class='ocrx_word' id='word_1_84' title='bbox 996 1348 1077 1400; x_wconf 91' lang='lat' dir='ltr'><strong>certe</strong></span> <span class='ocrx_word' id='word_1_85' title='bbox 1100 1342 1286 1418; x_wconf 80' lang='lat' dir='ltr'><strong>agnoscimus</strong></span> 
     </span>
     <span class='ocr_line' id='line_1_11' title="bbox 180 1425 1341 1508; baseline 0.001 -20"><span class='ocrx_word' id='word_1_86' title='bbox 180 1467 181 1474; x_wconf 23' lang='grc' dir='ltr'><strong>κ</strong></span> <span class='ocrx_word' id='word_1_87' title='bbox 280 1426 335 1488; x_wconf 83' lang='lat' dir='ltr'><strong>oei</strong></span> <span class='ocrx_word' id='word_1_88' title='bbox 364 1429 553 1506; x_wconf 84' lang='lat' dir='ltr'><strong>sapientiam,</strong></span> <span class='ocrx_word' id='word_1_89' title='bbox 582 1427 639 1486; x_wconf 89' lang='lat' dir='ltr'><strong>hoc</strong></span> <span class='ocrx_word' id='word_1_90' title='bbox 672 1435 718 1488; x_wconf 87' lang='lat' dir='ltr'><strong>esi</strong></span> <span class='ocrx_word' id='word_1_91' title='bbox 749 1425 878 1486; x_wconf 81' lang='lat' dir='ltr'><strong>Verbum</strong></span> <span class='ocrx_word' id='word_1_92' title='bbox 907 1426 989 1489; x_wconf 86' lang='lat' dir='ltr'><strong>Patri</strong></span> <span class='ocrx_word' id='word_1_93' title='bbox 1018 1436 1224 1508; x_wconf 89' lang='lat' dir='ltr'><strong>coaeternum,</strong></span> <span class='ocrx_word' id='word_1_94' title='bbox 1255 1431 1287 1490; x_wconf 89' lang='lat' dir='ltr'><strong>in</strong></span> <span class='ocrx_word' id='word_1_95' title='bbox 1306 1440 1341 1489; x_wconf 88' lang='lat'><strong>10</strong></span> 
     </span>
    </p>
   </div>
   <div class='ocr_carea' id='block_1_4' title="bbox 278 1512 1342 3442">
    <p class='ocr_par' dir='ltr' id='par_1_4' title="bbox 278 1512 1342 3442">
     <span class='ocr_line' id='line_1_12' title="bbox 280 1512 1287 1595; baseline 0 -19"><span class='ocrx_word' id='word_1_96' title='bbox 280 1523 367 1576; x_wconf 86' lang='lat' dir='ltr'><strong>utero</strong></span> <span class='ocrx_word' id='word_1_97' title='bbox 397 1514 529 1594; x_wconf 84' lang='lat' dir='ltr'><strong>virginali</strong></span> <span class='ocrx_word' id='word_1_98' title='bbox 558 1515 679 1576; x_wconf 90' lang='lat' dir='ltr'><strong>domum</strong></span> <span class='ocrx_word' id='word_1_99' title='bbox 706 1512 763 1575; x_wconf 91' lang='lat' dir='ltr'><strong>sibi</strong></span> <span class='ocrx_word' id='word_1_100' title='bbox 789 1515 959 1576; x_wconf 83' lang='lat' dir='ltr'><strong>aedificasse</strong></span> <span class='ocrx_word' id='word_1_101' title='bbox 988 1533 1097 1595; x_wconf 82' lang='lat' dir='ltr'><strong>eorpus</strong></span> <span class='ocrx_word' id='word_1_102' title='bbox 1126 1516 1287 1577; x_wconf 89' lang='lat' dir='ltr'><strong>humanum</strong></span> 
     </span>
     <span class='ocr_line' id='line_1_13' title="bbox 282 1602 1289 1686; baseline 0.002 -23"><span class='ocrx_word' id='word_1_103' title='bbox 282 1612 311 1666; x_wconf 90' lang='lat' dir='ltr'><strong>et</strong></span> <span class='ocrx_word' id='word_1_104' title='bbox 341 1604 425 1684; x_wconf 90' lang='lat' dir='ltr'><strong>huie,</strong></span> <span class='ocrx_word' id='word_1_105' title='bbox 453 1613 600 1681; x_wconf 89' lang='lat' dir='ltr'><strong>tamquam</strong></span> <span class='ocrx_word' id='word_1_106' title='bbox 628 1605 716 1682; x_wconf 93' lang='lat' dir='ltr'><strong>capiti</strong></span> <span class='ocrx_word' id='word_1_107' title='bbox 739 1602 884 1684; x_wconf 88' lang='lat' dir='ltr'><strong>membra,</strong></span> <span class='ocrx_word' id='word_1_108' title='bbox 913 1603 1067 1665; x_wconf 87' lang='lat' dir='ltr'><strong>ecclesiam</strong></span> <span class='ocrx_word' id='word_1_109' title='bbox 1090 1604 1289 1686; x_wconf 82' lang='lat' dir='ltr'><strong>subiunxisse,</strong></span> 
     </span>
     <span class='ocr_line' id='line_1_14' title="bbox 281 1690 1288 1773; baseline 0.001 -21"><span class='ocrx_word' id='word_1_110' title='bbox 281 1699 444 1771; x_wconf 80' lang='lat' dir='ltr'><strong>martyrum</strong></span> <span class='ocrx_word' id='word_1_111' title='bbox 472 1693 603 1751; x_wconf 88' lang='lat' dir='ltr'><strong>victimas</strong></span> <span class='ocrx_word' id='word_1_112' title='bbox 632 1690 811 1771; x_wconf 89' lang='lat' dir='ltr'><strong>immolasse,</strong></span> <span class='ocrx_word' id='word_1_113' title='bbox 838 1709 970 1752; x_wconf 88' lang='lat' dir='ltr'><strong>mensam</strong></span> <span class='ocrx_word' id='word_1_114' title='bbox 997 1695 1028 1754; x_wconf 89' lang='lat' dir='ltr'><strong>in</strong></span> <span class='ocrx_word' id='word_1_115' title='bbox 1057 1695 1124 1753; x_wconf 87' lang='lat' dir='ltr'><strong>rino</strong></span> <span class='ocrx_word' id='word_1_116' title='bbox 1154 1701 1184 1753; x_wconf 90' lang='lat' dir='ltr'><strong>et</strong></span> <span class='ocrx_word' id='word_1_117' title='bbox 1205 1694 1288 1773; x_wconf 90' lang='lat' dir='ltr'><strong>pani·</strong></span> 
     </span>
     <span class='ocr_line' id='line_1_15' title="bbox 281 1778 1286 1859; baseline 0.002 -19"><span class='ocrx_word' id='word_1_118' title='bbox 281 1779 337 1858; x_wconf 86' lang='lat' dir='ltr'><strong>bus</strong></span> <span class='ocrx_word' id='word_1_119' title='bbox 359 1797 560 1859; x_wconf 81' lang='lat' dir='ltr'><strong>praeparasse,</strong></span> <span class='ocrx_word' id='word_1_120' title='bbox 584 1778 634 1840; x_wconf 94' lang='lat' dir='ltr'><strong>uhi</strong></span> <span class='ocrx_word' id='word_1_121' title='bbox 652 1788 774 1858; x_wconf 89' lang='lat' dir='ltr'><strong>apparet</strong></span> <span class='ocrx_word' id='word_1_122' title='bbox 792 1781 880 1840; x_wconf 90' lang='lat' dir='ltr'><strong>etiam</strong></span> <span class='ocrx_word' id='word_1_123' title='bbox 902 1780 1101 1840; x_wconf 80' lang='lat' dir='ltr'><strong>sacerdotium</strong></span> <span class='ocrx_word' id='word_1_124' title='bbox 1124 1782 1286 1842; x_wconf 88' lang='lat' dir='ltr'><strong>secundum</strong></span> 
     </span>
     <span class='ocr_line' id='line_1_16' title="bbox 281 1866 1341 1950; baseline 0.001 -23"><span class='ocrx_word' id='word_1_125' title='bbox 281 1868 417 1928; x_wconf 87' lang='lat' dir='ltr'><strong>ordinem</strong></span> <span class='ocrx_word' id='word_1_126' title='bbox 436 1866 670 1947; x_wconf 83' lang='lat' dir='ltr'><strong>Melchisedech,</strong></span> <span class='ocrx_word' id='word_1_127' title='bbox 683 1868 857 1946; x_wconf 87' lang='lat' dir='ltr'><strong>insipientes</strong></span> <span class='ocrx_word' id='word_1_128' title='bbox 876 1877 907 1928; x_wconf 88' lang='lat' dir='ltr'><strong>et</strong></span> <span class='ocrx_word' id='word_1_129' title='bbox 923 1870 1028 1947; x_wconf 90' lang='lat' dir='ltr'><strong>inopes</strong></span> <span class='ocrx_word' id='word_1_130' title='bbox 1046 1887 1135 1929; x_wconf 88' lang='lat' dir='ltr'><strong>sensu</strong></span> <span class='ocrx_word' id='word_1_131' title='bbox 1159 1887 1287 1950; x_wconf 83' lang='lat' dir='ltr'><strong>vocasse,</strong></span> <span class='ocrx_word' id='word_1_132' title='bbox 1308 1878 1341 1929; x_wconf 77' lang='lat'><strong>16</strong></span> 
     </span>
     <span class='ocr_line' id='line_1_17' title="bbox 282 1954 1290 2037; baseline 0.003 -21"><span class='ocrx_word' id='word_1_133' title='bbox 282 1958 360 2037; x_wconf 92' lang='lat' dir='ltr'><strong>quia,</strong></span> <span class='ocrx_word' id='word_1_134' title='bbox 383 1957 460 2016; x_wconf 90' lang='lat' dir='ltr'><strong>sicut</strong></span> <span class='ocrx_word' id='word_1_135' title='bbox 479 1955 552 2015; x_wconf 90' lang='lat' dir='ltr'><strong>dicit</strong></span> <span class='ocrx_word' id='word_1_136' title='bbox 569 1954 728 2034; x_wconf 91' lang='lat' dir='ltr'><strong>apostolus,</strong></span> <span class='ocrx_word' id='word_1_137' title='bbox 751 1957 874 2028; x_wconf 76' lang='lat' dir='ltr'><strong>infirmo</strong></span> <span class='ocrx_word' id='word_1_138' title='bbox 895 1957 987 2017; x_wconf 82' lang='lat' dir='ltr'><strong>buius</strong></span> <span class='ocrx_word' id='word_1_139' title='bbox 1007 1959 1114 2018; x_wconf 82' lang='lat' dir='ltr'><strong>mundi</strong></span> <span class='ocrx_word' id='word_1_140' title='bbox 1135 1960 1232 2033; x_wconf 68' lang='lat' dir='ltr'><strong>clepit,</strong></span> <span class='ocrx_word' id='word_1_141' title='bbox 1255 1965 1290 2019; x_wconf 85' lang='lat' dir='ltr'><strong>ut</strong></span> 
     </span>
     <span class='ocr_line' id='line_1_18' title="bbox 282 2042 1289 2124; baseline -0.001 -18"><span class='ocrx_word' id='word_1_142' title='bbox 282 2043 485 2121; x_wconf 77' lang='lat' dir='ltr'><strong>coufunderet</strong></span> <span class='ocrx_word' id='word_1_143' title='bbox 498 2042 604 2119; x_wconf 80' lang='lat' dir='ltr'><strong>fortio.</strong></span> <span class='ocrx_word' id='word_1_144' title='bbox 650 2042 763 2114; x_wconf 82' lang='lat' dir='ltr'><strong>Quibus</strong></span> <span class='ocrx_word' id='word_1_145' title='bbox 782 2052 881 2104; x_wconf 81' lang='lat' dir='ltr'><strong>tauma</strong></span> <span class='ocrx_word' id='word_1_146' title='bbox 902 2045 1028 2105; x_wconf 82' lang='lat' dir='ltr'><strong>infirmis</strong></span> <span class='ocrx_word' id='word_1_147' title='bbox 1050 2044 1129 2124; x_wconf 87' lang='lat' dir='ltr'><strong>quod</strong></span> <span class='ocrx_word' id='word_1_148' title='bbox 1153 2047 1289 2123; x_wconf 88' lang='lat' dir='ltr'><strong>sequitur</strong></span> 
     </span>
     <span class='ocr_line' id='line_1_19' title="bbox 282 2132 1290 2208; baseline 0.002 -16"><span class='ocrx_word' id='word_1_149' title='bbox 282 2132 367 2193; x_wconf 92' lang='lat' dir='ltr'><strong>dicit:</strong></span> <span class='ocrx_word' id='word_1_150' title='bbox 399 2133 608 2206; x_wconf 72' lang='lat' dir='ltr'><strong>derelinquite</strong></span> <span class='ocrx_word' id='word_1_151' title='bbox 634 2134 852 2207; x_wconf 82' lang='lat' dir='ltr'><strong>insipientium,</strong></span> <span class='ocrx_word' id='word_1_152' title='bbox 883 2139 919 2192; x_wconf 83' lang='lat' dir='ltr'><strong>ut</strong></span> <span class='ocrx_word' id='word_1_153' title='bbox 943 2135 1067 2207; x_wconf 70' lang='lat' dir='ltr'><strong>emeth,</strong></span> <span class='ocrx_word' id='word_1_154' title='bbox 1099 2140 1130 2194; x_wconf 87' lang='lat' dir='ltr'><strong>et</strong></span> <span class='ocrx_word' id='word_1_155' title='bbox 1150 2136 1290 2208; x_wconf 68' lang='lat' dir='ltr'><strong>woerda</strong></span> 
     </span>
     <span class='ocr_line' id='line_1_20' title="bbox 278 2219 1288 2299; baseline 0 -18"><span class='ocrx_word' id='word_1_156' title='bbox 278 2223 490 2298; x_wconf 84' lang='lat' dir='ltr'><strong>prudentiam,</strong></span> <span class='ocrx_word' id='word_1_157' title='bbox 519 2227 554 2280; x_wconf 85' lang='lat' dir='ltr'><strong>ut</strong></span> <span class='ocrx_word' id='word_1_158' title='bbox 581 2221 719 2280; x_wconf 82' lang='lat' dir='ltr'><strong>habeatis</strong></span> <span class='ocrx_word' id='word_1_159' title='bbox 746 2223 845 2280; x_wconf 83' lang='lat' dir='ltr'><strong>vitum.</strong></span> <span class='ocrx_word' id='word_1_160' title='bbox 891 2219 1068 2299; x_wconf 87' lang='lat' dir='ltr'><strong>Participem</strong></span> <span class='ocrx_word' id='word_1_161' title='bbox 1095 2230 1194 2280; x_wconf 89' lang='lat' dir='ltr'><strong>autem</strong></span> <span class='ocrx_word' id='word_1_162' title='bbox 1224 2222 1288 2281; x_wconf 89' lang='lat' dir='ltr'><strong>lieri</strong></span> 
     </span>
     <span class='ocr_line' id='line_1_21' title="bbox 281 2306 1342 2388; baseline -0.001 -19"><span class='ocrx_word' id='word_1_163' title='bbox 281 2325 401 2369; x_wconf 86' lang='lat' dir='ltr'><strong>mensae</strong></span> <span class='ocrx_word' id='word_1_164' title='bbox 425 2307 517 2388; x_wconf 91' lang='lat' dir='ltr'><strong>illius,</strong></span> <span class='ocrx_word' id='word_1_165' title='bbox 546 2309 644 2387; x_wconf 93' lang='lat' dir='ltr'><strong>ipsum</strong></span> <span class='ocrx_word' id='word_1_166' title='bbox 667 2314 713 2368; x_wconf 89' lang='lat' dir='ltr'><strong>est</strong></span> <span class='ocrx_word' id='word_1_167' title='bbox 734 2309 865 2386; x_wconf 90' lang='lat' dir='ltr'><strong>incipere</strong></span> <span class='ocrx_word' id='word_1_168' title='bbox 889 2306 998 2368; x_wconf 90' lang='lat' dir='ltr'><strong>hahere</strong></span> <span class='ocrx_word' id='word_1_169' title='bbox 1022 2311 1118 2368; x_wconf 90' lang='lat' dir='ltr'><strong>vitam.</strong></span> <span class='ocrx_word' id='word_1_170' title='bbox 1162 2307 1237 2368; x_wconf 90' lang='lat' dir='ltr'><strong>Nam</strong></span> <span class='ocrx_word' id='word_1_171' title='bbox 1258 2317 1289 2368; x_wconf 91' lang='lat' dir='ltr'><strong>et</strong></span> <span class='ocrx_word' id='word_1_172' title='bbox 1307 2319 1342 2368; x_wconf 78' lang='lat' dir='ltr'><strong>to</strong></span> 
     </span>
     <span class='ocr_line' id='line_1_22' title="bbox 280 2394 1291 2476; baseline 0 -20"><span class='ocrx_word' id='word_1_173' title='bbox 280 2399 313 2456; x_wconf 91' lang='lat' dir='ltr'><strong>iu</strong></span> <span class='ocrx_word' id='word_1_174' title='bbox 343 2395 400 2456; x_wconf 91' lang='lat' dir='ltr'><strong>alio</strong></span> <span class='ocrx_word' id='word_1_175' title='bbox 427 2395 517 2471; x_wconf 91' lang='lat' dir='ltr'><strong>libro,</strong></span> <span class='ocrx_word' id='word_1_176' title='bbox 545 2398 596 2474; x_wconf 88' lang='lat' dir='ltr'><strong>qui</strong></span> <span class='ocrx_word' id='word_1_177' title='bbox 624 2404 745 2456; x_wconf 85' lang='lat' dir='ltr'><strong>vocatur</strong></span> <span class='ocrx_word' id='word_1_178' title='bbox 768 2395 968 2476; x_wconf 86' lang='lat' dir='ltr'><strong>ecclesiastes,</strong></span> <span class='ocrx_word' id='word_1_179' title='bbox 994 2394 1047 2457; x_wconf 93' lang='lat' dir='ltr'><strong>ubi</strong></span> <span class='ocrx_word' id='word_1_180' title='bbox 1075 2399 1128 2457; x_wconf 89' lang='lat' dir='ltr'><strong>aii:</strong></span> <span class='ocrx_word' id='word_1_181' title='bbox 1156 2397 1223 2458; x_wconf 84' lang='lat' dir='ltr'><strong>Non</strong></span> <span class='ocrx_word' id='word_1_182' title='bbox 1245 2403 1291 2458; x_wconf 79' lang='lat' dir='ltr'><strong>eat</strong></span> 
     </span>
     <span class='ocr_line' id='line_1_23' title="bbox 282 2483 1289 2562; baseline -0.003 -16"><span class='ocrx_word' id='word_1_183' title='bbox 282 2485 392 2546; x_wconf 84' lang='lat' dir='ltr'><strong>bonum</strong></span> <span class='ocrx_word' id='word_1_184' title='bbox 410 2486 531 2558; x_wconf 81' lang='lat' dir='ltr'><strong>homini,</strong></span> <span class='ocrx_word' id='word_1_185' title='bbox 553 2487 613 2544; x_wconf 77' lang='lat' dir='ltr'><strong>nasi</strong></span> <span class='ocrx_word' id='word_1_186' title='bbox 630 2485 712 2558; x_wconf 80' lang='lat' dir='ltr'><strong>qood</strong></span> <span class='ocrx_word' id='word_1_187' title='bbox 727 2485 925 2546; x_wconf 83' lang='lat' dir='ltr'><strong>manducabit</strong></span> <span class='ocrx_word' id='word_1_188' title='bbox 942 2491 973 2545; x_wconf 87' lang='lat' dir='ltr'><strong>et</strong></span> <span class='ocrx_word' id='word_1_189' title='bbox 988 2485 1077 2558; x_wconf 85' lang='lat' dir='ltr'><strong>bibet,</strong></span> <span class='ocrx_word' id='word_1_190' title='bbox 1100 2483 1171 2562; x_wconf 88' lang='lat' dir='ltr'><strong>quid</strong></span> <span class='ocrx_word' id='word_1_191' title='bbox 1194 2483 1289 2544; x_wconf 92' lang='lat' dir='ltr'><strong>credi-</strong></span> 
     </span>
     <span class='ocr_line' id='line_1_24' title="bbox 281 2570 1289 2651; baseline -0.001 -19"><span class='ocrx_word' id='word_1_192' title='bbox 281 2570 371 2632; x_wconf 87' lang='lat' dir='ltr'><strong>bilius</strong></span> <span class='ocrx_word' id='word_1_193' title='bbox 399 2571 499 2633; x_wconf 88' lang='lat' dir='ltr'><strong>dicere</strong></span> <span class='ocrx_word' id='word_1_194' title='bbox 526 2571 720 2651; x_wconf 83' lang='lat' dir='ltr'><strong>intellegitur,</strong></span> <span class='ocrx_word' id='word_1_195' title='bbox 748 2589 836 2650; x_wconf 89' lang='lat' dir='ltr'><strong>quam</strong></span> <span class='ocrx_word' id='word_1_196' title='bbox 863 2571 941 2650; x_wconf 92' lang='lat' dir='ltr'><strong>quod</strong></span> <span class='ocrx_word' id='word_1_197' title='bbox 969 2571 1006 2632; x_wconf 91' lang='lat' dir='ltr'><strong>ad</strong></span> <span class='ocrx_word' id='word_1_198' title='bbox 1033 2574 1289 2651; x_wconf 86' lang='lat' dir='ltr'><strong>participationem</strong></span> 
     </span>
     <span class='ocr_line' id='line_1_25' title="bbox 281 2657 1287 2741; baseline 0.001 -21"><span class='ocrx_word' id='word_1_199' title='bbox 281 2677 402 2720; x_wconf 88' lang='lat' dir='ltr'><strong>mensae</strong></span> <span class='ocrx_word' id='word_1_200' title='bbox 420 2659 508 2720; x_wconf 84' lang='lat' dir='ltr'><strong>hrrius</strong></span> <span class='ocrx_word' id='word_1_201' title='bbox 526 2661 665 2741; x_wconf 87' lang='lat' dir='ltr'><strong>pertinet,</strong></span> <span class='ocrx_word' id='word_1_202' title='bbox 688 2677 775 2738; x_wconf 88' lang='lat' dir='ltr'><strong>quam</strong></span> <span class='ocrx_word' id='word_1_203' title='bbox 793 2657 931 2720; x_wconf 86' lang='lat' dir='ltr'><strong>sacerdos</strong></span> <span class='ocrx_word' id='word_1_204' title='bbox 953 2662 1018 2739; x_wconf 90' lang='lat' dir='ltr'><strong>ipse</strong></span> <span class='ocrx_word' id='word_1_205' title='bbox 1035 2660 1178 2720; x_wconf 86' lang='lat' dir='ltr'><strong>llediator</strong></span> <span class='ocrx_word' id='word_1_206' title='bbox 1200 2669 1287 2721; x_wconf 89' lang='lat' dir='ltr'><strong>testa-</strong></span> 
     </span>
     <span class='ocr_line' id='line_1_26' title="bbox 281 2747 1342 2809; baseline 0.002 -2"><span class='ocrx_word' id='word_1_207' title='bbox 281 2750 376 2808; x_wconf 87' lang='lat' dir='ltr'><strong>menti</strong></span> <span class='ocrx_word' id='word_1_208' title='bbox 408 2749 475 2808; x_wconf 88' lang='lat' dir='ltr'><strong>novi</strong></span> <span class='ocrx_word' id='word_1_209' title='bbox 507 2747 634 2808; x_wconf 81' lang='lat' dir='ltr'><strong>exhibet</strong></span> <span class='ocrx_word' id='word_1_210' title='bbox 655 2747 818 2808; x_wconf 91' lang='lat' dir='ltr'><strong>secundum</strong></span> <span class='ocrx_word' id='word_1_211' title='bbox 846 2748 980 2807; x_wconf 90' lang='lat' dir='ltr'><strong>ordinem</strong></span> <span class='ocrx_word' id='word_1_212' title='bbox 1006 2747 1223 2809; x_wconf 81' lang='lat' dir='ltr'><strong>Melchisedech</strong></span> <span class='ocrx_word' id='word_1_213' title='bbox 1246 2749 1288 2809; x_wconf 70' lang='lat' dir='ltr'><strong>‚de</strong></span> <span class='ocrx_word' id='word_1_214' title='bbox 1308 2758 1342 2809; x_wconf 77' lang='lat'><strong>25</strong></span> 
     </span>
     <span class='ocr_line' id='line_1_27' title="bbox 280 2831 1290 2916; baseline 0.001 -21"><span class='ocrx_word' id='word_1_215' title='bbox 280 2853 408 2916; x_wconf 83' lang='lat' dir='ltr'><strong>corpore</strong></span> <span class='ocrx_word' id='word_1_216' title='bbox 437 2845 466 2897; x_wconf 90' lang='lat' dir='ltr'><strong>et</strong></span> <span class='ocrx_word' id='word_1_217' title='bbox 494 2837 635 2913; x_wconf 85' lang='lat' dir='ltr'><strong>sanguine</strong></span> <span class='ocrx_word' id='word_1_218' title='bbox 664 2831 740 2895; x_wconf 83' lang='lat' dir='ltr'><strong>suo‘l</strong></span> <span class='ocrx_word' id='word_1_219' title='bbox 777 2835 808 2895; x_wconf 96' lang='lat' dir='ltr'><strong>ld</strong></span> <span class='ocrx_word' id='word_1_220' title='bbox 837 2837 917 2896; x_wconf 92' lang='lat' dir='ltr'><strong>enim</strong></span> <span class='ocrx_word' id='word_1_221' title='bbox 944 2837 1121 2897; x_wconf 83' lang='lat' dir='ltr'><strong>sacrificium</strong></span> <span class='ocrx_word' id='word_1_222' title='bbox 1138 2839 1290 2897; x_wconf 67' lang='lat' dir='ltr'><strong>‘successit</strong></span> 
     </span>
     <span class='ocr_line' id='line_1_28' title="bbox 282 2923 1288 3004; baseline 0.001 -21"><span class='ocrx_word' id='word_1_223' title='bbox 282 2923 420 2985; x_wconf 86' lang='lat' dir='ltr'><strong>omnihus</strong></span> <span class='ocrx_word' id='word_1_224' title='bbox 447 2923 506 2984; x_wconf 92' lang='lat' dir='ltr'><strong>illis</strong></span> <span class='ocrx_word' id='word_1_225' title='bbox 534 2925 685 2984; x_wconf 82' lang='lat' dir='ltr'><strong>sacrificiis</strong></span> <span class='ocrx_word' id='word_1_226' title='bbox 712 2925 821 2983; x_wconf 82' lang='lat' dir='ltr'><strong>veteris</strong></span> <span class='ocrx_word' id='word_1_227' title='bbox 850 2927 1033 3004; x_wconf 88' lang='lat' dir='ltr'><strong>testamenti,</strong></span> <span class='ocrx_word' id='word_1_228' title='bbox 1060 2941 1136 3002; x_wconf 88' lang='lat' dir='ltr'><strong>quae</strong></span> <span class='ocrx_word' id='word_1_229' title='bbox 1157 2924 1288 2984; x_wconf 89' lang='lat' dir='ltr'><strong>immola·</strong></span> 
     </span>
     <span class='ocr_line' id='line_1_29' title="bbox 282 3010 1290 3091; baseline 0 -19"><span class='ocrx_word' id='word_1_230' title='bbox 282 3011 391 3074; x_wconf 88' lang='lat' dir='ltr'><strong>bantur</strong></span> <span class='ocrx_word' id='word_1_231' title='bbox 413 3010 443 3072; x_wconf 86' lang='lat' dir='ltr'><strong>id</strong></span> <span class='ocrx_word' id='word_1_232' title='bbox 467 3011 571 3072; x_wconf 89' lang='lat' dir='ltr'><strong>umbra</strong></span> <span class='ocrx_word' id='word_1_233' title='bbox 594 3012 700 3091; x_wconf 89' lang='lat' dir='ltr'><strong>luturi;</strong></span> <span class='ocrx_word' id='word_1_234' title='bbox 728 3011 951 3090; x_wconf 88' lang='lat' dir='ltr'><strong>propterquod</strong></span> <span class='ocrx_word' id='word_1_235' title='bbox 975 3014 1063 3072; x_wconf 88' lang='lat' dir='ltr'><strong>etiam</strong></span> <span class='ocrx_word' id='word_1_236' title='bbox 1086 3030 1188 3072; x_wconf 87' lang='lat' dir='ltr'><strong>vocem</strong></span> <span class='ocrx_word' id='word_1_237' title='bbox 1210 3012 1290 3073; x_wconf 91' lang='lat' dir='ltr'><strong>illam</strong></span> 
     </span>
     <span class='ocr_line' id='line_1_30' title="bbox 281 3098 1290 3179; baseline 0 -19"><span class='ocrx_word' id='word_1_238' title='bbox 281 3103 312 3160; x_wconf 91' lang='lat' dir='ltr'><strong>in</strong></span> <span class='ocrx_word' id='word_1_239' title='bbox 349 3099 461 3178; x_wconf 87' lang='lat' dir='ltr'><strong>psalmo</strong></span> <span class='ocrx_word' id='word_1_240' title='bbox 493 3102 665 3160; x_wconf 89' lang='lat' dir='ltr'><strong>tricensimo</strong></span> <span class='ocrx_word' id='word_1_241' title='bbox 698 3110 728 3160; x_wconf 91' lang='lat' dir='ltr'><strong>et</strong></span> <span class='ocrx_word' id='word_1_242' title='bbox 760 3117 838 3159; x_wconf 91' lang='lat' dir='ltr'><strong>nono</strong></span> <span class='ocrx_word' id='word_1_243' title='bbox 871 3098 1003 3159; x_wconf 89' lang='lat' dir='ltr'><strong>eiusdem</strong></span> <span class='ocrx_word' id='word_1_244' title='bbox 1034 3099 1204 3160; x_wconf 87' lang='lat' dir='ltr'><strong>Mediatoris</strong></span> <span class='ocrx_word' id='word_1_245' title='bbox 1235 3119 1290 3179; x_wconf 89' lang='lat' dir='ltr'><strong>per</strong></span> 
     </span>
     <span class='ocr_line' id='line_1_31' title="bbox 280 3187 1342 3268; baseline 0.001 -20"><span class='ocrx_word' id='word_1_246' title='bbox 280 3188 468 3268; x_wconf 87' lang='lat' dir='ltr'><strong>prophetiam</strong></span> <span class='ocrx_word' id='word_1_247' title='bbox 489 3187 637 3266; x_wconf 91' lang='lat' dir='ltr'><strong>loquentis</strong></span> <span class='ocrx_word' id='word_1_248' title='bbox 665 3189 868 3266; x_wconf 84' lang='lat' dir='ltr'><strong>agnoscimus:</strong></span> <span class='ocrx_word' id='word_1_249' title='bbox 895 3187 1091 3261; x_wconf 76' lang='lat' dir='ltr'><strong>Sacrificium</strong></span> <span class='ocrx_word' id='word_1_250' title='bbox 1113 3194 1144 3248; x_wconf 89' lang='lat' dir='ltr'><strong>et</strong></span> <span class='ocrx_word' id='word_1_251' title='bbox 1165 3189 1288 3248; x_wconf 79' lang='lat' dir='ltr'><strong>oblatio</strong></span> <span class='ocrx_word' id='word_1_252' title='bbox 1309 3199 1342 3249; x_wconf 81' lang='lat'><strong>30</strong></span> 
     </span>
     <span class='ocr_line' id='line_1_32' title="bbox 281 3274 1290 3354; baseline -0.001 -18"><span class='ocrx_word' id='word_1_253' title='bbox 281 3287 350 3337; x_wconf 84' lang='lat' dir='ltr'><strong>uem</strong></span> <span class='ocrx_word' id='word_1_254' title='bbox 367 3279 498 3352; x_wconf 71' lang='lat' dir='ltr'><strong>colobii,</strong></span> <span class='ocrx_word' id='word_1_255' title='bbox 522 3293 633 3352; x_wconf 84' lang='lat' dir='ltr'><strong>corpus</strong></span> <span class='ocrx_word' id='word_1_256' title='bbox 651 3283 751 3336; x_wconf 84' lang='lat' dir='ltr'><strong>autem</strong></span> <span class='ocrx_word' id='word_1_257' title='bbox 768 3274 930 3351; x_wconf 72' lang='lat' dir='ltr'><strong>perfectsti</strong></span> <span class='ocrx_word' id='word_1_258' title='bbox 950 3277 1042 3347; x_wconf 81' lang='lat' dir='ltr'><strong>mibi;</strong></span> <span class='ocrx_word' id='word_1_259' title='bbox 1064 3277 1131 3354; x_wconf 92' lang='lat' dir='ltr'><strong>quia</strong></span> <span class='ocrx_word' id='word_1_260' title='bbox 1154 3293 1209 3353; x_wconf 93' lang='lat' dir='ltr'><strong>pro</strong></span> <span class='ocrx_word' id='word_1_261' title='bbox 1232 3275 1290 3335; x_wconf 91' lang='lat' dir='ltr'><strong>illis</strong></span> 
     </span>
     <span class='ocr_line' id='line_1_33' title="bbox 282 3361 1291 3442; baseline 0.001 -20"><span class='ocrx_word' id='word_1_262' title='bbox 282 3363 421 3424; x_wconf 90' lang='lat' dir='ltr'><strong>omnibus</strong></span> <span class='ocrx_word' id='word_1_263' title='bbox 443 3365 596 3424; x_wconf 89' lang='lat' dir='ltr'><strong>sacrificiis</strong></span> <span class='ocrx_word' id='word_1_264' title='bbox 620 3371 650 3423; x_wconf 94' lang='lat' dir='ltr'><strong>et</strong></span> <span class='ocrx_word' id='word_1_265' title='bbox 672 3361 870 3423; x_wconf 91' lang='lat' dir='ltr'><strong>oblationibus</strong></span> <span class='ocrx_word' id='word_1_266' title='bbox 893 3380 1002 3442; x_wconf 90' lang='lat' dir='ltr'><strong>corpus</strong></span> <span class='ocrx_word' id='word_1_267' title='bbox 1025 3365 1090 3424; x_wconf 92' lang='lat' dir='ltr'><strong>eius</strong></span> <span class='ocrx_word' id='word_1_268' title='bbox 1112 3363 1237 3424; x_wconf 91' lang='lat' dir='ltr'><strong>ollertur</strong></span> <span class='ocrx_word' id='word_1_269' title='bbox 1260 3371 1291 3423; x_wconf 91' lang='lat' dir='ltr'><strong>et</strong></span> 
     </span>
    </p>
   </div>
   <div class='ocr_carea' id='block_1_5' title="bbox 283 3474 1291 3621">
    <p class='ocr_par' dir='ltr' id='par_1_5' title="bbox 283 3474 1291 3621">
     <span class='ocr_line' id='line_1_34' title="bbox 355 3474 1291 3549; baseline -0.003 -16"><span class='ocrx_word' id='word_1_270' title='bbox 355 3481 382 3549; x_wconf 87' lang='grc'><strong>9)</strong></span> <span class='ocrx_word' id='word_1_271' title='bbox 405 3479 482 3533; x_wconf 82' lang='lat' dir='ltr'><strong>Prov.</strong></span> <span class='ocrx_word' id='word_1_272' title='bbox 503 3483 636 3545; x_wconf 82' lang='lat' dir='ltr'><strong>9‚1sqq.</strong></span> <span class='ocrx_word' id='word_1_273' title='bbox 710 3479 753 3543; x_wconf 83' lang='lat' dir='ltr'><strong>ll)</strong></span> <span class='ocrx_word' id='word_1_274' title='bbox 778 3482 801 3528; x_wconf 92' lang='lat'><strong>1.</strong></span> <span class='ocrx_word' id='word_1_275' title='bbox 817 3474 877 3530; x_wconf 80' lang='lat' dir='ltr'><strong>Cor.</strong></span> <span class='ocrx_word' id='word_1_276' title='bbox 898 3481 926 3542; x_wconf 89' lang='lat'><strong>1,</strong></span> <span class='ocrx_word' id='word_1_277' title='bbox 941 3482 983 3531; x_wconf 77' lang='lat'><strong>27.</strong></span> <span class='ocrx_word' id='word_1_278' title='bbox 1058 3479 1101 3544; x_wconf 84' lang='grc'><strong>19)</strong></span> <span class='ocrx_word' id='word_1_279' title='bbox 1123 3474 1201 3529; x_wconf 83' lang='lat' dir='ltr'><strong>Prov.</strong></span> <span class='ocrx_word' id='word_1_280' title='bbox 1221 3479 1251 3542; x_wconf 83' lang='grc'><strong>9,</strong></span> <span class='ocrx_word' id='word_1_281' title='bbox 1265 3480 1291 3530; x_wconf 83' lang='grc'><strong>6.</strong></span> 
     </span>
     <span class='ocr_line' id='line_1_35' title="bbox 283 3546 804 3621; baseline -0.006 -17"><span class='ocrx_word' id='word_1_282' title='bbox 283 3554 329 3621; x_wconf 84' lang='lat' dir='ltr'><strong>aa)</strong></span> <span class='ocrx_word' id='word_1_283' title='bbox 347 3549 437 3604; x_wconf 74' lang='lat' dir='ltr'><strong>heere.</strong></span> <span class='ocrx_word' id='word_1_284' title='bbox 457 3555 482 3613; x_wconf 80' lang='lat' dir='ltr'><strong>s,</strong></span> <span class='ocrx_word' id='word_1_285' title='bbox 499 3553 539 3602; x_wconf 83' lang='lat' dir='ltr'><strong>aa.</strong></span> <span class='ocrx_word' id='word_1_286' title='bbox 595 3549 639 3617; x_wconf 85' lang='lat'><strong>31)</strong></span> <span class='ocrx_word' id='word_1_287' title='bbox 657 3546 701 3602; x_wconf 76' lang='lat' dir='ltr'><strong>Ps.</strong></span> <span class='ocrx_word' id='word_1_288' title='bbox 722 3551 764 3614; x_wconf 86' lang='lat' dir='ltr'><strong>as,</strong></span> <span class='ocrx_word' id='word_1_289' title='bbox 781 3551 804 3601; x_wconf 85' lang='lat' dir='ltr'><strong>r.</strong></span> 
     </span>
    </p>
   </div>
   <div class='ocr_carea' id='block_1_6' title="bbox 283 3679 1292 3820">
    <p class='ocr_par' dir='ltr' id='par_1_6' title="bbox 283 3679 1292 3820">
     <span class='ocr_line' id='line_1_36' title="bbox 356 3679 1292 3751; baseline -0.002 -16"><span class='ocrx_word' id='word_1_290' title='bbox 356 3687 371 3735; x_wconf 77' lang='lat' dir='ltr'><strong>&#39;l</strong></span> <span class='ocrx_word' id='word_1_291' title='bbox 390 3684 498 3736; x_wconf 79' lang='lat' dir='ltr'><strong>cratere</strong></span> <span class='ocrx_word' id='word_1_292' title='bbox 516 3681 545 3737; x_wconf 85' lang='lat' dir='ltr'><strong><em>R</em></strong></span> <span class='ocrx_word' id='word_1_293' title='bbox 564 3681 657 3751; x_wconf 78' lang='lat' dir='ltr'><strong>(Verp.</strong></span> <span class='ocrx_word' id='word_1_294' title='bbox 671 3681 740 3734; x_wconf 81' lang='lat' dir='ltr'><strong>Aeo.</strong></span> <span class='ocrx_word' id='word_1_295' title='bbox 760 3682 787 3746; x_wconf 90' lang='lat'><strong>3,</strong></span> <span class='ocrx_word' id='word_1_296' title='bbox 801 3682 882 3746; x_wconf 80' lang='lat'><em>525);</em></span> <span class='ocrx_word' id='word_1_297' title='bbox 907 3682 1043 3734; x_wconf 82' lang='lat' dir='ltr'><strong>craterem</strong></span> <span class='ocrx_word' id='word_1_298' title='bbox 1061 3679 1154 3734; x_wconf 71' lang='grc' dir='ltr'><strong>ΑΕΘ</strong></span> <span class='ocrx_word' id='word_1_299' title='bbox 1172 3679 1229 3733; x_wconf 88' lang='lat' dir='ltr'><strong>rell.</strong></span> <span class='ocrx_word' id='word_1_300' title='bbox 1248 3680 1292 3748; x_wconf 78' lang='grc' dir='ltr'><strong>υΙ</strong></span> 
     </span>
     <span class='ocr_line' id='line_1_37' title="bbox 283 3748 955 3820; baseline -0.006 -12"><span class='ocrx_word' id='word_1_301' title='bbox 283 3753 409 3808; x_wconf 66' lang='lat' dir='ltr'><strong>mumma</strong></span> <span class='ocrx_word' id='word_1_302' title='bbox 427 3753 544 3820; x_wconf 75' lang='lat' dir='ltr'><strong>RGpo3</strong></span> <span class='ocrx_word' id='word_1_303' title='bbox 563 3751 625 3806; x_wconf 86' lang='lat' dir='ltr'><strong>deu.</strong></span> <span class='ocrx_word' id='word_1_304' title='bbox 644 3751 780 3820; x_wconf 76' lang='lat' dir='ltr'><strong>AFaep3</strong></span> <span class='ocrx_word' id='word_1_305' title='bbox 799 3748 955 3804; x_wconf 84' lang='lat' dir='ltr'><strong>declinetb</strong></span> 
     </span>
    </p>
   </div>
   <div class='ocr_carea' id='block_1_7' title="bbox 0 0 1654 4459">
    <p class='ocr_par' dir='ltr' id='par_1_7' title="bbox 0 0 1654 4459">
     <span class='ocr_line' id='line_1_38' title="bbox 0 0 1654 4459; baseline 0 0"><span class='ocrx_word' id='word_1_306' title='bbox 0 0 1654 4459; x_wconf 95' lang='lat' dir='ltr'><strong> </strong></span> 
     </span>
    </p>
   </div>
  </div>
 </body>
</html>
