3284 4459
556 490 596 530 un
609 490 753 530 cmunru
766 490 820 529 nm
833 490 860 530 n.
873 488 924 530 xx.
938 489 961 530 c.
975 492 994 530 r.
1007 492 1026 531 s.
1075 548 1083 569 '
1237 476 1304 539 423

296 634 365 686 nato
384 633 499 686 constet
518 624 651 704 ecclesie,
674 643 690 685 o
713 624 821 703 quibus
845 624 1022 685 seducendis
1045 623 1094 685 ilio
1118 633 1164 685 est
1188 625 1303 685 vinculo

295 714 485 792 claustroque
504 712 680 792 prohibitus.
726 712 784 772 Sed
803 721 855 773 aut
871 713 919 773 ilie
943 712 1091 773 locutione
1115 713 1226 774 dictum
1250 722 1304 794 est,
1323 716 1327 731 ⁸

294 821 373 881 quoe
392 804 424 862 in
441 803 599 881 scripturis
617 802 795 879 aliquotiens
812 804 970 881 invenitur,
995 801 1089 879 uitalis
1109 810 1154 862 est
1176 804 1207 862 in
1226 801 1303 880 psel-

295 910 359 952 mo:
381 891 435 953 Sic
457 894 540 952 oculi
560 894 659 951 nostri
679 893 723 951 ad
740 891 899 950 Dominum
922 891 1018 949 Deum
1041 897 1184 965 nostrum,
1208 893 1304 952 donec

294 983 480 1041 misereatur
497 982 596 1040 nostri
600 999 613 1050 ,·
635 997 732 1057 neque
756 980 844 1057 enim,
867 996 935 1038 cum
959 980 1099 1038 misertus
1122 979 1220 1058 suern,
1244 997 1303 1039 non
1322 989 1340 1038 5

295 1076 386 1128 erunt
409 1066 486 1128 oculi
509 1085 663 1127 servorum
686 1069 751 1127 eius
774 1067 809 1128 od
833 1066 990 1126 Dominum
1013 1065 1106 1126 Deum
1130 1082 1230 1147 suum3
1253 1074 1305 1129 eut

295 1164 379 1218 certe
397 1158 453 1217 iste
471 1165 518 1216 est
535 1156 609 1215 ordo
628 1155 799 1215 verborum:
823 1155 863 1215 Et
880 1158 992 1215 clausit
1008 1162 1039 1215 et
1059 1158 1192 1228 siynoeit
1211 1172 1305 1231 super

295 1262 373 1319 eum,
388 1247 483 1306 donec
498 1248 650 1317 finiantur
667 1247 748 1305 mille
765 1247 858 1314 annt;
876 1242 955 1320 quod
969 1260 1040 1302 vero
1053 1244 1244 1321 interposuit:
1268 1245 1305 1306 Ut

297 1350 359 1395 non
377 1335 538 1394 seduceret
555 1336 616 1393 tom
632 1340 746 1407 nentes,
769 1334 809 1391 ita
828 1350 859 1391 se
878 1330 975 1411 habet,
998 1339 1032 1391 ut
1054 1330 1090 1391 ab
1113 1330 1202 1391 huius
1226 1332 1303 1392 ordi-

295 1424 345 1481 nis
367 1423 529 1481 conexione
552 1422 591 1481 sit
612 1420 739 1481 liberum
762 1430 793 1479 et
815 1438 935 1479 seorsus
959 1418 1201 1499 intellegendum,
1224 1420 1305 1482 velut
1325 1432 1359 1481 10

296 1512 323 1570 si
350 1519 418 1588 post
445 1508 617 1590 adderetur,
649 1518 682 1570 ut
710 1510 753 1569 sic
783 1526 815 1568 se
844 1507 967 1568 haberet
993 1516 1054 1568 toto
1082 1510 1242 1569 sententie:
1265 1510 1306 1569 Et

296 1600 411 1659 cloost't
432 1605 463 1659 et
477 1601 611 1672 siqnooit
631 1614 818 1674 supereum,
843 1599 939 1657 donec
954 1600 1107 1671 finiantur
1124 1600 1203 1657 mille
1222 1600 1304 1672 anni,

296 1694 413 1748 utnon
435 1688 597 1747 seduceret
619 1690 679 1747 tom
700 1692 824 1760 grentes5
852 1686 882 1745 id
906 1693 964 1765 est,
992 1685 1058 1745 ideo
1083 1685 1188 1746 clausit
1210 1686 1304 1747 donec

296 1776 438 1836 finiantur
461 1774 539 1835 mille
563 1778 640 1855 atini,
663 1785 779 1835 utnon
802 1773 960 1833 seduceret
982 1776 1041 1833 iam
1064 1782 1175 1852 gentes.

691 2015 807 2082 Oneon
830 2016 919 2081 VIII.

497 2146 544 2205 oe
565 2148 740 2220 alteratione
763 2152 794 2206 et
813 2147 962 2206 solutione
985 2146 1105 2205 diaboli.

388 2270 460 2330 Post
480 2271 573 2341 doec,
596 2270 705 2347 inquit,
733 2275 851 2345 oportet
872 2285 939 2329 eom
961 2272 1037 2330 solut
1058 2269 1144 2329 brevi
1165 2276 1305 2344 tempore.

245 2360 250 2366 '
298 2357 332 2418 Si
354 2357 411 2417 hoc
434 2366 480 2417 est
502 2356 617 2416 diabolo
646 2356 729 2435 ligeri
753 2366 782 2416 et
805 2356 929 2436 includi,
957 2356 1111 2416 ecclesiam
1134 2374 1194 2417 non
1217 2374 1304 2435 posse

298 2446 457 2524 seducere,
485 2444 557 2504 haec
580 2463 650 2523 ergo
674 2446 732 2505 erit
754 2444 862 2504 solutio
886 2446 963 2523 ciue,
992 2454 1026 2505 ut
1048 2440 1163 2523 possit?
1207 2443 1304 2524 Absit3

298 2552 460 2612 numquam
479 2535 557 2593 enitn
578 2532 614 2591 ab
632 2532 682 2593 iilo
706 2533 830 2593 ecclesia
853 2532 1013 2593 seducetur
1035 2532 1251 2611 praedestInata
1275 2541 1305 2593 et
1323 2546 1358 2594 20

299 2622 392 2683 electa
424 2629 491 2681 ante
524 2620 627 2681 mundi
660 2622 917 2698 constitutionem,
950 2620 985 2680 de
1017 2640 1074 2699 qua
1104 2620 1215 2681 dietum
1245 2631 1305 2682 est:

299 2711 389 2771 Novit
414 2711 559 2770 Dominus
587 2713 641 2783 qui
665 2716 737 2769 sunt
764 2712 837 2769 edos.
883 2708 921 2768 Et
945 2719 1041 2769 tamon
1065 2709 1113 2769 hic
1136 2711 1194 2769 erit
1216 2711 1305 2770 etiam

298 2798 349 2859 iilo
372 2806 519 2877 ternpore,
550 2815 609 2875 quo
632 2796 790 2857 solvendus
813 2806 860 2857 est
882 2797 1034 2879 diabolus,
1063 2800 1156 2879 sicut,
1186 2816 1221 2858 ex
1245 2816 1304 2876 quo

299 2894 346 2947 est
368 2888 515 2964 institute,
544 2885 592 2945 hio
615 2886 671 2945 iuit
694 2894 724 2945 et
747 2887 804 2945 erit
827 2888 907 2945 omni
930 2896 1078 2969 tempore,
1107 2888 1138 2946 iu
1162 2888 1224 2947 suis
1249 2889 1303 2947 uti·

298 2993 358 3053 quie
391 2977 442 3051 qui
474 2974 638 3033 succedunt
670 2972 816 3033 nascendo
855 2974 1057 3035 morientibus.
1112 2973 1185 3035 Nam
1216 2974 1358 3054 pauloet

298 3072 368 3142 post
386 3062 465 3140 dicit,
489 3061 567 3140 quod
586 3061 701 3122 solutus
720 3060 853 3122 diabolus
873 3062 1009 3123 seductas
1028 3072 1131 3141 gentes
1150 3071 1212 3123 toto
1232 3062 1304 3124 orbe

299 3160 448 3211 terrerum
462 3149 596 3210 adtrehet
609 3152 640 3209 in
654 3149 764 3210 bellum
779 3149 919 3210 adversus
938 3170 1011 3233 eam,
1029 3170 1155 3229 quorum
1175 3151 1304 3211 hostium

299 3256 444 3299 numerus
473 3240 531 3298 erit
558 3246 590 3298 ut
613 3238 722 3298 harena
750 3241 847 3299 maris.
893 3240 933 3299 Et
955 3242 1171 3313 ascenderunt,
1199 3241 1304 3319 inquit,

297 3344 395 3402 supro
419 3333 524 3387 terrae
541 3329 739 3401 latitudinem,
763 3335 793 3387 et
814 3330 981 3389 cinxerunt
1002 3335 1107 3389 costra
1129 3335 1304 3388 sanctorum

298 3421 331 3477 et
353 3416 492 3476 dilectam
515 3418 674 3496 civitatem,
697 3423 727 3477 et
749 3418 906 3476 descendit
927 3418 1006 3491 ionis
1029 3417 1174 3476 decocto
1197 3433 1217 3476 α
1240 3417 1303 3475 Deo
1323 3430 1358 3478 30

333 3542 341 3570 ⁸
371 3569 398 3634 s)
415 3568 461 3623 Pe.
481 3572 584 3635 1222.
623 3573 666 3636 19)
685 3570 770 3639 Apoc.
789 3574 833 3635 eo,
852 3574 876 3622 e.
913 3571 958 3637 oo)
977 3574 1001 3621 2.
1021 3568 1092 3624 uim.
1112 3574 1137 3634 r,
1157 3572 1198 3622 to.

297 3694 512 3706 ——-—-——

370 3766 404 3815 29
424 3778 540 3831 supero
