3284 4459
554 513 594 552 nn
608 511 753 553 omuino
766 512 821 552 om
835 512 860 551 n.
874 513 924 551 xx.
938 512 961 553 c.
976 513 1008 552 ne.
1226 498 1292 562 465

285 651 411 709 multum
443 650 641 721 coniectiones
671 663 757 708 mene
788 648 1013 707 conturbabant
1042 662 1102 721 me,
1134 653 1165 708 et
1191 646 1295 722 forma

286 754 355 797 meo
387 738 536 796 inmutato
568 742 614 797 est
643 753 737 811 svper
763 751 823 809 me,
855 736 1033 796 etcertum
1061 738 1092 796 in
1115 738 1208 795 corde
1230 752 1294 796 meo

286 827 475 886 conservavi.
521 822 667 893 Quattuor
691 823 739 884 illa
763 841 854 901 regna
877 830 1079 901 exposuerunt
1101 822 1219 901 quidam
1242 823 1293 883 As·

286 914 449 993 syriorum,
476 910 648 993 Persarum,
674 911 866 972 Macedonum
895 920 925 971 et
947 911 1155 971 Romanorum.
1201 911 1294 982 Quam

289 1019 359 1061 vero
379 1002 589 1060 convenienter
607 1000 638 1060 id
657 1000 791 1080 iecerint,
813 1001 865 1078 qui
888 1017 974 1059 nosse
998 999 1174 1073 desiderant,
1197 1000 1296 1079 legant
1313 1010 1330 1059 t

288 1088 455 1168 presbyteri
486 1088 657 1168 Hieronymi
690 1088 799 1149 librum
830 1090 862 1148 in
886 1086 1037 1167 Danielem
1074 1088 1145 1148 satis
1179 1087 1295 1148 erudite

288 1177 503 1255 diligenterque
542 1180 751 1256 conscriptum.
809 1176 983 1236 Antichristi
1022 1185 1119 1236 tamen
1156 1176 1295 1236 adversus

288 1265 444 1326 ecclesiam
468 1267 670 1325 saevissimum
697 1283 822 1343 regnum
845 1263 914 1324 licet
937 1266 1042 1343 exiguo
1066 1266 1160 1343 spatio
1183 1274 1295 1343 tempo·

290 1356 333 1418 ris
356 1354 575 1433 sustinendum,
603 1353 698 1413 donec
720 1352 773 1413 Dei
796 1353 899 1413 ultimo
922 1351 1031 1412 iudicio
1054 1370 1179 1431 regnum
1202 1354 1296 1413 sancti

290 1444 435 1522 accipiant
457 1444 685 1522 sempiternum,
712 1443 763 1519 qui
786 1441 831 1500 vel
855 1441 1016 1500 dormitans
1039 1440 1113 1500 haec
1135 1440 1219 1521 legit,
1243 1440 1349 1501 dtr-10

290 1531 385 1591 bitere
413 1548 471 1591 non
501 1532 616 1591 sinitur.
661 1529 791 1608 Tempus
819 1531 928 1609 quippe
953 1537 982 1588 et
1004 1537 1138 1607 tempora
1161 1538 1190 1589 et
1212 1528 1295 1589 dimi-

290 1619 372 1679 dium
397 1620 538 1697 temporis
552 1636 654 1678 vunum
676 1636 785 1678 annum
809 1636 875 1677 esse
898 1625 929 1677 et
951 1616 1010 1677 duo
1034 1626 1063 1677 et
1086 1616 1239 1677 dimidium
1262 1634 1297 1677 ac

291 1725 345 1787 per
373 1706 429 1767 boc
461 1715 524 1766 tres
550 1724 643 1766 annos
670 1715 701 1766 et
728 1708 881 1766 semissem
911 1707 998 1765 etiam
1026 1724 1151 1765 numero
1181 1705 1296 1766 dierum

290 1797 441 1875 posterius
458 1796 555 1874 posito
573 1793 736 1873 dilucescit,
758 1793 915 1873 aliquando
933 1795 963 1853 iu
983 1795 1140 1872 scripturis
1163 1803 1193 1854 et
1216 1812 1296 1853 men—

290 1902 358 1944 sum
377 1901 501 1943 numero
520 1882 693 1943 declaratur.
729 1881 873 1942 Videntur
891 1883 969 1941 enim
988 1890 1122 1961 tempora
1145 1882 1297 1943 indefinite
1317 1892 1349 1942 15

291 1972 341 2031 bic
368 1971 445 2031 dicta
474 1971 572 2050 lingua
599 1970 715 2051 Latina3
743 1970 794 2029 sed
823 1988 876 2048 per
900 1969 1015 2029 dualem
1040 1988 1196 2029 numerum
1219 1970 1298 2030 dicta

291 2068 376 2139 sunt,
403 2077 492 2138 quem
515 2058 611 2119 Latini
639 2077 698 2117 non
725 2058 843 2118 babent.
890 2057 973 2118 Sicut
996 2067 1092 2118 autem
1117 2056 1235 2139 Graeci,
1258 2060 1297 2119 ita

291 2149 372 2208 bunc
403 2147 543 2208 dicuutur
570 2146 679 2206 babere
706 2154 737 2207 et
764 2144 898 2205 Hebraei.
945 2145 994 2205 Sic
1021 2163 1092 2225 ergo
1120 2146 1196 2205 dicta
1227 2155 1297 2206 sunt

292 2246 439 2315 tempora,
467 2244 614 2314 tamquam
647 2236 818 2294 dicerentur
846 2232 904 2294 duo
932 2243 1074 2312 tempora.
1119 2232 1222 2293 Vereri
1249 2251 1296 2293 me

291 2342 363 2385 sane
391 2324 498 2403 fateor,
524 2341 561 2383 ne
584 2326 614 2382 in
637 2323 741 2383 decem
764 2322 896 2400 regibus,
925 2339 999 2399 quos
1023 2331 1170 2400 tamquam
1195 2321 1297 2381 decem
1316 2332 1351 2381 eo

292 2412 429 2473 bomines
457 2412 573 2471 videtur
603 2414 778 2471 inventurus
807 2410 1019 2483 Antichristus
1051 2410 1127 2469 lorte
1155 2408 1298 2478 fallamur,

292 2510 382 2579 atque
403 2503 444 2562 ita
475 2500 526 2561 ille
557 2502 726 2579 inopinatus
757 2500 906 2577 adveniat,
937 2516 996 2558 uon
1028 2494 1224 2558 existentibus
1250 2501 1295 2554 tot

291 2588 414 2667 regibus
436 2590 467 2648 in
490 2587 562 2647 orbe
585 2588 725 2648 Romano.
770 2586 848 2657 Ouid
871 2589 896 2645 si
919 2588 998 2646 enim
1021 2604 1145 2645 numero
1168 2588 1225 2645 isto
1249 2586 1298 2646 de·

292 2678 377 2737 nario
397 2677 572 2736 universitas
590 2694 693 2755 regum
713 2676 873 2754 significata
893 2683 947 2753 est,
969 2682 1037 2753 post
1059 2692 1134 2753 quos
1158 2674 1206 2733 ille
1229 2692 1297 2734 vcn-

294 2774 381 2825 turus
404 2772 461 2844 est3
485 2765 563 2823 sicut
584 2764 761 2843 millenario,
790 2764 975 2844 centenario,
999 2764 1165 2841 septenario
1190 2762 1298 2841 signifi·
1318 2774 1352 2823 to

291 2860 379 2913 catur
401 2852 575 2931 plerumque
603 2854 792 2931 universitas,
820 2860 851 2910 et
873 2850 937 2910 aliis
960 2858 1048 2929 atque
1071 2850 1135 2911 aliis
1158 2854 1299 2932 numeris,

291 2958 370 3020 quos
393 2958 472 3000 nunc
496 2958 725 2999 commemorare
749 2957 808 2999 non
832 2948 878 2999 est
900 2935 1044 2999 necesse?

383 3028 446 3088 Alio
464 3028 529 3087 loco
552 3027 629 3088 idem
649 3027 764 3088 Daniel:
788 3028 828 3087 Et
850 3030 916 3100 erit,
938 3029 1044 3108 inquit,
1067 3035 1180 3103 tempus
1203 3028 1299 3089 tribu·

292 3120 424 3191 lationis,
447 3118 546 3190 qualis
563 3115 701 3191 nonfuit
722 3133 762 3176 ee
784 3132 842 3189 qno
866 3122 940 3175 noto
962 3122 1007 3175 est
1026 3134 1101 3191 qens
1123 3134 1216 3191 super
1239 3124 1297 3175 ter·

293 3222 363 3266 rom
384 3223 480 3279 usque
501 3207 546 3265 od
562 3212 675 3280 tempus
697 3205 780 3264 illud.
826 3203 866 3263 Et
888 3206 919 3262 in
942 3210 1074 3279 tempore
1097 3207 1147 3265 illo
1169 3204 1299 3263 soloobv'·
1318 3214 1355 3266 30

291 3301 347 3354 tur
370 3296 500 3371 popolus
527 3300 596 3353 tuns
624 3294 730 3367 omncs,
763 3294 818 3366 qui
838 3294 975 3352 inventos
994 3291 1093 3367 suerit
1113 3294 1246 3367 scriptos
1268 3294 1300 3351 in

366 3447 393 3513 3)
412 3446 482 3501 Dan.
501 3451 526 3512 t,
546 3450 578 3497 15
598 3461 658 3514 sqq.

367 3632 382 3680 9
402 3626 448 3681 dei
461 3643 511 3682 ont
527 3626 576 3680 Ro
588 3627 598 3694 ΙΙ
613 3630 646 3679 12
661 3624 730 3677 duos
744 3623 876 3679 A²o¹b²o
890 3626 899 3693 ΙΙ
914 3630 947 3677 14
961 3639 1088 3677 mensum
1103 3623 1210 3691 R¹ue13
1228 3641 1305 3678 men-

291 3716 377 3753 suum
390 3697 452 3767 Aq3
469 3697 608 3751 mensium
619 3695 779 3763 R²aoe²po
794 3696 840 3762 (cf.
855 3710 877 3748 c.
888 3699 934 3763 13)
949 3696 958 3763 ll
973 3700 1005 3747 23
1021 3694 1045 3746 si
1060 3695 1134 3747 enim
1148 3712 1201 3749 ross
1216 3697 1304 3764 (tion

290 3786 317 3824 c.
333 3774 368 3823 19
385 3770 469 3834 noo.;
486 3784 508 3822 c.
526 3770 564 3822 26
581 3768 647 3834 ἕως
666 3766 741 3821 enim
759 3766 783 3819 si
801 3784 817 3819 o
836 3766 845 3834 ΙΙ
864 3770 897 3819 29
917 3764 1000 3833 quale
1019 3765 1077 3834 bep

351 3876 408 3907 ano.
421 3876 454 3905 on
468 3876 513 3906 otv.
528 3876 577 3905 nn.
599 3866 630 3904 H.
1060 3860 1093 3908 30
