3284 4459
555 495 596 536 uu
610 493 755 536 cmmaru
768 495 821 535 om
834 495 860 535 u.
873 493 949 537 xm,
963 493 988 536 o.
1001 496 1034 536 ιι.
1048 496 1074 536 ιι
1255 479 1320 544 235

313 647 367 712 pet·
385 630 537 691 intervella
557 637 734 709 temporum,-
756 628 863 707 quihus
886 628 1027 708 leguntur
1049 646 1136 708 paces
1160 629 1320 690 alternasse

313 737 382 780 cnm
409 718 508 798 hellis3
537 725 566 778 et
594 719 785 778 inveniuntur
813 717 872 777 illic
896 720 983 796 pacis
1006 726 1139 797 tempora
1162 715 1321 797 prolixiora

315 825 402 886 quam
434 807 570 866 Salomon
601 805 718 886 habuit,
746 807 797 884 qui
828 805 1020 884 quadraginta
1049 807 1182 884 regnavit
1213 823 1320 885 annos3

315 913 381 956 nam
401 894 457 956 suh
476 913 511 955 eo
529 894 636 974 iudice,
659 896 710 972 qui
733 901 779 953 est
802 893 963 972 appellatus
986 894 1058 974 dod,
1080 896 1229 972 octoginta
1251 897 1321 954 anni

313 986 394 1064 pacis
422 983 551 1044 luerunt.
595 981 680 1042 Absit
708 999 778 1060 ergo
805 991 840 1041 ut
861 980 1027 1042 Salomonis
1056 989 1188 1060 tempora
1211 985 1243 1042 in
1266 983 1355 1042 heco

315 1074 511 1151 promissione
529 1071 678 1150 praedicta
701 1085 766 1130 esse
791 1069 963 1150 credantur3
986 1069 1078 1130 multo
1102 1072 1200 1131 minus
1221 1073 1320 1148 itaque

312 1159 473 1221 cuiuslibet
499 1161 577 1238 regis
605 1159 734 1218 alterius.
779 1157 844 1218 Nou
872 1160 1135 1237 euimquisquam
1163 1175 1268 1219 eorum
1290 1161 1322 1218 in

314 1256 411 1323 tanta,
441 1256 550 1326 manta
578 1247 642 1326 ille,
674 1264 746 1326 pace
774 1249 920 1325 regnavit3
953 1264 1007 1306 uec
1034 1264 1173 1325 umquam
1202 1248 1321 1307 omnino

311 1355 387 1415 gens
412 1335 468 1396 illa
499 1338 539 1396 ita
572 1352 695 1414 reguum
726 1337 838 1415 tenuit,
869 1344 903 1395 nt
932 1334 1056 1396 sollicita
1083 1353 1143 1395 nou
1171 1335 1321 1396 fueritne

313 1423 451 1485 hostibus
489 1422 680 1503 subderetur3
718 1425 785 1501 qnia
818 1425 849 1483 in
882 1431 962 1483 tanta
992 1422 1187 1483 mutabilitate
1203 1464 1205 1471 ,
1220 1440 1321 1483 rerum
1342 1434 1375 1484 to

316 1513 512 1573 humanarum
535 1511 608 1582 nulli
631 1510 785 1589 aliquando
809 1509 918 1590 populo
941 1529 1082 1572 concessa
1105 1521 1151 1572 est
1174 1519 1254 1572 tanta
1267 1528 1322 1571 se·

314 1603 444 1680 coritas,
473 1608 507 1660 ut
536 1599 606 1660 huic
634 1601 708 1659 vitae
735 1599 860 1659 hostiles
887 1617 947 1659 nou
975 1597 1146 1660 formidaret
1175 1602 1322 1660 incursus

315 1686 413 1750 Locus
436 1705 507 1767 ergo
535 1691 605 1766 iste,
633 1689 684 1766 qui
711 1689 895 1766 promittitur
917 1695 978 1748 tam
1000 1697 1119 1767 pacatae
1142 1707 1177 1748 ac
1200 1704 1322 1748 securae

316 1777 520 1856 habitationis,
553 1785 691 1836 aeternus
722 1785 767 1836 est
797 1777 985 1854 aeternisque
1014 1775 1139 1837 debetur
1168 1779 1199 1838 iu
1229 1785 1322 1837 matre

314 1865 500 1926 Hierusalem
528 1863 633 1942 libera,
661 1863 713 1924 uhi
740 1865 797 1925 erit
820 1867 964 1924 veraciter
986 1864 1114 1943 populus
1137 1863 1240 1943 lsrael;
1266 1863 1323 1924 hoc
1343 1876 1376 1925 to

315 1956 396 2013 onim
419 1970 527 2012 nomeu
557 1955 771 2030 interpretatur
793 1952 918 2032 „videns
941 1948 1070 2032 lleum“;
1093 1955 1178 2013 cuius
1201 1953 1325 2032 praemii

311 2041 463 2102 desiderio
491 2043 538 2119 pia
566 2058 620 2119 per
648 2038 734 2101 fidem
763 2041 821 2100 vita
848 2043 879 2101 in
908 2039 963 2100 hac
990 2058 1164 2101 aerumnosa
1193 2043 1323 2120 peregri·

314 2131 435 2190 natione
458 2127 592 2190 ducenda
616 2136 669 2189 est

708 2334 826 2401 Oarur
849 2334 936 2401 XIV.

318 2466 365 2526 Be
386 2465 486 2526 studio
510 2464 613 2525 David
639 2467 671 2525 in
695 2465 889 2540 dispositione
910 2466 1112 2541 mysterioque
1131 2465 1324 2540 psalmorum.
1342 2476 1378 2525 ao

323 2615 326 2619 ·
407 2587 607 2648 Procurrcnle
636 2589 725 2664 igilur
754 2604 809 2664 per
837 2594 970 2666 tempora
994 2587 1109 2646 civitate
1133 2584 1201 2666 Dei,
1229 2587 1325 2665 primo

311 2693 349 2736 tn
373 2673 477 2736 umbra
504 2675 611 2754 loturi,
639 2677 669 2735 in
693 2684 811 2734 terrena
831 2673 944 2734 scilicet
966 2673 1164 2755 Hierusalem,
1194 2677 1326 2753 regnarit

317 2763 417 2824 llavid.
462 2762 534 2823 Erat
560 2773 659 2840 antem
690 2762 779 2822 David
809 2765 854 2823 vir
886 2766 916 2823 in
945 2764 1067 2823 canticis
1094 2763 1242 2842 eruditus,
1274 2766 1325 2842 qui

313 2852 499 2912 harmoniam
523 2854 664 2912 mttsicam
694 2869 753 2910 uon
776 2849 888 2928 vulgari
911 2851 1072 2931 voluptate,
1100 2849 1151 2911 sed
1174 2849 1254 2912 fideli
1275 2870 1325 2911 ro-

319 2940 431 3002 luntate
451 2939 587 3000 dilexerit
609 2957 702 3019 eaque
722 2938 782 2999 Deo
811 2957 875 3018 sno,
898 2941 950 3017 qui
972 2957 1060 2998 verus
1083 2947 1130 2999 est
1152 2938 1241 3020 Dem,
1264 2959 1323 3018 my·
1344 2954 1377 3001 ut

317 3031 393 3089 stica
420 3030 464 3089 rei
492 3045 612 3106 magnae
640 3029 814 3106 figuratione
844 3029 988 3087 servierit.
1033 3026 1223 3088 Diversorum
1246 3030 1325 3088 enim

320 3133 473 3188 sonorum
500 3115 681 3176 rationabilis
720 3115 948 3194 moderatusque
985 3124 1148 3176 concentus
1185 3116 1325 3177 concordi

319 3203 458 3264 varietate
482 3213 663 3282 compactam
686 3202 761 3264 hene
785 3202 936 3263 ordinatae
959 3205 1085 3264 civitatis
1108 3205 1237 3264 insinuat
1260 3205 1325 3264 nni-

318 3291 417 3353 tatem.
463 3290 595 3370 Denique
614 3293 710 3351 omnis
728 3291 790 3351 lere
809 3290 963 3370 prophetia
986 3293 1051 3351 eius
1073 3293 1104 3350 in
1127 3291 1247 3370 psalmis
1271 3299 1325 3372 est,

312 3398 394 3458 qtros
425 3388 543 3440 centum
572 3381 783 3459 quinquaginta
810 3378 886 3438 liber
913 3381 1059 3459 continet,
1089 3396 1178 3458 quem
1200 3378 1324 3458 psalmo·
1343 3393 1378 3441 30

319 3485 387 3528 rum
405 3485 550 3528 vocamus.
595 3466 629 3528 ln
648 3467 755 3546 quihus
774 3466 908 3527 nonnulli
931 3466 1034 3528 volunt
1057 3485 1108 3526 eos
1130 3466 1209 3528 solos
1231 3466 1324 3526 iactos

312 3573 384 3616 εεεε
409 3574 425 3615 a
448 3554 547 3630 David,
570 3557 621 3634 qui
645 3557 708 3616 eius
731 3557 850 3615 nomine
873 3557 1009 3634 inscripti
1032 3562 1110 3615 sunt
1156 3553 1232 3614 Sunt
1253 3556 1326 3616 item

390 3668 417 3735 s)
435 3665 521 3719 tuate.
542 3671 566 3732 e,
581 3669 622 3720 so.

391 3797 407 3845 8
425 3790 521 3858 itaque
540 3806 605 3855 mss;
624 3788 721 3854 ulique
739 3803 756 3840 o
837 3802 839 3805 ·
