3284 4459
359 502 423 566 512
457 569 464 587 Ι
749 513 771 554 s.
784 512 951 556 annosum

357 669 430 731 pora
457 668 525 711 cum
554 646 723 729 spiritibus,
750 647 910 708 daemones
936 655 1036 707 antem
1063 650 1185 727 spiritus
1213 651 1278 709 sine
1302 666 1368 709 nor-

357 738 481 818 poribus
507 737 664 797 haerentes
691 736 836 797 sumendo
863 754 1002 815 poenam,
1032 753 1092 796 non
1115 737 1303 816 inpertiendo
1327 739 1368 797 vi-

358 837 418 887 tam
452 824 656 904 corporalibus
689 823 815 903 ignibus.
866 823 949 885 Unus
981 826 1091 905 quippe
1122 827 1258 903 utrisque
1290 827 1369 904 ignis

358 916 424 994 erit,
447 916 525 974 sicut
546 912 661 974 Veritas
683 912 764 973 dixit.

323 1155 339 1201 a
767 1136 883 1203 (ieeur
906 1138 962 1203 XI.

387 1269 435 1329 An
457 1270 515 1329 boc
536 1271 617 1328 ratio
641 1269 775 1327 iustitiae
795 1268 917 1339 babeat,
940 1274 1057 1328 utnon
1079 1269 1142 1327 slat
1162 1269 1340 1328 extensione

453 1372 623 1433 poenarum
645 1362 790 1430 temporo,
812 1372 904 1428 quom
924 1353 1044 1429 suerint
1061 1361 1270 1431 peccatorum.

448 1478 497 1540 Sic
520 1486 619 1539 autem
647 1478 765 1555 quidam
793 1496 913 1559 eorum,
946 1486 1049 1537 contra
1078 1496 1152 1555 quos
1181 1476 1369 1537 defendimus

359 1570 506 1630 civitatem
530 1566 592 1647 Dei,
616 1568 760 1626 iniustum
782 1574 896 1645 putant,
920 1574 953 1625 ut
975 1584 1029 1644 pro
1053 1567 1183 1644 peccatis
1207 1564 1370 1643 quamlibet

310 1666 340 1714 ιο
359 1658 481 1735 magnis,
502 1672 592 1734 parvo
617 1653 730 1714 scilicet
753 1662 886 1732 tempore
909 1656 1101 1732 perpetratis,
1123 1671 1218 1732 poena
1242 1655 1369 1731 quisque

360 1745 515 1803 damnetur
542 1750 676 1822 aeterna,
704 1744 788 1818 quasi
815 1741 904 1802 ullius
931 1741 961 1802 id
992 1759 1131 1818 umquam
1158 1742 1271 1801 iustitia
1295 1740 1369 1819 legis

359 1831 505 1909 adtendat,
528 1839 562 1891 ut
581 1840 661 1889 tauta
679 1847 761 1889 mora
779 1832 922 1908 temporis
941 1832 1067 1908 quisque
1086 1830 1236 1909 puniatur,
1259 1839 1369 1907 quanta

360 1938 441 1979 mora
459 1920 603 1997 temporis
622 1917 700 1977 unde
724 1920 881 1997 puniretur
905 1918 1030 1977 admisit.
1067 1916 1141 1977 Octo
1165 1934 1276 1995 genera
1298 1935 1369 1996 poe·

360 2025 464 2067 narum
497 2009 527 2066 in
555 2005 670 2084 legibus
698 2023 763 2065 esse
792 2004 895 2065 scribit
918 2004 1047 2081 Tullius,
1079 2005 1232 2086 damnum,
1264 2006 1370 2087 vincla,

309 2108 340 2155 15
359 2094 496 2173 verbera,
518 2094 671 2174 talionem,
694 2095 898 2173 ignominiam,
921 2094 1055 2173 exilium,
1079 2103 1218 2174 mortem,
1242 2095 1368 2154 servitu·

359 2193 428 2244 tem.
474 2182 550 2254 Quid
574 2182 680 2241 horum
711 2191 757 2241 est
780 2180 859 2259 quod
883 2184 912 2240 in
936 2180 1026 2241 breve
1049 2188 1167 2260 tempus
1190 2200 1244 2260 pro
1268 2183 1368 2242 cuius·
1459 2228 1460 2231 ,

360 2291 416 2352 que
436 2274 550 2350 peccati
565 2269 715 2330 celeritate
735 2277 894 2348 coartetur,
914 2279 947 2328 ut
965 2277 1044 2329 tanta
1059 2268 1225 2330 vindicetur
1244 2270 1369 2348 morula,

359 2369 468 2440 quanta
496 2358 727 2438 deprehenditur
755 2365 975 2435 perpetratum,
1006 2359 1064 2417 nisi
1092 2357 1168 2417 forte
1196 2354 1290 2417 talio?
1336 2357 1369 2419 ld

360 2451 439 2509 enim
458 2450 525 2528 agii,
547 2454 582 2506 ut
598 2446 655 2505 boc
673 2446 801 2524 patiatur
825 2447 950 2523 quisque
974 2444 1052 2522 quod
1076 2445 1155 2505 iecit.
1187 2444 1271 2506 Unde
1295 2445 1369 2507 illud

307 2549 341 2597 20
360 2546 406 2597 est
433 2536 519 2615 legis:
555 2535 681 2596 Oculum
705 2550 765 2609 pro
792 2537 893 2606 oculo,
923 2536 1039 2594 dentem
1062 2534 1242 2609 prodente.
1288 2532 1369 2595 Fieri

360 2627 439 2685 eninr
461 2631 573 2703 potest,
601 2630 635 2681 ut
661 2629 720 2681 tam
748 2619 831 2680 brevi
854 2630 987 2699 tempore
1012 2624 1136 2699 quisque
1161 2624 1274 2681 amittat
1297 2640 1368 2682 ocu·

359 2712 421 2772 lum
439 2713 595 2771 severitate
614 2710 770 2787 vindictae,
793 2726 880 2785 quam
905 2708 972 2769 tulit
994 2711 1057 2787 ipse
1081 2708 1166 2769 alteri
1189 2708 1369 2788 inprobitate

359 2801 481 2879 peccati.
527 2797 621 2857 Porro
640 2807 739 2857 autem
759 2799 784 2856 si
802 2796 913 2856 alienae
938 2797 1063 2857 feminae
1086 2797 1221 2858 osculum
1244 2799 1369 2859 infixum

360 2889 482 2947 rationis
501 2888 540 2945 sit
557 2884 681 2945 verbere
700 2884 859 2965 vindicare,
881 2902 980 2945 nonne
999 2887 1051 2963 qui
1069 2884 1139 2945 illud
1159 2894 1269 2964 puncto
1293 2894 1368 2946 tem·

308 2984 341 3033 25
359 2977 441 3055 poris
470 2974 587 3053 lecerit,
610 2972 831 3052 incomparabili
860 2972 1000 3033 horarum
1024 2975 1117 3053 spatio
1141 2973 1315 3033 verberatur
1340 2984 1370 3034 et

360 3065 487 3123 suavitas
507 3060 663 3139 voluptatis
682 3064 803 3139 exiguae
823 3061 963 3121 diuturno
983 3060 1083 3121 dolore
1102 3058 1248 3139 punitur?
1280 3062 1370 3143 Quid,

359 3154 390 3212 in
417 3150 541 3210 vinculis
569 3149 712 3227 numquid
741 3149 851 3208 tamdiu
880 3150 1005 3227 quisque
1033 3148 1209 3210 iudicandus
1231 3157 1279 3210 est
1301 3168 1369 3211 esse

360 3238 483 3316 debere,
513 3237 651 3316 quamdiu
680 3239 750 3297 lecit
777 3237 854 3297 unde
883 3239 992 3297 meruit
1019 3237 1143 3318 alligari,
1171 3255 1239 3297 curn
1267 3240 1369 3299 iustis·

361 3330 433 3387 sime
462 3344 587 3386 annosas
613 3343 724 3404 poenas
752 3343 856 3385 servus
884 3327 914 3385 in
944 3324 1135 3404 compedibus
1164 3325 1288 3404 pendat,
1316 3328 1370 3405 qui

308 3427 341 3474 30
360 3414 449 3475 verbo
468 3420 519 3475 aut
536 3415 598 3474 ictu
617 3411 771 3473 celerrime
790 3420 962 3473 transeunte
982 3412 1026 3472 vel
1045 3412 1192 3474 lacessivit
1214 3414 1369 3475 dominum

426 3524 454 3586 4)
473 3519 523 3572 Mc.
543 3525 586 3586 nc,
600 3525 642 3573 41.
698 3522 743 3588 eo)
761 3518 848 3573 Exco.
869 3526 911 3587 21,
926 3526 968 3573 ec.

427 3655 443 3703 8
458 3651 482 3704 ei
491 3651 519 3703 R
520 3668 550 3718 p,
564 3652 653 3705 ceedo
666 3667 705 3705 an
717 3658 794 3716 recte,
808 3658 866 3704 tum
879 3653 1063 3719 interpmwttb
1076 3654 1155 3719 iufra
1168 3655 1207 3709 sic
1220 3656 1372 3710 mactanda:

357 3720 483 3846 Zffiib:
503 3723 565 3775 octo
583 3723 639 3790 (13)
659 3762 687 3774 ..
707 3722 869 3774 servitutem
884 3722 1000 3791 —qnid
1016 3725 1079 3792 (16).
1119 3724 1159 3792 Of.
1176 3729 1238 3792 503,
1254 3730 1371 3797 idem·

411 3832 421 3859 ι
460 3807 514 3859 899·
