3284 4459
335 515 396 580 148
733 524 754 567 s.
768 525 932 568 cucusam
975 546 977 549 -

331 661 504 742 haberetur,
531 671 561 723 ct
587 663 651 742 ipsc
680 657 854 740 emigravit?
898 661 931 721 ln
955 660 1031 721 libro
1054 663 1132 721 enim
1157 665 1208 741 qni
1231 665 1337 723 inscri-

331 751 412 812 bitur
434 750 546 831 Iudith,
574 768 641 811 cum
671 758 829 829 quaereret
855 749 1044 828 Holoiernes,
1074 749 1169 810 hostis
1191 750 1337 812 Israelita-

331 857 412 919 rum,
439 857 583 918 quaenam
613 838 661 898 illa
684 857 756 918 gens
779 847 871 917 esset,
899 847 1000 898 utrum
1023 837 1164 899 adversus
1187 856 1252 899 cam
1274 839 1337 900 bel·

330 927 450 988 landum
469 928 582 1007 inisset,
606 929 648 988 sic
667 929 695 987 ei
712 924 865 1005 respondit
879 925 987 986 hebior
1010 927 1069 988 dux
1087 926 1338 990 hmmanitarum:

296 1017 446 1077 ndodiot
468 1019 605 1077 dominns
626 1023 729 1076 noster
750 1016 873 1075 verdum
901 1017 939 1075 de
961 1032 1016 1075 ore
1033 1019 1128 1090 pueri
1147 1020 1208 1088 soi,
1236 1024 1266 1077 et
1287 1036 1337 1078 re-

327 1104 430 1180 seram
461 1104 517 1166 tibi
546 1107 703 1164 ceritatem
735 1104 774 1164 de
804 1107 929 1179 populo,
961 1105 1015 1178 qui
1042 1104 1161 1164 habitat
1189 1108 1277 1165 inccta
1307 1113 1339 1166 te

330 1200 502 1254 montonem
524 1194 618 1266 hone,
646 1199 676 1253 et
702 1208 761 1253 non
788 1193 885 1252 exibit
906 1193 1095 1252 mendacium
1119 1195 1157 1253 de
1179 1210 1234 1254 ore
1255 1199 1341 1254 cerci

330 1285 384 1343 tui.
434 1282 520 1342 Haec
547 1284 625 1342 enim
650 1282 812 1357 propenies
836 1283 943 1355 popuii
968 1287 1013 1340 est
1042 1279 1277 1355 Chaldaeorum,
1306 1291 1340 1342 et

331 1376 422 1432 anteo
444 1371 660 1432 habitaverunt
682 1369 945 1444 Mecopctomm,
971 1371 1044 1443 quin
1067 1371 1230 1430 noioernnt
1250 1374 1341 1445 ceqoi

280 1471 311 1519 ro
331 1459 402 1518 deos
421 1465 545 1534 potrum
566 1475 699 1532 cuorum,
722 1459 777 1532 qni
794 1454 924 1530 sumni
946 1459 977 1516 in
1000 1463 1087 1516 terro
1113 1457 1339 1519 chaldoeorum

328 1549 468 1622 aicricsi,
494 1548 550 1607 ced
576 1549 806 1607 declinaverunt
832 1547 872 1605 de
896 1548 947 1604 oia
971 1552 1133 1620 parentum
1159 1563 1283 1607 cnorum
1306 1555 1341 1607 et

330 1637 539 1696 odoraverunt
560 1635 656 1694 Deum
678 1637 769 1706 coeii,
793 1650 881 1709 quem
903 1640 1125 1708 monoceron,
1148 1641 1179 1695 et
1196 1638 1336 1710 proiece-

330 1731 403 1784 runt
425 1739 475 1784 eos
498 1739 517 1782 o
537 1720 623 1797 faeie
650 1725 776 1783 deornm
797 1737 923 1782 suonam
945 1729 976 1781 et
993 1719 1144 1796 superent
1166 1722 1337 1799 Mesopota-

330 1814 421 1871 miam
452 1817 482 1872 et
513 1812 728 1872 habitaverunt
758 1811 802 1870 ihi
833 1812 898 1870 dies
929 1813 1043 1870 multoc.
1098 1811 1244 1885 Dixitque
1276 1813 1338 1872 iilic

278 1911 310 1958 15
329 1900 411 1960 lieno
438 1915 554 1971 eornm,
581 1905 616 1958 ut
642 1901 763 1958 exirent
790 1900 829 1958 de
855 1899 1042 1958 habitatione
1068 1916 1126 1958 rna
1148 1907 1179 1959 et
1200 1902 1282 1958 irent
1303 1903 1338 1960 in

330 1997 445 2048 terram
478 1987 641 2060 Chonoan,
670 1992 700 2046 et
727 1987 1038 2059 illuminaverunt,
1066 1995 1096 2046 et
1118 1995 1231 2066 cetera,
1259 2005 1336 2065 qnae

329 2083 429 2136 narrat
455 2074 564 2136 hohior
587 2075 774 2134 Ammonites.
820 2072 903 2133 Unde
932 2073 1119 2135 manifestum
1148 2083 1193 2134 est
1215 2075 1337 2136 domum

328 2163 441 2224 Therae
467 2164 705 2242 persecutionem
723 2178 838 2240 passam
856 2163 948 2222 inisse
972 2179 988 2221 a
1013 2161 1165 2222 Chaldaeis
1188 2181 1242 2241 pro
1265 2182 1337 2224 vera

295 2280 297 2286 ¹
328 2254 447 2331 pietate,
470 2269 527 2330 qua
550 2268 628 2312 unus
651 2257 681 2311 et
703 2267 791 2310 verus
814 2249 852 2310 ab
873 2252 917 2310 eis
940 2248 1091 2310 colebatur
1114 2249 1201 2311 Deus.

274 2474 308 2522 ao
715 2453 833 2522 Ocnus
854 2455 942 2522 XIV.

365 2587 411 2647 lie
433 2587 522 2648 onnio
548 2584 678 2664 iborae,
700 2587 755 2659 qni
776 2587 807 2646 in
820 2585 955 2732 IChorro
977 2587 1059 2648 vitoe
1079 2603 1155 2648 eoae
1177 2593 1293 2664 ternpus

756 2675 819 2750 imp
831 2675 897 2733 evit.

415 2794 561 2856 Defuncto
589 2803 687 2856 autem
709 2794 805 2855 Thaca
836 2796 865 2855 in
895 2794 1116 2878 Mesopotamia,
1144 2796 1195 2858 ubi
1226 2800 1336 2861 vixisse

327 2881 502 2962 perhibetur
524 2882 668 2943 ducentos
696 2891 726 2945 et
753 2885 884 2962 quinque
907 2900 1013 2965 annos,
1042 2887 1099 2945 iam
1122 2888 1268 2965 incipiunt
1290 2890 1336 2948 in·

275 2966 308 3017 25
328 2971 419 3032 dicari
442 2971 477 3031 ad
496 2971 641 3030 hbraham
665 2971 757 3032 iactae
781 2973 993 3050 promissiones
1011 2971 1073 3051 Dei,
1096 2973 1174 3052 quod
1197 2977 1237 3034 ita
1261 2979 1336 3036 scri-

327 3067 411 3139 ptum
434 3067 492 3120 cst:
516 3060 557 3119 Et
575 3057 705 3134 suerunt
727 3062 791 3120 dies
813 3059 935 3120 iborae
956 3062 988 3120 in
1010 3061 1132 3121 Charra
1155 3066 1288 3139 quinque
1305 3074 1339 3125 et

327 3151 453 3209 docenti
479 3150 569 3228 anni,
599 3154 630 3208 et
658 3154 794 3208 mortuns
823 3155 870 3208 est
898 3147 1001 3208 thara
1029 3151 1061 3209 in
1092 3150 1223 3211 Choma.
1268 3150 1336 3212 Non

327 3237 370 3297 sic
403 3244 501 3296 autem
533 3235 737 3314 accipiendum
769 3243 831 3315 est,
862 3236 947 3313 quasi
979 3253 1081 3297 omnes
1113 3237 1167 3298 hos
1197 3238 1261 3299 dies
1292 3238 1335 3301 ibi

328 3325 430 3403 egerit,
458 3322 510 3384 scd
538 3325 606 3402 qtria
629 3340 732 3384 omnes
755 3322 819 3384 dies
842 3326 917 3384 ritae
942 3341 1022 3405 suae,
1045 3327 1096 3403 qui
1118 3325 1241 3388 inerunt
1263 3331 1335 3388 anni

401 3457 427 3526 2)
446 3453 474 3511 C.
495 3462 519 3523 5,
534 3462 620 3526 bsqq.
676 3461 719 3527 27)
740 3457 806 3513 Gen.
828 3463 869 3525 11,
884 3463 925 3514 32.

402 3587 415 3632 1
436 3580 567 3635 scribitur
587 3583 663 3651 Vni
682 3580 747 3634 olof.
769 3583 866 3654 roeo
878 3583 889 3652 fl
901 3586 919 3635 4
932 3587 958 3638 ct
972 3585 1005 3636 17
1024 3582 1168 3636 ammonii.
1187 3598 1252 3648 οπεος
1273 3580 1342 3634 Am-

329 3650 426 3704 monit.
445 3668 461 3705 o
483 3654 493 3721 fl
516 3657 531 3704 9
550 3651 753 3720 mesopotomia
774 3655 810 3719 Vt
833 3653 863 3706 in
886 3653 1089 3723 mesopotamia
1108 3665 1144 3707 ne
1165 3654 1175 3722 tl
1199 3658 1231 3707 13
1250 3667 1340 3706 meso-

329 3721 484 3845 pgbarpiassn
505 3721 813 3847 VRFGAEogepfoetd,
826 3727 891 3791 26);
909 3723 939 3777 in
952 3725 1103 3848 anepapobss
1121 3729 1156 3778 25
1174 3723 1341 3850 (mg

330 3807 389 3917 tot:
412 3808 501 3931 ht?
519 3809 780 3935 autumi?
794 3809 1030 3920 {titiam
1053 3811 1120 3920 tuit
1132 3796 1229 3934 {ha
1248 3863 1275 3918 a.
1294 3874 1311 3914 η
1331 3866 1341 3933 u

331 3938 364 3988 et
384 3933 466 3988 thara
484 3949 537 3988 mee
554 3950 603 3988 aec.
626 3934 737 4000 Graec.;
755 3950 805 3989 orn.
824 3951 841 3988 c
