3284 4459
629 495 669 534 un
683 493 827 536 emanue
840 495 893 535 nur
907 496 932 534 n.
946 496 1021 535 xm.
1035 495 1059 536 o.
1075 496 1107 536 m.
1299 481 1363 545 589

353 628 479 690 multum
502 622 651 706 peribit?“
696 628 835 700 Quamvis
859 629 948 689 etde
972 632 1044 707 ipsis
1068 627 1179 707 capillis
1202 630 1297 707 possit
1318 631 1363 689 in·

353 719 447 796 quiri,
474 724 576 777 utrum
603 716 706 777 redeat
732 717 875 796 quidquid
899 715 1091 777 tondentibus
1115 716 1231 778 decidit.
1277 716 1363 787 Quod

353 808 378 865 si
401 804 568 868 rediturum
591 814 646 885 est,
670 808 737 884 quis
760 824 820 866 non
844 805 1000 866 exhorreat
1023 805 1101 865 illam
1125 801 1364 865 deformitatem?

352 892 427 953 Nam
456 894 513 954 boo
543 903 574 955 et
601 894 637 955 de
665 893 815 973 unguibus
844 894 960 954 videtur
988 896 1156 954 necessario
1180 902 1363 975 secuturum,

353 991 387 1043 ut
409 981 512 1042 redeat
538 990 598 1044 tam
629 982 754 1043 multum
782 982 861 1060 quod
892 984 1026 1061 corporis
1053 990 1193 1042 curatura
1220 981 1397 1043 desecuit.5

353 1069 392 1131 Et
418 1070 469 1131 ubi
497 1073 554 1131 erit
577 1071 681 1151 decus,
708 1070 787 1149 quod
811 1078 893 1131 certe
916 1073 1024 1151 maius,
1053 1088 1141 1153 quam
1164 1072 1195 1130 in
1218 1072 1274 1131 ista
1297 1089 1363 1131 esse

354 1162 545 1238 corruptione
558 1162 663 1238 potuit,
677 1162 709 1219 in
723 1160 773 1219 illa
787 1163 846 1221 iam
860 1160 1071 1221 inmortalitate
1085 1179 1150 1221 esse
1167 1157 1307 1221 debebit?
1332 1159 1364 1220 Si

354 1256 452 1309 autem
480 1265 539 1307 non
567 1246 689 1328 redibit,
717 1264 787 1325 ergo
814 1245 932 1326 peribit.
977 1246 1042 1317 Quo
1073 1246 1160 1306 modo
1187 1249 1292 1328 igitur,
1319 1250 1363 1307 iu·

355 1338 476 1415 quiunt,
511 1335 634 1413 capillus
669 1337 773 1414 capitis
803 1353 865 1395 non
899 1331 1030 1414 peribit?
1082 1335 1124 1395 De
1161 1338 1253 1395 macie
1291 1354 1363 1415 quo·

355 1441 413 1503 que
442 1423 488 1483 vel
516 1423 695 1503 pinguedine
724 1423 861 1483 similiter
892 1424 1050 1501 disputant.
1102 1422 1175 1483 Nam
1203 1426 1229 1483 si
1257 1436 1416 1503 aequa-10

354 1512 397 1572 les
416 1530 519 1571 omnes
538 1520 634 1591 eruut,
658 1529 718 1571 non
736 1514 840 1590 utique
859 1511 907 1572 alii
926 1513 1027 1592 macri,
1050 1511 1099 1572 alii
1117 1514 1243 1591 pingues
1266 1521 1363 1575 eruut.

355 1599 483 1661 Accedet
501 1618 573 1678 ergo
591 1598 655 1675 aliis
674 1598 792 1680 aliquid,
816 1600 880 1660 aliis
899 1602 1063 1681 minuetur3
1087 1618 1120 1660 ac
1138 1619 1193 1679 per
1215 1600 1271 1660 boo
1294 1618 1364 1682 non,

356 1688 433 1767 quod
462 1697 538 1769 erat,
566 1688 783 1767 recipiendum,
806 1688 859 1748 sed
882 1688 988 1748 alicubi
1012 1688 1179 1748 addendum
1202 1697 1261 1771 est,
1284 1689 1363 1767 quod

356 1777 503 1855 nonfuit,
527 1784 558 1837 et
579 1776 688 1837 alicubi
710 1776 906 1856 perdendum,
932 1776 1011 1854 quod
1035 1777 1098 1838 fuit.

443 1863 484 1924 lle
512 1867 585 1944 ipsis
613 1866 701 1925 etiam
729 1864 970 1944 corruptionibus
999 1871 1029 1925 et
1058 1864 1269 1944 dilapsionibus
1299 1877 1415 1927 cor-15

355 1971 462 2032 porum
492 1961 695 2032 mortuorum,
724 1970 792 2013 cum
820 1951 899 2012 aliud
927 1961 1060 2013 vertatur
1083 1956 1114 2013 in
1137 1954 1303 2034 pulverem,
1333 1956 1364 2014 in

356 2059 443 2101 auras
470 2040 548 2101 aliud
577 2040 744 2115 exhaletur,
772 2043 831 2100 sint
856 2059 929 2119 quos
953 2039 1078 2121 bestiae,
1107 2044 1167 2101 siut
1190 2060 1264 2120 quos
1288 2045 1364 2121 ignis

356 2129 498 2208 absumit,
527 2129 680 2207 naufragio
713 2128 757 2188 vel
791 2128 1027 2207 quibuscumque
1059 2130 1144 2207 aquis
1175 2131 1215 2190 ita
1246 2130 1363 2208 quidam

356 2225 491 2297 pereant,
519 2225 552 2276 ut
579 2234 683 2276 eorum
710 2234 815 2277 carues
842 2219 874 2277 iu
903 2235 1037 2278 umorem
1067 2216 1194 2296 putredo
1217 2216 1365 2299 dissolvat,

357 2324 416 2365 non
446 2304 636 2365 mediocriter
663 2314 874 2384 permoventur
904 2313 991 2383 atque
1022 2307 1120 2365 omnia
1148 2308 1203 2365 ista
1233 2306 1364 2385 recolligi
1383 2320 1416 2367 20

356 2396 388 2453 iu
411 2411 530 2453 caruem
548 2402 579 2453 et
597 2393 793 2471 redintegrari
811 2411 900 2472 posse
923 2412 982 2453 non
1006 2393 1140 2454 credunt.
1186 2391 1363 2454 Consentan-

356 2489 406 2542 tur
429 2483 517 2542 etiam
545 2498 677 2560 quasque
707 2481 863 2541 foeditates
890 2489 921 2541 et
942 2483 1024 2561 vitia,
1052 2483 1113 2541 sive
1141 2480 1274 2541 accidant
1303 2484 1364 2543 sive

356 2578 529 2651 nascantur,
556 2567 609 2630 ubi
635 2578 666 2629 et
692 2577 876 2629 monstrosos
902 2578 1005 2649 partus
1033 2586 1101 2629 cum
1128 2568 1252 2628 horrore
1276 2577 1365 2649 atque

357 2660 499 2719 inrisione
528 2666 773 2739 commemorant,
801 2666 831 2718 et
854 2660 1023 2738 requirunt,
1052 2675 1196 2735 quaenam
1220 2660 1364 2737 cuiusque

357 2745 552 2807 deformitatis
570 2747 751 2806 resurrectio
770 2747 810 2806 sit
827 2746 935 2805 futura.
972 2744 1004 2805 Si
1021 2747 1100 2805 enim
1123 2745 1196 2806 nibil
1218 2746 1275 2807 tale
1299 2746 1364 2807 red·
1384 2760 1417 2809 25

357 2836 402 2894 ire
429 2837 460 2895 iu
488 2853 597 2914 corpus
625 2834 752 2893 bominis
780 2833 956 2913 dixerimus,
987 2836 1210 2913 responsionem
1234 2844 1365 2896 nostram

358 2922 394 2982 de
417 2922 490 2983 locis
509 2922 675 3003 vulnerum,
697 2940 766 2982 cum
789 2921 897 3001 quibus
916 2921 1071 2982 Dominum
1092 2921 1241 2983 Christum
1265 2941 1364 2985 resur-

358 3013 471 3071 rexisse
502 3010 723 3092 praedicamus,
754 3028 786 3069 se
824 3010 1028 3071 confutaturos
1061 3028 1126 3071 esse
1162 3023 1364 3090 praesumunt.

359 3097 418 3160 Sed
440 3100 518 3159 inter
540 3098 613 3158 haec
636 3100 732 3159 omnia
761 3100 894 3175 quaestio
918 3098 1087 3159 difficillima
1109 3098 1157 3160 illa
1180 3101 1365 3179 proponitur,

357 3189 389 3247 in
421 3188 507 3247 ouius
534 3204 652 3246 carnem
681 3186 812 3247 reditura
841 3188 880 3247 sit
907 3204 988 3267 caro,
1020 3205 1078 3265 qua
1106 3204 1214 3265 eorpus
1244 3186 1365 3248 alterius
1384 3201 1417 3250 30

358 3276 505 3336 vescentis
532 3273 659 3334 bumana
686 3276 799 3334 viscera
830 3275 905 3333 fame
929 3274 1122 3353 compellente
1146 3276 1286 3335 nutritur.
1332 3276 1366 3336 ln

358 3365 477 3424 carnem
499 3364 608 3443 quippe
627 3379 768 3422 conversa
787 3371 834 3423 est
852 3364 925 3442 eius,
949 3364 1000 3440 qui
1023 3360 1129 3421 talibus
1151 3363 1224 3423 vixit
1246 3362 1365 3423 alimen-

431 3561 446 3607 7
464 3563 497 3610 ut
508 3556 599 3611 editior
616 3573 684 3626 epo3
702 3556 733 3609 in
746 3555 797 3609 illa
810 3557 891 3610 mori.
907 3555 960 3620 R¹;
979 3554 1009 3608 in
1023 3554 1073 3608 illa
1086 3557 1166 3609 mort.
1182 3555 1258 3621 ΒΝ
1277 3556 1307 3608 in
1320 3555 1371 3609 illa

359 3624 470 3681 inmoti.
484 3628 604 3751 AGop,
622 3627 653 3680 in
670 3626 722 3680 illa
739 3626 770 3679 id
788 3632 803 3681 e
821 3628 932 3681 inmoti.
951 3628 966 3680 b
983 3628 993 3696 ll
1011 3630 1027 3679 8
1046 3642 1112 3695 ergo
1130 3644 1147 3681 o
1164 3629 1173 3696 ll
1194 3632 1225 3679 17
1246 3626 1371 3679 exaletur

359 3697 449 3767 Aeep
470 3699 480 3766 Ι]
504 3700 536 3750 18
559 3715 576 3751 a
598 3696 684 3752 sumit
705 3698 876 3767 RAGuep3
900 3696 1057 3765 absumpsit
1078 3698 1152 3768 ob93
1177 3697 1307 3751 absumat
1327 3715 1344 3753 o
1361 3699 1370 3767 ΙΙ

360 3772 394 3819 22
412 3767 544 3821 accidant
561 3768 778 3838 aenaeum>
797 3771 874 3836 (600,
888 3771 931 3836 3);
951 3767 1087 3821 accedant
1105 3766 1220 3839 Re²p²o
