3284 4459
339 448 403 513 608
739 460 760 503 s
774 460 941 504 sucosam

339 600 422 659 sica
445 597 526 659 nullo
549 597 604 657 deo
628 596 691 657 dari
714 596 896 657 credendum
920 604 979 678 est,
1001 598 1060 657 nisi
1082 596 1119 657 ab
1142 596 1205 676 iiio,
1234 614 1294 675 quo
1319 605 1354 657 et

339 688 395 767 ipsi
418 688 470 765 qui
492 684 601 746 multos
624 684 696 746 deos
719 684 821 745 colunt
844 683 958 745 ouillum
980 685 1084 746 dicunt
1107 702 1173 746 esse
1196 686 1352 745 maiorem

716 926 835 993 Curua
856 927 976 993 XXIII.

375 1059 422 1120 De
442 1059 499 1132 bas,
521 1073 601 1132 qaue
619 1063 748 1133 praeter
770 1058 824 1115 illc
845 1060 936 1129 mma,
958 1073 1039 1131 quae
1060 1057 1145 1117 bonis
1167 1059 1316 1131 maloque

304 1154 321 1205 a
412 1148 583 1208 communia
604 1151 683 1219 sunt,
706 1146 750 1204 cd
771 1146 919 1205 iustorum
941 1145 1075 1205 laborem
1096 1148 1274 1220 specialiter

760 1235 922 1308 pertinent.

427 1357 551 1418 Praeter
572 1355 646 1416 baec
665 1363 763 1416 autem
787 1355 861 1415 maia
883 1355 972 1416 huius
995 1358 1071 1415 ritae
1094 1354 1180 1415 bonis
1203 1356 1350 1434 malisque

340 1449 507 1508 communia
528 1444 639 1505 babent
665 1446 696 1503 iu
720 1461 754 1503 ea
777 1445 848 1504 iusti
871 1445 959 1503 etiam
981 1446 1119 1522 proprios
1141 1444 1286 1522 quosdam
1310 1445 1350 1505 la-

340 1534 428 1596 bores
459 1552 544 1614 suos,
574 1531 682 1612 quibus
713 1530 854 1592 adversus
881 1533 950 1591 vitia
977 1531 1103 1592 militant
1131 1539 1160 1592 et
1190 1534 1222 1593 in
1245 1532 1350 1593 talium

289 1632 321 1682 ιο
340 1622 520 1704 proeliorum
556 1619 799 1699 temptationibus
835 1618 1034 1699 periculisque
1071 1629 1236 1682 versantur.
1290 1621 1350 1681 Ali·

341 1710 458 1790 quaudo
481 1712 560 1770 enim
583 1710 774 1789 concitatius,
797 1708 952 1787 aliquando
976 1710 1143 1791 remissius,
1167 1716 1351 1770 nontamen

341 1799 449 1859 desinit
468 1815 536 1857 caro
555 1798 767 1877 concupiscere
787 1797 928 1856 adversus
948 1798 1085 1875 spiritum
1103 1806 1134 1856 ct
1152 1799 1277 1876 spiritus
1300 1797 1350 1858 ad·

340 1905 444 1947 versus
463 1904 591 1967 caruem,
614 1893 648 1945 ut
666 1903 726 1944 uon
744 1902 779 1944 ea
802 1902 876 1963 quae
900 1884 1035 1945 volumus
1058 1885 1208 1967 iaciamus,
1231 1904 1350 1947 omnem

341 1974 446 2035 malam
460 1975 731 2053 concupiscentiam
750 1972 961 2054 consumendo,
984 1972 1036 2033 sed
1060 1991 1124 2033 eam
1143 1972 1238 2054 nobis,
1257 1993 1350 2053 quau·

289 2073 322 2121 15
340 2072 404 2124 tum
427 2062 567 2123 divinitus
590 2061 682 2122 adiuti
704 2079 876 2141 possumuS,
903 2079 963 2121 non
992 2063 1020 2122 ei
1043 2061 1255 2122 consentiendo
1280 2062 1350 2123 sub·

341 2152 453 2231 damus,
476 2151 581 2229 vigiliis
600 2151 749 2211 coutinuis
768 2148 957 2230 excubantes,
980 2167 1017 2209 ue
1036 2152 1136 2228 opinio
1159 2153 1220 2210 veri
1244 2150 1351 2211 similis

341 2240 429 2322 sallat,
452 2258 489 2300 ue
508 2239 635 2317 decipiat
653 2255 750 2297 sermo
773 2246 920 2311 versutus,
944 2255 981 2297 ne
1005 2256 1037 2297 se
1060 2237 1201 2299 tenebrae
1224 2238 1351 2299 alicuius

341 2330 453 2389 erroris
482 2326 649 2405 oliamdant,
679 2343 716 2385 ne
744 2324 823 2404 quod
850 2324 962 2386 bonum
990 2334 1037 2385 est
1064 2325 1172 2387 malum
1195 2334 1247 2387 aut
1270 2327 1350 2406 quod

342 2416 450 2477 malum
478 2422 524 2477 est
551 2414 663 2475 bouum
685 2430 751 2473 esse
775 2413 927 2492 credatur,
950 2431 987 2474 ue
1010 2412 1047 2473 ab
1068 2414 1116 2474 bis
1138 2433 1213 2492 quiae
1237 2415 1350 2493 agenda

289 2515 323 2564 ao
342 2516 412 2566 suut
439 2512 536 2565 metus
564 2509 692 2577 revocet,
715 2520 753 2561 ue
775 2504 806 2562 in
830 2520 864 2561 ea
887 2519 962 2580 quae
986 2502 1096 2580 agenda
1119 2520 1179 2562 non
1203 2512 1274 2563 sunt
1297 2522 1349 2564 cu·

342 2593 410 2673 pido
433 2594 623 2672 praecipitet,
647 2608 684 2650 ue
707 2607 798 2668 super
820 2589 1002 2650 iracundiam
1025 2589 1069 2649 sol
1092 2590 1221 2672 occidat,
1244 2609 1282 2651 ue
1306 2594 1350 2651 in-

342 2682 480 2741 imicitiae
510 2686 672 2760 provocent
699 2676 735 2738 ad
762 2677 989 2738 retributionem
1016 2678 1085 2737 mali
1110 2696 1166 2757 pro
1193 2678 1283 2760 malo,
1311 2697 1351 2739 ue

342 2767 498 2828 absorbeat
520 2768 675 2827 inhonesta
697 2765 743 2825 vel
765 2766 948 2826 inmoderata
971 2768 1104 2848 tristitia,
1126 2784 1164 2826 ue
1187 2768 1350 2846 inpertien-

342 2856 448 2917 dorum
480 2854 692 2915 beneficiorum
719 2856 834 2933 ingerat
860 2872 944 2914 meus
970 2856 1084 2933 ingrata
1113 2861 1282 2937 torporem,
1311 2873 1350 2916 ue

290 2954 323 3003 aa
342 2943 492 3005 maledicis
516 2941 686 3003 rumoribus
713 2941 789 3002 bona
813 2944 991 3003 couscientia
1016 2943 1168 3023 fatigetur,
1196 2961 1234 3003 ue
1257 2952 1349 3003 teme·

342 3034 418 3093 rania
440 3029 498 3112 <de
517 3029 594 3111 alio>
613 3032 743 3109 suspicio
761 3026 858 3110 <uos>
878 3039 978 3091 nostra
994 3030 1128 3113 decipiat,
1147 3050 1185 3091 ue
1199 3031 1294 3092 aliena
1312 3030 1350 3092 de

342 3120 427 3182 uobis
458 3119 528 3180 ialsa
560 3136 614 3179 nos
647 3118 774 3198 frangat,
807 3136 844 3179 ue
873 3127 977 3197 regnet
1003 3128 1159 3197 peccatum
1185 3122 1217 3180 iu
1245 3128 1350 3181 nostro

342 3208 458 3269 mortali
481 3224 606 3287 corpore
625 3205 661 3266 ad
684 3205 900 3267 oboediendum
923 3206 1077 3267 desideriis
1100 3210 1175 3288 eius,
1196 3225 1234 3268 ue
1258 3226 1349 3269 mem·

342 3295 395 3356 bra
419 3305 518 3356 nostra
546 3292 740 3355 exhibeantur
763 3296 928 3373 iniquitatis
950 3315 1030 3358 arma
1053 3311 1189 3381 peccato,
1218 3319 1256 3360 ne
1279 3318 1349 3361 ocu·

289 3396 323 3445 80
342 3386 389 3447 lus
425 3394 566 3465 sequatur
604 3386 891 3466 concupiscentiam,
928 3403 964 3445 ue
1001 3385 1167 3448 vindicandi
1203 3388 1350 3468 cupiditas

406 3532 450 3599 aa>
469 3528 530 3583 Gal.
550 3534 632 3594 a‚1a.
683 3531 727 3596 aa)
746 3528 816 3597 Epa.
835 3536 862 3597 4,
876 3534 918 3584 aa.
970 3532 1015 3600 aa)
1032 3530 1111 3585 Rom
1132 3536 1157 3598 a,
1172 3537 1206 3586 12
1215 3550 1256 3601 sq.

334 3623 547 3633 ...υ-

407 3675 440 3721 26
469 3669 504 3723 de
527 3669 583 3723 alio
602 3670 652 3739 Ap
670 3669 709 3722 ed.
729 3668 836 3724 Looan.
854 3687 887 3737 c;
914 3686 965 3725 om.
984 3672 1153 3741 Ruaaoep
1170 3674 1211 3727 ed.
1226 3674 1319 3743 princ.
1338 3675 1349 3745 Ι

335 3756 386 3794 uos
408 3738 505 3809 G’pa‚·
527 3756 577 3794 om.
597 3738 813 3808 adamabat
831 3741 870 3794 ed.
887 3742 977 3809 princ.
