3284 4459
557 523 597 564 nu
610 522 752 564 cmreuu
764 522 819 563 um
831 522 857 563 u.
871 523 921 563 xx.
935 521 958 563 c.
971 524 991 563 s.
1006 525 1025 563 e.
1224 506 1288 571 427

283 660 343 720 erit
360 658 525 738 evangelica
543 657 590 717 ille
610 659 770 718 sententia:
796 658 870 729 Quis
888 660 985 717 intrat
1003 662 1034 717 tn
1053 660 1171 719 demum
1190 656 1290 732 sortis,

283 755 320 808 ut
337 764 412 807 rese
429 750 494 808 eius
513 749 633 822 eripiat,
651 748 713 807 nest
725 749 814 822 prius
833 748 1007 819 arttqaverrt
1020 744 1152 820 sortem?
1179 744 1290 805 Secun-

283 836 355 896 dum
374 838 438 895 eius
457 837 536 895 euim
554 836 718 895 sentcntiae
736 837 890 894 veritatem
909 833 981 893 ordo
1000 835 1057 894 iste
1080 842 1214 894 servatus
1237 841 1291 913 cst,

284 933 318 985 ut
331 925 415 1001 prius
428 923 597 1001 alligaretur
611 923 696 982 lortis
711 925 880 1000 ereptisque
895 923 972 982 vasis
990 924 1055 981 eius
1074 921 1159 1000 longe
1174 919 1291 999 lateque

283 1015 315 1072 in
329 1010 466 1072 omuibus
484 1009 622 1090 gentibus
636 1028 672 1070 ex
686 1011 779 1070 firmis
797 1019 828 1069 et
844 1010 970 1070 infirmis
987 1012 1027 1069 ite
1047 1009 1292 1088 multiplicaretur
1310 1018 1327 1066 5

283 1099 423 1178 ecclesia,
451 1108 484 1159 ut
513 1118 550 1159 ex
572 1101 636 1177 ipsc
659 1116 760 1158 rerum
783 1098 923 1158 divinitus
945 1097 1162 1177 praedictarum
1186 1106 1216 1158 et
1238 1100 1291 1157 im-

283 1188 430 1267 pletarum
449 1187 654 1248 robustissima
673 1186 730 1246 lide
749 1188 838 1246 etiem
852 1186 948 1247 soluto
966 1202 1035 1245 vasa
1045 1192 1146 1263 posset
1165 1186 1291 1246 auterre.

284 1275 370 1336 Sicut
388 1278 467 1335 euim
485 1275 636 1335 latendum
659 1282 706 1334 est
727 1274 890 1335 multorum
912 1273 1107 1352 refrigescere
1131 1276 1292 1353 ceritatem,

284 1382 353 1425 cum
390 1363 519 1424 abundat
555 1364 708 1444 iniquitas,
745 1371 775 1423 et
813 1364 962 1423 inusitatis
999 1363 1191 1440 maximisque
1225 1378 1291 1439 per·

285 1451 489 1513 secutiouibus
515 1460 604 1529 atque
627 1450 748 1511 fallaciis
774 1448 883 1511 diaboli
904 1452 962 1511 iem
986 1449 1075 1511 soluti
1097 1468 1164 1531 ecs,
1186 1451 1238 1528 qui
1261 1451 1292 1509 in
1313 1460 1345 1509 10

284 1540 361 1600 libro
390 1542 466 1601 vitae
496 1540 599 1619 scripti
628 1557 689 1600 nou
716 1548 803 1620 sunt,
836 1538 945 1599 multos
972 1556 1038 1598 csse
1068 1556 1220 1599 cessuros:
1252 1539 1292 1597 lta

285 1627 474 1707 cogitandum
502 1636 548 1689 est
574 1645 634 1688 uon
665 1627 760 1688 sulum
784 1645 859 1706 quos
882 1627 976 1687 bonos
999 1626 1101 1686 fideles
1123 1624 1195 1688 illud
1219 1634 1291 1685 tem·

285 1735 343 1797 pus
365 1718 503 1796 inveniet,
526 1716 578 1777 scd
601 1715 759 1777 nonnullos
782 1718 884 1795 etiem,
907 1718 958 1794 qui
981 1716 1054 1775 loris
1077 1714 1172 1775 adhuc
1195 1723 1292 1794 eruut,

285 1805 441 1866 adiuvante
459 1804 513 1864 llei
531 1807 623 1883 gratie
647 1821 701 1883 per
724 1803 992 1864 considerationem
1015 1806 1238 1882 scripturarum,
1260 1804 1292 1863 in

285 1891 396 1972 quibus
414 1902 444 1953 et
461 1892 516 1953 elie
534 1900 565 1952 et
583 1892 651 1952 finis
668 1894 731 1970 ipsc
754 1895 980 1970 praenuntiatus
1003 1902 1058 1972 est,
1081 1909 1169 1969 quem
1192 1893 1293 1952 venire
1313 1898 1347 1950 15

286 1985 344 2042 iem
368 1984 513 2061 sentiunt,
540 1980 575 2040 erl
604 1979 784 2040 credendum
803 1980 886 2058 quod
911 1998 970 2039 noc
994 1979 1154 2040 credebant
1176 1980 1294 2039 iuturus

285 2088 353 2130 csse
381 2070 526 2129 firmiores
554 2078 585 2129 et
611 2067 647 2128 etl
675 2067 853 2128 viucendum
880 2070 969 2127 etiem
998 2086 1057 2128 non
1090 2068 1211 2146 ligatum
1234 2067 1294 2127 dle·

287 2158 388 2219 bulum
411 2158 559 2218 tortiores.
606 2155 691 2227 Quod
715 2158 740 2217 si
763 2159 804 2215 ita
828 2158 894 2236 erit,
916 2163 1074 2235 propterea
1095 2157 1294 2234 praecessisse

286 2247 411 2307 dicenda
435 2253 480 2305 est
503 2247 568 2305 eius
589 2244 730 2324 alligatio,
760 2255 795 2305 ut
817 2254 847 2305 ct
870 2244 950 2321 ligati
973 2252 1004 2304 et
1027 2242 1115 2304 scluti
1138 2242 1294 2322 expoliatio

288 2342 478 2414 sequeretur3
504 2335 643 2412 qucuiem
670 2333 707 2393 tle
735 2333 789 2393 hac
813 2350 846 2392 re
870 2332 1065 2393 dictumest:
1102 2333 1175 2404 Quis
1198 2334 1294 2391 intre·
1314 2341 1348 2391 20

287 2426 333 2485 tit
354 2426 386 2483 in
404 2425 523 2483 domm
537 2420 638 2496 sortr's,
661 2429 696 2482 ut
711 2439 787 2482 vesu
805 2424 871 2482 eius
893 2422 1013 2497 eripiat,
1036 2422 1098 2480 nisi
1115 2422 1204 2496 prius
1227 2421 1293 2479 clli-

284 2514 409 2587 parerit
425 2509 560 2585 sortem?

690 2731 884 2800 omum

293 2865 381 2938 Quod
397 2866 438 2923 sit
454 2878 582 2936 repnum
599 2868 775 2923 sanctorum
792 2878 861 2921 cum
883 2862 1001 2922 Christo
1015 2878 1075 2938 per
1093 2864 1173 2923 mille
1191 2876 1295 2934 annes,

440 2954 524 3013 etin
547 2966 606 3025 que
629 2951 825 3011 dr'scernutur
847 2967 867 3010 c
889 2966 984 3023 reque
1007 2956 1140 3011 aeterno.
1314 2958 1349 3007 25

378 3074 494 3134 lnterea
522 3073 592 3133 dum
615 3071 695 3133 mille
723 3075 808 3131 annis
831 3071 937 3151 ligatus
960 3080 1006 3132 est
1028 3072 1174 3152 diabolus,
1202 3074 1295 3133 sancti

290 3171 416 3241 regnent
437 3179 505 3222 cum
529 3159 646 3221 Christo
675 3163 762 3220 etiam
790 3161 846 3239 ipsi
871 3158 948 3219 mille
972 3162 1069 3241 annis,
1097 3160 1207 3220 eisdem
1230 3162 1294 3220 sine

289 3250 380 3311 dubio
403 3250 561 3311 eteoclem
583 3248 670 3309 modo
693 3247 912 3326 intellegendis,
940 3247 969 3307 id
993 3254 1039 3307 est
1061 3250 1118 3308 isto
1141 3249 1199 3307 iem
1222 3256 1294 3307 tem·
1339 3252 1342 3259 '

289 3358 363 3419 pore
394 3340 503 3417 prioris
534 3339 598 3397 eius
625 3335 776 3397 adventus.
820 3334 952 3414 Excepto
980 3336 1089 3413 quippe
1117 3334 1166 3395 illo
1194 3353 1295 3414 regno,

290 3427 328 3488 de
350 3445 410 3505 quc
426 3430 458 3487 iu
477 3426 535 3486 llue
553 3424 688 3485 dicturus
711 3432 772 3485 est:
802 3423 914 3498 Venite,
937 3424 1089 3485 benedicti
1105 3426 1207 3501 patris
1228 3426 1296 3498 met,
1314 3434 1349 3483 30

359 3542 573 3612 mmmm

360 3705 375 3752 't
389 3703 485 3769 posset
499 3702 671 3772 RG¹cepp3
685 3702 832 3771 pussitAv
845 3704 855 3772 ss
869 3708 901 3755 et
916 3703 972 3771 ipsi
983 3703 1031 3759 tte
1043 3705 1090 3771 (cf.
1101 3707 1164 3770 437,
1175 3710 1301 3773 Ioeqq.);

286 3770 357 3841 ipsis
375 3772 435 3826 Ae
452 3773 510 3827 rell.
528 3791 545 3827 v
