3284 4459
567 500 948 543 numerumnunerum
962 502 985 545 o.
999 505 1032 545 ec
1232 490 1299 558 533

290 652 385 715 usque
412 634 449 696 ad
476 633 525 695 illa
553 636 712 713 impiorum
741 643 888 697 tormenta
910 638 1102 719 protendere,
1129 638 1233 700 saltem
1256 641 1299 701 sic

289 723 476 805 intellegant,
505 731 540 783 ut
566 730 703 782 manente
732 724 762 784 in
790 725 834 784 eis
860 726 905 785 ira
928 724 994 807 Dei,
1022 744 1097 804 quac
1123 727 1155 787 in
1178 736 1299 787 aeterno

290 822 337 873 est
358 812 565 891 praenuntiata
589 809 744 891 supplicio,
767 829 827 871 non
850 815 1000 874 contineat
1022 813 1101 874 Deus
1123 817 1156 877 in
1178 815 1233 877 bac
1256 818 1300 875 ira

290 920 343 961 sua
376 900 581 960 miserationes
614 916 683 959 suas
715 908 745 959 et
777 900 864 959 iaciat
896 918 947 961 eos
979 918 1038 961 non
1070 911 1152 965 tanta
1191 911 1299 982 quanta

289 989 371 1069 digni
394 996 465 1048 sunt
485 1004 649 1066 poenarum
672 989 825 1047 atrocitate
849 991 989 1069 cruciari3
1018 1008 1078 1051 non
1101 1000 1135 1052 ut
1158 1009 1208 1052 eas
1230 1002 1335 1070 poe-5

289 1096 344 1141 nas
371 1075 418 1137 vel
446 1093 605 1153 numquam
633 1074 759 1135 subeant
786 1074 831 1135 vel
859 1074 1014 1155 aliquando
1042 1079 1158 1159 liniant,
1190 1079 1243 1141 sed
1266 1087 1301 1140 ut

289 1184 341 1227 eas
364 1165 497 1225 mitiores
520 1180 609 1242 quam
632 1165 736 1222 merita
760 1172 831 1224 sunt
853 1182 957 1225 eorum
979 1164 1164 1245 levioresque
1188 1169 1300 1246 patian·
1380 1172 1383 1177 '

290 1261 350 1315 tur.
396 1251 445 1312 Sic
477 1252 555 1312 enim
588 1258 619 1311 et
645 1252 689 1311 ira
718 1249 772 1311 bei
798 1250 941 1333 manebit,
969 1261 1000 1314 et
1024 1255 1056 1314 in
1083 1256 1147 1334 ipsa
1173 1256 1218 1316 ira
1247 1271 1301 1315 sua

290 1342 497 1402 miserationes
519 1355 589 1399 suas
611 1356 669 1399 non
690 1339 862 1401 continebit
907 1339 992 1413 Quod
1011 1341 1131 1420 quidem
1149 1360 1209 1403 non
1232 1342 1300 1403 ideo

291 1430 447 1508 confirmo,
470 1429 610 1506 quoniam
632 1445 693 1487 non
715 1429 832 1490 resisto.
1320 1443 1354 1499 to

379 1515 519 1578 Ceterum
537 1533 599 1589 eos,
621 1516 673 1594 qui
691 1523 797 1594 putant
818 1517 974 1578 minaciter
992 1520 1093 1597 potius
1113 1535 1201 1596 quam
1218 1537 1300 1579 vera·

290 1608 366 1668 citer
388 1605 514 1667 dictum:
541 1605 739 1665 disceditea
760 1621 816 1679 me,
838 1608 1002 1682 maledicti,
1025 1609 1056 1667 in
1080 1609 1179 1681 ionem
1202 1614 1299 1668 aeter·

290 1713 375 1775 num,
399 1701 442 1755 et:
464 1692 557 1753 Ibem
578 1695 631 1753 isti
651 1694 684 1753 in
706 1696 886 1769 supplicium
909 1700 1079 1769 oeternum,
1103 1701 1147 1757 etz
1173 1694 1299 1757 Crucia-

290 1784 405 1845 buntur
432 1784 616 1842 insaecula
642 1784 851 1855 soeculorum,
884 1789 927 1843 et:
966 1782 1081 1844 Vermis
1108 1800 1214 1845 eorum
1240 1802 1301 1847 noa

290 1874 421 1933 moritur
448 1875 479 1930 et
500 1871 580 1945 mnis
606 1884 667 1930 noa
694 1872 898 1943 extinputtor,
926 1878 957 1931 et
980 1878 1078 1931 cetera
1101 1870 1190 1932 huius
1213 1871 1302 1952 modi,
1321 1884 1353 1930 15

291 1978 351 2021 non
369 1967 429 2019 um
449 1974 512 2037 ego,
535 1973 623 2035 quam
641 1957 704 2034 ipsa
728 1959 876 2035 scriptura
900 1957 996 2017 divina
1019 1958 1188 2037 planissime
1212 1971 1300 2039 atque

290 2048 461 2126 plenissime
484 2043 637 2122 redarguit
664 2061 699 2103 ac
722 2043 839 2104 relellit.
884 2044 1036 2107 Ninevitae
1059 2048 1169 2126 quippe
1192 2050 1224 2107 in
1246 2048 1301 2109 bac

290 2139 349 2197 vita
367 2140 495 2214 egerunt
512 2133 722 2211 paenitentiam
741 2139 771 2191 et
788 2131 856 2191 ideo
875 2132 1065 2215 fructuosam,
1088 2134 1169 2195 velut
1190 2137 1221 2195 in
1244 2136 1301 2196 hoc

291 2242 362 2303 agro
377 2224 565 2300 seminantes,
588 2221 619 2279 in
638 2237 697 2297 quo
711 2218 791 2281 lleus
809 2219 902 2282 voluit
920 2239 988 2281 cum
1006 2221 1134 2283 lacrimis
1153 2226 1302 2304 seminari,

292 2311 371 2392 quod
394 2317 497 2389 postea
519 2325 587 2368 cum
610 2305 719 2367 laetitia
743 2316 920 2390 meteretur3
948 2318 980 2370 et
1001 2317 1100 2370 tamen
1123 2310 1191 2388 quis
1213 2328 1300 2389 nega·
1320 2322 1354 2373 20

290 2400 344 2481 bit,
367 2397 446 2478 quod
465 2396 608 2456 Dominus
630 2395 776 2475 praedixit
798 2398 829 2456 in
852 2398 896 2458 eis
918 2398 1010 2458 luisse
1034 2395 1222 2481 completum,
1244 2400 1302 2460 nisi

291 2505 396 2569 parum
426 2485 572 2565 advertat,
600 2502 689 2563 quem
718 2484 754 2544 ad
784 2485 905 2545 modum
932 2494 1103 2565 peccatores
1132 2484 1211 2546 Deus
1241 2504 1300 2548 non

292 2574 389 2637 solum
411 2576 514 2654 iratus,
536 2574 748 2633 verumetiam
766 2575 924 2633 miseratus
948 2568 1082 2635 evertat?
1118 2571 1300 2635 Evertuntur

292 2665 371 2725 enim
398 2671 570 2742 peccatores
600 2659 716 2723 duobus
745 2660 854 2741 modis,
882 2669 933 2722 arn
955 2664 1033 2722 sicut
1056 2660 1240 2743 Sodomitae‚
1268 2671 1302 2725 ut

291 2770 346 2832 pro
369 2751 500 2832 peccatis
522 2750 585 2811 suis
608 2750 665 2827 ipsi
687 2748 823 2810 homines
846 2752 1016 2829 puniantur,
1038 2757 1089 2810 aut
1112 2750 1191 2811 sicut
1211 2750 1300 2811 Nine—
1320 2763 1354 2813 25

291 2842 383 2921 vitae,
416 2848 450 2900 ut
474 2840 539 2918 ipsa
565 2836 719 2897 hominum
746 2846 866 2916 peccata
894 2837 1070 2917 paenitendo
1101 2836 1302 2900 destruantur.

291 2928 414 2990 Factum
437 2934 484 2986 est
511 2944 581 3005 ergo
611 2924 690 3004 quod
713 2925 860 3004 praedixit
882 2925 974 3007 Deus3
997 2943 1100 2987 eversa
1123 2933 1170 2987 est
1190 2925 1301 2987 Nineve

292 3034 367 3095 quae
398 3014 472 3075 mala
501 3022 582 3095 erat,
614 3021 645 3073 et
673 3011 751 3073 bona
777 3012 929 3073 aedificata
959 3021 1005 3074 est
1034 3032 1109 3092 quae
1139 3032 1199 3074 non
1229 3023 1300 3075 erat.

293 3103 447 3165 Stantibus
474 3103 554 3162 enim
581 3099 737 3161 moenibus
766 3110 855 3179 atque
879 3100 1015 3163 domibus
1038 3119 1142 3161 eversa
1163 3111 1209 3162 est
1231 3104 1299 3163 civi·

291 3203 337 3253 tas
360 3194 391 3253 in
414 3190 538 3270 perditis
561 3188 702 3249 moribus.
748 3189 789 3250 Ac
812 3190 866 3269 sic,
889 3191 1021 3267 quamvis
1044 3187 1188 3268 propheta
1210 3189 1302 3250 luerit
1319 3202 1353 3251 30

292 3280 501 3359 contristatus,
532 3278 602 3357 quia
628 3293 689 3337 non
715 3286 762 3338 est
789 3277 900 3337 lactum
927 3275 1007 3355 quod
1034 3276 1077 3337 illi
1103 3276 1237 3337 homines
1264 3278 1300 3337 ti·

363 3416 407 3483 m)
424 3413 475 3466 Mc.
495 3418 538 3480 sc,
552 3418 600 3478 413
619 3416 661 3465 co.
700 3412 744 3479 14)
763 3410 849 3479 Apoo.
869 3414 968 3476 eo,1o.
1008 3411 1051 3479 15)
1069 3408 1144 3463 linai.
1162 3414 1205 3478 co,
1220 3414 1254 3465 24
1268 3440 1302 3451 -

290 3484 342 3538 Mr.
363 3489 387 3550 9,
402 3490 503 3553 44sqq.
522 3490 535 3538 ¹?
582 3484 626 3553 18)
644 3482 701 3535 Ion.
723 3486 747 3547 3,
763 3485 849 3548 lsqq.
897 3485 941 3549 20)
959 3480 1003 3534 Ps.
1025 3484 1084 3546 125,
1099 3485 1123 3534 6.

364 3700 396 3750 1o
415 3696 532 3750 moritur
550 3704 581 3763 ῆς
598 3693 733 3748 morietur
751 3693 845 3748 ΒΑΘ
861 3693 919 3747 rell.
936 3694 975 3761 cll
989 3692 1142 3763 stinguitur
1155 3691 1196 3758 R;
1214 3692 1304 3746 extin-

291 3768 394 3837 guetur
411 3769 460 3822 Aa
479 3768 536 3823 rell.
555 3784 585 3833 υς
603 3766 639 3832 cf.
659 3768 853 3835 508,112qq.‚·
872 3768 934 3830 543,
949 3769 964 3816 1
979 3766 988 3833 [Ι
1002 3763 1076 3835 ignis
1095 3780 1188 3818 eornm
1208 3780 1226 3833 p
