3284 4459
563 486 930 554 nn‘omraunnuruxv.
944 507 1000 550 ce.
1248 493 1290 556 73

277 645 369 723 iusto,
392 643 441 702 cni
459 659 566 702 nomen
585 649 649 702 erat
667 641 739 719 Noe,
761 650 792 703 ει
814 643 879 702 eius
902 644 1027 722 coniuge
1049 651 1080 703 et
1102 641 1199 702 tribus
1221 641 1290 702 tiliis

278 731 464 809 totidemque
496 729 636 809 nuribuS,
668 732 719 809 qui
751 729 886 792 homines
917 740 985 790 octo
1016 749 1053 792 ex
1081 729 1130 790 iiia
1156 733 1289 792 omnium

278 821 442 880 vastatione
465 818 632 879 mortalium
655 837 709 898 per
732 836 830 878 arcam
853 818 977 880 evadere
1000 827 1183 880 meruerunt.

369 906 456 979 Quod
473 909 564 986 igitur
584 909 728 985 scriptum
751 916 812 970 est:
835 908 877 968 Et
898 911 1038 982 copnovat
1063 909 1138 968 Cuia
1161 925 1290 970 uxorem

277 1015 380 1070 suam,
408 1003 439 1057 ct
466 998 638 1071 concipiens
667 999 789 1072 peperit
810 996 936 1066 Enoch·
967 1003 997 1056 et
1024 1004 1094 1056 erut
1120 999 1326 1069 oedificantes

279 1089 434 1146 ciuitatem
466 1087 499 1144 in
529 1088 649 1146 nomine
677 1087 737 1157 filii
766 1087 816 1144 eui
845 1085 968 1146 Enoch:
999 1102 1059 1144 non
1092 1092 1139 1146 εει
1169 1084 1290 1162 quidem

279 1191 484 1252 conseqnem,
514 1180 548 1232 ut
576 1173 667 1234 istum
695 1174 825 1250 primum
856 1171 948 1233 titium
975 1173 1113 1251 genuisse
1141 1172 1290 1233 credatur.

279 1261 384 1339 Neque
414 1263 494 1322 enim
523 1260 580 1320 hoc
609 1279 646 1320 ex
676 1278 711 1320 eo
740 1260 903 1339 putandum
932 1270 991 1340 est,
1022 1263 1091 1339 qtria
1117 1261 1214 1321 dictus
1244 1269 1291 1321 est

281 1351 454 1428 cognovisse
477 1366 601 1410 uxorem
624 1367 716 1426 stram,
739 1351 825 1426 quasi
846 1357 918 1410 tunc
940 1364 981 1410 se,
995 1348 1037 1409 iili
1059 1351 1198 1428 primitus
1220 1367 1289 1409 con·

284 1436 450 1498 cumbendo
482 1438 659 1498 miscuisset
708 1436 782 1498 Nam
814 1445 845 1498 et
875 1437 912 1497 de
944 1439 1010 1517 ipso
1041 1446 1125 1516 patre
1157 1439 1290 1498 omnium
1309 1449 1344 1498 to

283 1525 372 1586 Adam
395 1543 456 1588 non
478 1535 550 1586 tnnc
573 1525 669 1586 solum
690 1525 747 1586 hoc
770 1524 964 1599 dictumest,
987 1525 1105 1604 quando
1128 1535 1290 1605 conceptus

284 1623 328 1675 est
340 1613 420 1694 Cain,
436 1632 525 1693 quem
536 1615 766 1692 primogenitum
780 1612 898 1678 vitietur
911 1613 1063 1696 hahuisse3
1085 1617 1290 1676 verumetiam

281 1705 431 1782 posterius
454 1701 557 1764 eadem
580 1705 741 1781 scriptura:
767 1703 924 1776 Conuenit,
946 1705 1056 1784 inquit,
1079 1704 1178 1764 Adam
1195 1704 1291 1764 anm

281 1809 410 1853 aucorem
432 1809 527 1865 suum,
549 1797 579 1852 et
597 1793 736 1866 concepit
758 1797 788 1852 et
805 1794 927 1866 peperit
945 1794 1050 1865 fitium,
1074 1797 1105 1852 et
1125 1795 1292 1853 nominauit

280 1898 389 1942 nomon
408 1882 488 1940 illins
507 1875 587 1940 sete.
620 1877 716 1940 Unde
734 1877 917 1957 intellegitur
933 1881 974 1938 ita
997 1879 1092 1939 solere
1115 1879 1195 1938 iliam
1217 1882 1288 1939 scri·
1309 1887 1343 1937 15

281 1979 400 2047 pturam
431 1967 525 2047 loqui,
557 1968 690 2046 quamvis
722 1985 781 2028 non
812 1985 930 2045 semper
962 1985 1030 2027 cum
1062 1969 1092 2027 in
1120 1986 1154 2027 ea
1183 1967 1291 2046 iegitur

282 2057 376 2117 iactos
404 2056 556 2117 hominum
583 2056 674 2115 inisse
698 2063 872 2134 conceptus,
900 2065 1080 2116 nontamen
1104 2055 1199 2118 solum
1222 2073 1290 2116 eum

282 2148 412 2225 primum
440 2143 496 2204 sibi
527 2163 616 2204 serus
648 2152 775 2222 uterque
802 2145 954 2204 miscetur.
998 2143 1060 2204 Nec
1088 2143 1160 2204 iliud
1188 2160 1289 2205 neces-

284 2236 361 2294 sario
390 2241 436 2293 est
465 2241 653 2312 argumento,
680 2240 715 2292 ut
735 2233 965 2310 primogenitum
988 2234 1065 2311 patri
1088 2235 1290 2293 existimemus

283 2321 395 2402 Enoch,
418 2321 497 2399 quod
520 2323 584 2380 eius
607 2322 725 2382 nomine
748 2319 796 2380 iiia
819 2322 922 2381 civitas
944 2329 1113 2398 nuncupata
1135 2330 1189 2380 est
1225 2319 1291 2380 Non
1310 2332 1345 2381 20

284 2412 363 2470 enim
387 2408 474 2468 abre
499 2417 553 2488 est,
576 2417 609 2469 ut
631 2417 753 2487 propter·
776 2409 902 2486 aliquam
926 2426 1053 2490 oausam,
1075 2427 1143 2469 curn
1167 2418 1197 2470 et
1220 2408 1291 2469 aiios

283 2499 415 2577 haberet,
438 2496 573 2576 diligeret
591 2514 660 2557 eum
678 2504 762 2576 pater
781 2499 889 2557 ceteris
908 2496 1041 2575 amplius.
1086 2495 1189 2576 Neque
1213 2498 1292 2556 enim

285 2595 315 2647 et
337 2585 424 2646 indas
447 2588 662 2664 primogenitus
684 2585 748 2659 init,
772 2604 788 2644 a
812 2604 871 2664 quo
890 2583 996 2645 Iudaea
1019 2587 1223 2664 cognominata
1246 2596 1292 2644 est

285 2685 314 2735 et
336 2674 445 2734 iudaei.
492 2673 549 2734 Sed
573 2675 688 2733 etiamsi
716 2673 862 2734 conditori
886 2675 1011 2733 civitatis
1034 2673 1112 2734 iilius
1134 2676 1191 2734 iste
1214 2673 1291 2733 titius

284 2766 399 2842 primus
429 2770 475 2822 est
504 2770 606 2842 natus,
633 2779 693 2821 non
721 2761 786 2822 ideo
815 2762 978 2841 putandum
1006 2769 1052 2823 est
1074 2771 1146 2822 tunc
1169 2781 1185 2821 a
1207 2772 1291 2841 patre
1311 2771 1345 2820 25

285 2851 422 2919 conditae
444 2851 553 2910 civitati
576 2867 684 2910 nomen
708 2852 771 2910 eius
794 2852 965 2929 inpositum,
988 2850 1105 2928 quando
1129 2859 1214 2911 natus
1238 2858 1293 2930 est,

285 2942 354 3018 quia
374 2957 429 2999 nec
447 2939 587 2998 constitui
610 2947 681 2998 tunc
705 2938 741 2997 ab
764 2956 824 2999 uno
847 2947 964 3018 poterat
987 2941 1098 3019 civitas,
1121 2957 1196 3017 quae
1220 2937 1292 2999 nihii

285 3035 332 3088 est
354 3026 432 3088 aliud
461 3043 549 3105 quam
576 3025 728 3087 hominnm
756 3025 913 3087 multitudo
937 3026 1034 3104 aliquo
1058 3028 1208 3088 societatis
1230 3028 1292 3088 vin·

286 3115 353 3177 culo
373 3115 530 3195 conligata3
553 3115 604 3174 sed
624 3133 692 3175 cnm
710 3115 789 3175 iilius
808 3114 935 3175 hominis
958 3114 1066 3174 familia
1088 3123 1168 3176 tanta
1191 3133 1292 3177 nume·

286 3207 407 3264 rositate
427 3209 585 3284 cresceret,
607 3211 641 3264 ut
659 3202 782 3263 haberet
799 3205 856 3263 iam
875 3203 977 3283 populi
995 3206 1197 3285 quantitatem,
1220 3214 1292 3265 tnnc
1311 3217 1346 3266 30

286 3295 383 3372 potuit
414 3294 517 3370 ntique
549 3291 626 3372 iteri,
653 3300 688 3352 nt
720 3301 749 3352 et
781 3293 977 3352 constitueret
1000 3298 1030 3351 ει
1053 3310 1160 3352 nomen
1183 3295 1292 3372 primo-

287 3381 381 3458 geniti
400 3382 446 3440 sui
464 3379 641 3441 constitutae
659 3381 816 3458 inponeret
835 3381 953 3441 civitati.
990 3379 1060 3440 Tam
1080 3380 1165 3459 longa
1184 3383 1293 3459 quippe

287 3473 344 3529 vita
364 3467 482 3528 illorum
501 3467 654 3529 hominnm
677 3468 742 3549 iuit,
766 3477 799 3530 nt
820 3469 880 3529 iilic
904 3476 1142 3548 memoratorum,
1165 3486 1292 3546 qnorum

359 3606 404 3673 ιε)
422 3601 489 3658 Gen
508 3609 535 3671 4,
555 3608 600 3670 1⁷3
619 3608 662 3658 ne.

359 3777 374 3827 1
394 3772 440 3827 eur
460 3770 549 3839 ren
569 3771 648 3824 curus
667 3769 894 3836 nurcaeep
