3284 4459
350 487 416 552 396
757 498 779 538 a
796 497 965 540 sponsum

350 634 487 696 rantibus
517 632 715 713 Christianos3
746 641 779 693 ut
809 650 893 712 eram,
923 634 976 712 qui
1002 639 1164 710 utrumque
1192 630 1357 712 crediderit,

351 723 438 784 talem
467 720 576 783 Christi
604 722 712 782 iaciant
738 719 935 799 laudatorem,
963 738 1001 780 ns
1029 719 1099 780 velit
1126 737 1192 780 osse
1222 718 1357 780 Christis

351 829 423 891 nus,
453 828 486 870 ac
514 813 557 871 sic
585 811 717 888 quamvis
745 807 781 868 ab
809 808 860 869 illo
886 808 1023 870 laudatus
1049 807 1087 868 ab
1114 811 1240 869 istorum
1263 817 1358 868 tamen

350 899 528 960 daemonum
556 899 708 959 dominatu
735 915 804 958 erim
832 914 893 958 non
919 896 1028 958 liheret
1050 895 1201 977 Christus3
1227 913 1358 976 praeser-

315 999 332 1050 t
350 989 403 1049 tim
428 989 496 1065 qnia
518 988 559 1048 ita
578 985 698 1046 laudant
716 984 877 1065 Christum,
900 994 943 1061 nt,
966 987 1104 1064 quisquis
1125 986 1156 1044 in
1180 1003 1250 1046 eum
1272 983 1358 1045 talem

350 1075 526 1156 crediderit,
556 1074 652 1154 qualis
682 1073 718 1134 ah
748 1075 793 1134 eis
823 1073 1027 1154 praedicatur,
1057 1071 1243 1134 Christianus
1272 1091 1359 1134 verus

350 1182 410 1226 uon
442 1166 496 1244 sit,
535 1163 586 1224 sed
623 1162 817 1224 Photinianus
852 1162 1039 1242 haereticus,
1071 1163 1122 1239 qui
1158 1160 1359 1221 tantummodo

349 1252 509 1332 hominem,
532 1269 591 1312 non
615 1253 703 1312 etiam
727 1249 820 1311 Deum
844 1252 960 1311 noverit
982 1247 1142 1328 Christum,
1164 1257 1196 1310 et
1217 1249 1284 1310 ideo
1306 1267 1361 1328 per

351 1358 420 1402 eum
439 1340 536 1400 salvus
555 1357 621 1400 esse
640 1357 699 1399 non
723 1340 817 1417 possit
840 1356 896 1398 nec
919 1340 1045 1398 istorum
1068 1337 1361 1416 mendaciloquorum

300 1441 332 1492 ιο
351 1427 528 1490 daemonum
551 1428 672 1506 laqueos
699 1429 791 1487 vitare
819 1425 865 1486 vel
888 1426 1012 1487 solvere.
1057 1425 1118 1486 Nos
1141 1433 1240 1487 autem
1263 1444 1360 1504 neque

351 1516 516 1595 Apollinem
544 1517 759 1594 vituperantem
792 1513 943 1576 Christum
971 1531 1069 1593 neque
1096 1512 1227 1574 Hecaten
1257 1532 1362 1593 possu-

352 1622 419 1664 mus
442 1602 605 1682 adprohare
623 1603 799 1663 laudantem.
844 1601 897 1662 llle
921 1605 1031 1681 quippe
1053 1609 1202 1682 nmquam
1226 1604 1363 1681 iniquum
1452 1655 1453 1680 ,

353 1691 502 1753 Christum
535 1691 597 1752 vult
626 1690 723 1770 credi,
755 1709 844 1769 quem
874 1690 1022 1752 iudicibus
1051 1699 1134 1752 recta
1164 1690 1364 1752 sentientibus

353 1779 425 1840 dicit
447 1781 591 1859 occisum3
614 1781 670 1840 ista
693 1779 844 1839 hominem
866 1781 1025 1860 piisimum,
1049 1780 1102 1840 sed
1124 1779 1274 1840 hominem
1299 1788 1363 1840 tan·
1454 1810 1455 1833 t

301 1880 333 1929 to
353 1876 425 1929 tum.
470 1866 534 1928 Una
552 1876 598 1928 est
617 1876 715 1927 tamen
734 1875 765 1928 et
787 1867 867 1927 illius
890 1877 920 1929 et
940 1866 1029 1928 huius
1051 1869 1188 1948 intentio,
1210 1876 1244 1927 ut
1267 1867 1364 1929 nolint
1455 1889 1456 1914 1

352 1955 487 2016 homiues
510 1973 578 2016 esse
600 1954 798 2035 Christianos,
823 1957 905 2036 quia,
933 1957 990 2016 nisi
1013 1954 1173 2016 Christiani
1195 1965 1298 2036 erunt,
1326 1955 1365 2016 ab

353 2061 457 2104 eorum
476 2046 542 2104 erui
560 2052 704 2123 potestate
725 2061 783 2104 non
802 2052 952 2122 poterunt.
992 2042 1051 2103 lste
1070 2062 1141 2104 vero
1159 2043 1366 2126 philosophus,

352 2131 398 2192 vel
422 2135 520 2211 potius
545 2135 596 2210 qui
624 2131 732 2193 talibus
755 2131 897 2193 adversus
920 2129 1103 2192 Christianos
1126 2135 1211 2210 quasi
1233 2132 1366 2192 oraculis
1458 2122 1459 2135 ¹

353 2220 493 2302 credunt,
524 2223 608 2300 prius
636 2221 756 2302 iaciant,
788 2221 814 2280 si
841 2229 980 2300 possunt,
1012 2228 1046 2280 ut
1073 2222 1151 2281 inter
1180 2237 1213 2282 se
1235 2220 1272 2281 de
1296 2223 1365 2300 ipso

301 2322 334 2372 20
353 2308 473 2372 Christo
495 2308 605 2371 Hecate
633 2318 721 2388 atque
744 2306 847 2387 hpollo
870 2309 1054 2369 concordent
1076 2327 1205 2387 avumque
1227 2318 1280 2370 aut
1301 2327 1365 2369 am·

352 2397 391 2459 ho
421 2398 619 2459 condemnent
651 2406 702 2458 aut
733 2396 818 2456 ambo
851 2396 1036 2457 conlaudent.
1087 2396 1172 2467 stod
1205 2398 1231 2458 si
1262 2398 1366 2458 lacere

352 2488 530 2567 potuissent,
553 2485 644 2545 nihilo
663 2487 761 2546 minus
779 2502 835 2544 nos
858 2492 888 2544 et
905 2487 1122 2562 vituperatores
1141 2495 1172 2545 et
1192 2484 1368 2546 laudatores

354 2573 465 2635 Christi
494 2573 611 2634 fallaces
641 2573 799 2634 daemones
829 2574 997 2633 vitaremus.
1052 2571 1126 2634 Cum
1156 2591 1227 2634 vero
1255 2592 1366 2635 eorum

354 2662 428 2722 deus
457 2671 487 2721 et
514 2661 568 2722 dea
594 2664 674 2722 iuter
700 2679 732 2721 se
761 2661 798 2721 de
829 2659 965 2742 Christo,
991 2659 1041 2722 ille
1063 2662 1274 2744 vituperando,
1305 2664 1368 2724 ista

301 2763 334 2813 2⁶
354 2748 498 2810 laudando
526 2748 714 2810 dissentiant:
744 2750 878 2827 prolecto
905 2751 949 2809 eis
976 2747 1248 2829 blasphemantibus
1276 2749 1366 2812 Chri·

354 2839 465 2898 stianos
488 2855 547 2898 non
571 2837 697 2898 credunt
720 2836 863 2919 homines,
886 2839 1016 2898 sirecte
1039 2841 1098 2918 ipsi
1119 2842 1256 2901 sentiant.

443 2924 519 2986 Saue
549 2924 699 2986 Christum
731 2924 852 2985 laudans
884 2925 930 2985 vel
957 2925 1139 3007 Porphyrius
1168 2927 1214 2987 vel
1242 2926 1370 3010 Hecate,

354 3031 422 3076 cum
446 3013 524 3074 dicat
547 3030 614 3074 eum
638 3015 735 3092 ipsum
758 3013 885 3073 fataliter
908 3013 1025 3076 dedisse
1044 3015 1228 3095 Christianis,
1250 3024 1285 3076 ut
1308 3018 1366 3076 im·

354 3101 535 3181 plicarentur
554 3119 665 3181 errore,
683 3119 786 3162 causas
805 3110 902 3161 tamen
922 3103 1064 3184 eiusdem,
1082 3106 1160 3164 sicut
1178 3112 1271 3184 putat,
1289 3121 1369 3183 pan·

302 3204 336 3254 to
354 3190 398 3250 dit
416 3192 537 3251 erroris.
579 3188 658 3259 Quas
677 3198 833 3267 antequam
852 3208 888 3250 ex
906 3189 1005 3251 verbis
1023 3193 1089 3252 eius
1105 3209 1260 3271 exponam,
1276 3195 1368 3271 prius

355 3295 478 3358 quaero,
506 3280 531 3338 si
561 3277 687 3338 letaliter
711 3277 792 3337 dedit
815 3276 951 3338 Christus
974 3278 1149 3340 Christianis
1172 3284 1284 3341 erroris
1307 3283 1365 3342 im·

354 3366 555 3448 plicatiouem,
582 3374 683 3426 utrum
714 3365 814 3424 volens
838 3382 874 3424 an
899 3365 1002 3427 nolens
1026 3367 1149 3429 dederit.
1196 3367 1227 3428 Si
1251 3369 1366 3449 velena,

355 3474 414 3533 quo
438 3454 525 3515 modo
548 3450 666 3515 iustus?
690 3453 721 3513 Si
744 3453 856 3534 nolens,
880 3472 938 3532 quo
963 3455 1049 3514 modo
1071 3452 1198 3516 beatus?
1221 3455 1279 3516 Sed
1302 3460 1365 3518 iam

354 3561 457 3604 causas
485 3545 578 3622 ipsius
606 3541 758 3602 audiamus
786 3543 906 3602 erroris.
949 3542 1068 3624 „Sunt,
1096 3546 1208 3625 inquit,
1237 3547 1366 3624 spiritus

355 3689 566 3699 ——.-.—-——

427 3771 458 3818 13
477 3763 559 3818 indic.
574 3761 712 3832 sares
731 3767 883 3834 (393,15);
903 3784 921 3821 a
938 3768 1023 3822 indic.
1045 3768 1194 3842 aranas
