3284 4459
581 531 1046 574 oncrvrrarsnmnxlv.e.1u
1272 516 1315 581 37

304 672 405 725 tamen
433 682 488 744 per
513 667 657 729 iustitiam
684 666 863 727 dominantis
889 662 956 748 boi,
986 664 1035 727 oni
1062 664 1173 727 subditi
1201 667 1313 726 servire

305 752 465 834 noluimus,
488 770 556 815 caro
574 764 676 815 nostra
694 754 789 836 nobis,
812 772 887 833 quae
905 753 1023 815 subdita
1041 754 1147 835 luerat,
1171 772 1229 813 non
1252 772 1315 816 ser·

304 840 413 902 aiendo
427 842 551 903 molesta
565 844 613 924 sit,
636 844 768 921 quamvis
786 860 842 903 nos
861 842 921 903 Deo
939 858 1000 903 nou
1019 842 1174 903 serviendo
1197 842 1314 903 molesti

305 928 392 989 nobis
424 933 608 1009 potuerimus
641 949 719 1013 esse,
751 948 812 991 non
843 927 910 992 illi?
951 928 1055 1009 Neque
1085 932 1164 991 enim
1192 931 1235 991 sic
1263 929 1313 991 ille

305 1026 418 1091 nostro,
441 1026 476 1079 nt
493 1037 548 1079 nos
566 1021 688 1080 servitio
711 1021 846 1099 corporis
867 1019 1047 1101 indigemus,
1069 1027 1101 1080 et
1121 1019 1189 1079 ideo
1212 1027 1348 1079 nostrat

306 1106 455 1185 estquod
477 1109 652 1188 recipimus,
674 1126 733 1168 non
757 1106 836 1167 illins
857 1125 953 1187 poena
975 1108 1054 1187 quod
1077 1108 1210 1168 lecimus
1256 1106 1314 1168 uo-

307 1193 386 1254 lores
403 1212 503 1276 porro,
526 1196 578 1274 qui
595 1195 737 1257 dicuntur
759 1197 866 1277 carnis,
888 1197 1001 1257 animae
1024 1198 1148 1257 suntin
1171 1213 1259 1256 carne
1282 1205 1314 1257 et

307 1300 343 1342 ex
366 1300 463 1344 carne.
510 1282 587 1353 Quid
613 1286 693 1345 enim
721 1302 790 1345 curo
813 1302 867 1362 per
889 1301 923 1345 se
945 1286 1038 1363 ipsam
1061 1286 1126 1346 siue
1149 1286 1245 1345 anima
1267 1283 1314 1344 vel

306 1369 386 1431 dolet
407 1370 453 1431 vel
475 1368 681 1451 concupiscit?
726 1370 785 1434 Sed
808 1372 888 1450 quod
915 1375 1126 1451 concupiscere
1149 1390 1218 1433 caro
1242 1372 1313 1432 diei·

306 1465 355 1519 tm
377 1458 424 1519 vel
447 1459 556 1541 dolere,
579 1467 631 1521 aut
653 1462 716 1540 ipse
738 1459 829 1521 bomo
851 1468 910 1541 est,
933 1461 1011 1521 sicut
1033 1460 1238 1540 disseruimus,
1260 1468 1312 1521 aut
1333 1472 1366 1521 ιο

305 1545 415 1625 aliquid
439 1549 566 1630 animae,
593 1549 672 1628 quod
696 1550 794 1609 curnis
815 1548 907 1609 afficit
929 1550 1041 1631 passio,
1070 1548 1116 1608 rel
1139 1566 1256 1628 aspera,
1279 1556 1313 1610 ut

304 1634 392 1695 iaciat
415 1634 560 1717 dolorem,
592 1636 638 1698 vel
659 1636 749 1717 lenis,
772 1645 806 1697 ut
828 1636 1014 1715 voluptatem.
1060 1634 1118 1697 Sed
1142 1635 1226 1697 dolor
1249 1654 1312 1696 car·

304 1725 352 1783 nis
374 1731 491 1785 tantum
518 1723 605 1785 modo
633 1726 756 1786 offensio
783 1732 831 1785 est
856 1725 970 1785 animae
999 1743 1035 1785 ex
1059 1743 1148 1786 carne
1170 1733 1201 1785 et
1224 1742 1312 1803 quae·

304 1810 372 1872 dem
400 1810 437 1871 ab
465 1814 529 1873 eius
556 1814 693 1891 passione
716 1812 875 1893 dissensio,
904 1814 982 1874 sicut
1004 1814 1094 1873 animi
1116 1812 1213 1894 dolor,
1236 1830 1311 1891 quae

303 1901 425 1961 tristitia
457 1908 661 1982 nuncupatur,
692 1899 838 1961 dissensio
870 1910 916 1961 est
949 1900 985 1961 ab
1017 1901 1064 1961 bis
1096 1900 1202 1980 rebus,
1236 1919 1312 1979 quae
1332 1911 1365 1961 15

303 1986 391 2047 nobis
422 1988 592 2049 nolentibus
623 1988 804 2050 acciderunt.
859 1988 918 2049 Sed
954 1991 1105 2051 tristitiam
1136 1988 1312 2069 plerumque

303 2076 456 2155 praecedit
479 2084 585 2157 metus,
608 2079 659 2155 qui
682 2079 797 2156 etipse
820 2078 852 2137 in
875 2072 970 2137 anima
994 2085 1055 2159 est,
1078 2095 1137 2138 non
1159 2076 1191 2138 in
1214 2096 1312 2139 carne.

303 2162 442 2224 Dolorem
471 2173 570 2226 autem
597 2166 694 2225 earnis
725 2183 783 2225 nou
814 2164 966 2244 praecedit
997 2165 1075 2226 ullus
1103 2168 1187 2244 quasi
1214 2174 1313 2226 metus

304 2254 418 2334 carnis,
441 2254 493 2332 qui
515 2260 582 2314 ante
605 2252 738 2313 dolorem
760 2254 791 2313 in
814 2271 904 2314 carne
928 2256 1081 2315 sentiatur.
1125 2252 1312 2333 Voluptatem

303 2358 375 2401 vero
405 2341 557 2420 praecedit
587 2342 735 2421 appetitus
765 2341 897 2422 quidam,
928 2343 979 2420 qui
1006 2344 1135 2403 sentitur
1161 2344 1191 2401 in
1223 2360 1311 2401 carne
1330 2355 1365 2403 ιο

304 2430 390 2508 quasi
412 2429 557 2508 cupiditas
585 2432 665 2507 eius,
692 2430 770 2491 siout
799 2429 892 2489 lomes
915 2439 946 2491 et
967 2431 1032 2490 sitis
1055 2438 1085 2490 et
1107 2448 1155 2511 ea,
1182 2430 1311 2509 quaein

303 2516 482 2597 genitalibus
496 2519 633 2579 usitatius
647 2516 738 2577 libido
753 2519 932 2599 nominatur,
955 2536 1023 2578 cum
1041 2516 1098 2578 hoo
1117 2518 1156 2578 sit
1173 2517 1310 2596 generale

303 2603 480 2665 vocabulum
506 2608 602 2667 omnis
630 2602 809 2685 cupiditatis.
854 2604 928 2665 Nam
955 2610 987 2667 et
1011 2606 1107 2685 ipsam
1133 2606 1209 2666 iram
1238 2604 1312 2665 nihil

303 2692 471 2753 aliudesse
499 2712 587 2772 quam
616 2694 778 2755 ulciscendi
804 2692 957 2754 libidinem
979 2703 1096 2755 veteres
1119 2693 1311 2775 definieruut3

303 2782 438 2860 quamvis
456 2799 677 2862 nonnumquam
694 2780 792 2863 bomo,
814 2781 867 2842 nbi
885 2780 1029 2843 vindictae
1054 2780 1153 2843 nullus
1175 2791 1222 2843 est
1245 2800 1311 2842 sen·
1330 2794 1365 2842 to

303 2887 369 2949 sus,
397 2871 486 2930 etiam
512 2869 603 2931 rebus
630 2872 767 2931 menimis
789 2871 949 2951 irascatur,
977 2875 1009 2931 et
1034 2869 1109 2930 male
1132 2870 1312 2931 scribentem

303 2956 405 3018 stilum
423 2956 552 3019 conlidat
569 2958 615 3019 vel
634 2958 777 3018 calamum
795 2959 910 3037 frangat
928 2960 1030 3020 iratus.
1076 2955 1184 3020 Verum
1203 2968 1235 3020 et
1255 2960 1312 3019 ista

302 3045 373 3106 licet
394 3045 643 3127 inrationabilior,
670 3054 769 3107 tamen
792 3045 936 3125 quaedam
959 3045 1122 3107 ulciscendi
1144 3046 1234 3107 libido
1258 3055 1311 3126 est,

302 3142 333 3194 et
359 3133 461 3192 nescio
484 3150 557 3213 qua,
581 3140 617 3197 nt
642 3136 682 3194 ita
705 3133 840 3217 dixerim,
862 3134 947 3213 qnasi
970 3133 1075 3195 umbra
1098 3133 1311 3215 retributionis,

302 3230 336 3281 ut
366 3222 418 3300 qui
446 3221 520 3282 malo
551 3222 677 3304 iaciunt,
707 3222 782 3283 mala
813 3223 971 3303 patiantur.
1016 3222 1072 3283 Est
1100 3224 1191 3303 igitur
1219 3222 1310 3284 libido
1330 3236 1365 3284 30

302 3308 481 3389 ulciscendi,
504 3327 580 3389 quae
603 3310 647 3369 ira
670 3309 792 3392 dicitur3
815 3319 861 3371 est
884 3309 974 3371 libido
997 3309 1124 3371 habendi
1146 3313 1311 3391 pecuniam,

302 3414 377 3475 quae
402 3399 536 3479 avaritia3
564 3406 610 3459 est
636 3396 726 3459 libido
754 3398 1030 3478 quomodocumque
1058 3399 1207 3481 vincendi,
1236 3416 1311 3476 quae
1354 3408 1358 3415 '

301 3486 480 3567 pervicacia3
501 3493 549 3547 est
565 3484 656 3547 libido
679 3486 833 3567 gloriandi,
855 3504 930 3566 qnae
954 3486 1091 3547 iactantia
1113 3494 1311 3566 nuncupatur.

371 3600 415 3667 ιι)
435 3596 490 3653 cio.
510 3597 590 3652 Tuae.
610 3603 636 3667 s,
650 3603 675 3665 s,
692 3604 737 3667 113
755 3603 780 3663 4,
797 3604 822 3666 s,
837 3604 879 3653 ιι.

371 3726 387 3774 9
406 3721 483 3790 quod
501 3737 551 3777 ooo.
571 3720 682 3788 a¹bel¹;
707 3722 819 3791 quando
839 3720 870 3777 o¹
889 3724 901 3793 fl
921 3728 954 3776 14
973 3721 1083 3777 enimoe
1104 3724 1174 3780 Gan
1195 3726 1206 3794 l
1228 3730 1261 3778 26
1280 3729 1311 3780 et

305 3792 477 3860 VFabelp3
491 3793 524 3845 ut
533 3792 581 3847 Ao
594 3794 604 3861 ΙΙ
618 3794 651 3846 29
666 3794 696 3846 eb
705 3793 800 3847 nescio
809 3807 900 3859 msam
914 3794 947 3847 ut
960 3793 1310 3869 nescioHoffm.eoniecit1l

299 3879 357 3933 qua
377 3862 608 3931 VAFGobelp3
627 3877 699 3931 quae
720 3880 734 3918 o
