3284 4459
362 510 404 573 26
768 522 968 563 succusano

771 670 891 735 Oneon
914 671 953 735 X.

360 784 408 845 An
423 786 539 860 primos
562 784 696 844 homines
714 785 745 842 in
765 784 915 859 paradiso
944 785 1123 843 constitutos
1149 784 1220 842 ollis
1245 789 1370 857 pertur-

415 873 600 947 bationibus,
625 874 806 947 priusquam
830 872 1051 945 delinquerent,
1074 868 1202 942 affectos
1221 868 1319 945 scisse

735 958 921 1019 credendum
944 960 991 1017 sit.

325 1075 341 1124 5
450 1064 508 1125 Sed
527 1072 630 1125 utrum
648 1064 763 1142 primus
781 1062 870 1123 bomo
888 1062 934 1121 vel
957 1064 1045 1141 primi
1067 1061 1203 1123 homiues
1225 1055 1371 1145 (duorum

361 1160 425 1213 erat
444 1155 554 1232 quippe
573 1145 758 1233 coniugium)
777 1140 925 1211 habebant
946 1152 1020 1211 istos
1042 1152 1167 1211 auectus
1188 1153 1220 1213 in
1243 1169 1371 1231 corpore

361 1241 479 1301 animali
511 1249 578 1301 ante
610 1248 783 1320 peccatum,
816 1238 918 1317 quales
944 1241 976 1298 iu
1003 1256 1129 1318 corpore
1157 1238 1282 1318 spiritali
1308 1244 1380 1301 non'

360 1328 535 1389 habebimus
564 1330 645 1389 omni
667 1335 793 1407 purgato
816 1327 959 1405 finitoque
982 1334 1119 1407 peccato,
1146 1345 1207 1388 non
1229 1330 1370 1390 inmerito

360 1419 523 1496 quaeritur.
569 1416 601 1476 Si
628 1418 708 1477 enim
736 1414 897 1493 habebant,
926 1432 985 1494 quo
1013 1414 1100 1475 modo
1128 1424 1214 1476 eraut
1236 1414 1315 1477 beati
1337 1419 1370 1478 in

309 1515 342 1564 10
360 1506 410 1566 illo
434 1503 617 1565 memorabili
644 1502 837 1565 beatitudinis
859 1503 938 1583 loco,
965 1500 994 1563 id
1023 1512 1070 1564 est
1090 1501 1249 1583 paradiso?
1295 1505 1370 1576 Quis

360 1593 478 1653 tandem
506 1592 639 1654 absolute
668 1592 727 1653 dici
753 1590 858 1652 beatus
885 1598 997 1671 potest,
1026 1593 1078 1669 qui
1105 1594 1212 1653 timore
1240 1594 1371 1654 afficitur

360 1681 406 1742 vel
433 1678 556 1741 dolore?
592 1680 669 1752 Quid
697 1689 796 1741 autem
826 1683 930 1740 timere
958 1686 1010 1740 aut
1038 1678 1138 1740 dolere
1167 1689 1304 1759 poteraut
1326 1682 1370 1743 illi

360 1770 495 1829 homiues
522 1771 553 1829 in
580 1778 729 1829 tantorum
762 1776 843 1829 tanta
872 1768 1011 1828 alluentia
1042 1766 1202 1850 bonorum,
1233 1769 1285 1830 ubi
1311 1789 1370 1831 nec

360 1876 441 1918 mors
473 1857 660 1918 metuebatur
693 1875 749 1917 nec
782 1856 840 1917 ulla
869 1858 1003 1935 corporis
1030 1855 1104 1916 mala
1131 1856 1280 1934 valetudo,
1311 1876 1370 1919 nec

309 1956 341 2005 15
361 1945 462 2006 aberat
489 1947 660 2025 quicquam,
687 1943 766 2023 quod
795 1943 872 2003 bona
895 1944 1030 2004 voluntas
1052 1944 1280 2026 adipisceretur,
1312 1965 1369 2008 nec

361 2037 456 2094 inerat
483 2034 561 2111 qirod
595 2051 714 2093 carnem
741 2034 907 2093 animumve
933 2032 1062 2091 bominis
1089 2031 1214 2095 feliciter
1241 2037 1368 2095 viventis

361 2118 547 2183 offenderet?
569 2120 660 2181 Amor
678 2128 742 2181 erat
764 2118 988 2199 inperturbatus
1009 2122 1042 2180 iu
1060 2118 1154 2181 Deum
1176 2131 1265 2201 atque
1287 2125 1369 2183 inter

361 2228 393 2270 se
412 2212 572 2287 coniugum
590 2210 647 2269 tida
665 2218 695 2269 et
713 2211 830 2269 sincera
848 2210 988 2269 societate
1007 2210 1176 2289 viventium,
1200 2217 1230 2270 et
1252 2229 1289 2271 ex
1310 2210 1368 2272 boc

361 2316 461 2358 amore
485 2297 595 2375 grande
614 2296 762 2377 gaudium,
785 2314 846 2357 non
868 2296 1030 2356 desistente
1053 2297 1134 2375 quod
1156 2298 1309 2359 amabatur
1331 2299 1369 2360 ad

308 2397 342 2446 20
361 2385 530 2447 fruendum.
574 2384 647 2445 Erat
664 2385 802 2446 devitatio
823 2384 979 2464 tranquilla
1000 2387 1124 2466 peccati,
1148 2404 1206 2464 qua
1229 2397 1368 2449 manente
1466 2387 1467 2416 l

360 2474 475 2535 nullum
497 2475 616 2533 omnino
639 2472 774 2534 alicunde
798 2472 921 2552 malum,
943 2472 1022 2551 quod
1045 2475 1246 2555 contristaret,
1267 2477 1367 2536 inrue·

360 2561 418 2623 bat.
464 2561 507 2621 An
527 2562 603 2621 torte
622 2559 781 2639 cupiebant
799 2559 979 2639 prohibitum
998 2560 1111 2639 liguum
1128 2562 1164 2622 ad
1187 2564 1368 2624 vescendum
1466 2641 1467 2644 Ἴ

360 2652 546 2729 contingere,
569 2648 622 2709 sed
645 2651 721 2709 mori
744 2647 928 2729 metuebant,
955 2666 989 2709 ac
1012 2667 1066 2727 per
1088 2649 1145 2710 hoc
1168 2660 1198 2712 et
1220 2652 1368 2731 cupiditas
1466 2669 1467 2684 ¹

361 2747 391 2799 et
408 2747 506 2798 metus
524 2739 582 2797 iam
602 2746 672 2799 tunc
690 2736 756 2797 illos
779 2736 914 2796 homiues
937 2738 1026 2796 etiam
1047 2740 1079 2798 in
1101 2737 1150 2797 illo
1173 2739 1369 2818 perturbabat

306 2836 340 2885 25
360 2822 446 2887 loco?
492 2824 576 2885 Absit
602 2835 635 2885 ut
658 2824 714 2885 boc
737 2826 940 2885 existimemus
961 2825 1069 2906 luisse,
1092 2825 1143 2886 ubi
1166 2827 1280 2889 nullum
1303 2838 1369 2891 erat

360 2916 479 2974 omuino
508 2922 672 2991 peccatum.
717 2912 819 2992 Neque
847 2914 928 2973 euim
950 2912 1065 2974 nullum
1086 2922 1242 2993 peccatum
1264 2924 1310 2977 est
1332 2936 1368 2978 ea

360 3020 435 3079 quae
454 3000 501 3061 lex
523 3000 577 3061 Dei
593 2999 733 3081 prohibet
750 3002 963 3079 concupiscere
985 3008 1074 3079 atque
1093 3000 1129 3061 ab
1148 3002 1194 3063 his
1216 3003 1367 3065 abstinere

359 3092 466 3150 timore
490 3106 616 3169 poenae,
648 3107 706 3149 nou
730 3107 830 3149 amore
860 3090 998 3149 iustitiae.
1044 3088 1141 3170 Absit,
1171 3093 1304 3172 inquam,
1333 3105 1368 3154 ut

360 3185 427 3238 ante
446 3194 533 3235 omne
552 3185 707 3255 peccatum
729 3179 787 3237 iam
809 3175 852 3237 ibi
874 3177 965 3237 iuuerit
987 3176 1045 3237 tale
1067 3188 1231 3260 peccatum,
1253 3189 1288 3240 ut
1309 3180 1367 3242 boc

306 3278 341 3326 30
359 3265 396 3325 de
424 3264 503 3343 ligno
531 3264 733 3345 admitterent,
761 3263 841 3343 quod
867 3264 904 3324 de
932 3264 1056 3326 muliere
1079 3265 1222 3328 Dominus
1248 3270 1302 3330 ait:
1332 3270 1371 3330 Si

359 3356 426 3430 quis
445 3354 558 3413 viderit
573 3356 728 3413 mutierem
747 3356 790 3413 od
811 3356 1085 3430 compescendum
1107 3372 1182 3429 eum,
1206 3359 1267 3417 tom
1287 3375 1367 3419 moe-

359 3443 468 3503 obotos
490 3446 536 3501 est
558 3458 624 3501 eom
647 3443 679 3500 in
702 3443 796 3502 corde
817 3458 880 3501 sao.
926 3441 1020 3512 Quam
1043 3443 1135 3520 igitur
1157 3443 1259 3505 felices
1281 3456 1369 3507 eraut

428 3556 649 3627 mmum

425 3701 441 3748 2
460 3694 527 3748 ullis
543 3696 602 3762 Vp3
616 3692 702 3747 nullis
716 3710 753 3762 qo
766 3694 805 3763 lit
821 3692 1016 3762 delinquerent
1031 3698 1090 3765 Vp3
1105 3694 1296 3764 delinquerint
1309 3714 1346 3766 qo
1361 3700 1372 3769 Ι

357 3770 371 3818 ‘l
395 3764 536 3835 spirituali
558 3781 574 3819 o
594 3766 604 3835 ll
625 3770 658 3818 te
677 3763 811 3818 afluentiu
836 3765 929 3833 VFp3
956 3764 1012 3820 affl.
1031 3766 1136 3822 All-tv
1155 3768 1165 3836 ΙΙ
1186 3772 1219 3819 et
1238 3766 1371 3824 alicunde

362 3836 579 3905 rumetum
603 3834 718 3890 aliunde
736 3832 889 3890 A’G’abo
910 3837 920 3905 ll
943 3840 977 3889 ee
995 3838 1077 3891 erunt
1096 3836 1264 3907 tuream
1288 3842 1371 3895 erunt

355 3906 440 3975 primi
457 3907 584 3960 homines
606 3906 728 3961 Gobe¹o
