3284 4459
328 441 394 504 408
728 449 927 493 eundumne

325 592 539 667 praetereunt,
561 605 621 648 non
640 589 697 647 nisi
716 586 786 648 mali
803 585 1040 665 adipiscerentur
1064 589 1235 647 transitoria
1257 585 1336 647 bona

329 681 385 738 ista
414 684 502 753 atque
530 682 662 753 terrena,
690 690 745 733 neo
771 675 830 733 nisi
857 672 927 733 boni
956 673 1022 732 talia
1049 682 1224 752 paterentur
1247 675 1337 737 mala:

328 772 430 844 posset
461 761 518 823 boc
548 761 656 822 relerri
688 759 724 822 ad
754 760 898 822 iudicium
930 763 1042 822 iustum
1071 761 1125 822 llei
1155 765 1218 822 sive
1246 766 1337 824 etiam

329 851 505 931 benignum,
537 857 585 929 ut,
618 851 668 928 qui
696 867 755 911 non
785 860 870 909 erant
899 849 1069 911 adsecuturi
1099 849 1176 911 bona
1206 860 1337 935 aeterna,

295 956 406 1022 oquae
435 940 547 1000 iaciunt
574 937 695 1030 beatos,
728 937 938 1016 temporalibus
968 938 1014 998 vel
1041 939 1252 1018 deciperentur
1279 959 1337 1020 pro

329 1029 438 1092 malitia
461 1045 514 1089 sua
537 1026 582 1088 vel
608 1044 663 1107 pro
687 1025 740 1086 Dei
767 1026 969 1087 misericordia
991 1025 1217 1089 consolarentur
1239 1027 1337 1109 bonis,

330 1126 360 1179 et
382 1119 515 1196 quinon
544 1123 628 1176 erant
655 1116 771 1194 passuri
794 1122 913 1174 aeterna
935 1121 1095 1194 tormenta,
1122 1116 1337 1196 temporalibus

328 1205 375 1267 vel
405 1222 458 1285 pro
487 1205 548 1265 suis
578 1201 813 1282 quibuscumque
845 1209 876 1263 et
904 1203 1182 1283 quantuliscumque
1204 1208 1338 1284 peccatis

330 1293 532 1374 affligerentur
560 1291 605 1352 vel
633 1298 756 1370 propter
782 1289 946 1369 implendas
974 1293 1098 1352 virtutes
1122 1302 1338 1354 exercerentur

279 1399 312 1448 10
330 1383 421 1444 malis.
467 1380 552 1442 Nunc
575 1396 654 1459 vero,
676 1377 793 1457 qrrando
816 1397 877 1439 non
900 1378 996 1439 solum
1018 1381 1049 1440 in
1072 1379 1148 1440 mmo
1172 1389 1242 1442 sunt
1263 1379 1337 1442 boni

331 1480 360 1532 et
391 1473 422 1531 in
452 1469 529 1530 bono
559 1467 640 1547 mali,
673 1466 751 1545 quod
780 1467 897 1527 videtur
924 1469 1066 1528 iniustum
1073 1517 1083 1550 ,
1114 1487 1218 1529 verum
1246 1472 1337 1530 etiam

329 1559 505 1640 plerumque
532 1565 563 1616 et
590 1555 672 1615 mabs
706 1555 780 1616 mala
814 1558 954 1617 eveniunt
981 1564 1011 1616 et
1041 1555 1127 1618 bunis
1157 1555 1234 1617 bona
1266 1577 1336 1636 pro-

329 1650 464 1708 veniunt:
491 1647 581 1723 magis
605 1642 806 1705 inscrutabilia
823 1643 899 1705 fiunt
921 1643 1028 1705 iudicia
1051 1643 1104 1705 Dei
1126 1653 1158 1706 et
1180 1648 1337 1726 investiga-

330 1735 405 1796 biles
441 1738 503 1794 viae
539 1735 612 1793 eius
659 1731 797 1802 Quamvis
834 1749 905 1812 ergo
938 1734 1104 1793 nesciamus
1134 1751 1193 1812 quo
1226 1734 1337 1796 iudicio

279 1840 311 1889 1⁶
330 1823 410 1884 Deus
439 1824 496 1883 ista
525 1820 570 1881 vel
598 1821 683 1880 iaciat
709 1819 756 1880 rel
782 1820 847 1879 fleri
877 1821 969 1900 sinat,
999 1820 1074 1900 apud
1104 1840 1193 1899 quem
1221 1841 1336 1883 summa

329 1914 424 1972 uirtus
446 1917 502 1991 est,
524 1927 637 1970 summa
656 1909 796 1987 sapientia
820 1914 850 1968 et
873 1925 987 1969 summa
1009 1911 1129 1990 iustitia,
1153 1908 1231 1971 nulla
1253 1912 1336 1971 inlirss

330 2002 431 2079 mitas,
464 1997 542 2059 nulla
571 1999 738 2076 temeritas,
766 1995 846 2056 nulla
873 1997 1026 2075 iniquitas:
1054 1997 1213 2059 salubriter
1236 2007 1335 2060 tamen

331 2088 472 2148 discimus
495 2104 555 2147 non
582 2083 809 2164 magnipendere
833 2102 886 2144 seu
909 2083 985 2144 bona
1008 2102 1062 2146 sen
1086 2086 1172 2167 mala,
1196 2104 1270 2165 quae
1293 2089 1335 2148 vi-

331 2175 435 2237 demus
458 2193 523 2235 esse
546 2173 631 2234 bonis
655 2171 796 2250 malisque
820 2175 1000 2254 communia,
1023 2182 1053 2234 et
1075 2174 1123 2234 illa
1146 2174 1222 2235 bona
1246 2193 1335 2254 qnae·

278 2282 311 2332 20
330 2283 407 2345 rere,
431 2282 506 2343 quae
525 2262 680 2341 bonorum,
703 2270 791 2339 atque
810 2259 857 2320 illa
878 2261 951 2320 mala
975 2265 1099 2322 maxime
1124 2263 1236 2344 lugere,
1259 2282 1336 2343 quae

329 2355 449 2434 propria
477 2361 546 2413 sunt
575 2349 727 2410 malorum.
773 2347 846 2409 Cum
869 2367 939 2409 vero
963 2349 997 2410 ad
1020 2348 1093 2410 illud
1117 2349 1169 2411 llei
1192 2351 1336 2413 iudicium

329 2444 512 2521 venerimus,
542 2442 627 2500 cuius
656 2449 773 2516 tempus
797 2439 854 2497 iam
877 2440 997 2516 proprie
1021 2439 1083 2499 dies
1106 2437 1207 2499 iudicii
1231 2449 1260 2501 et
1283 2441 1335 2501 ali-

330 2529 447 2609 quando
471 2529 533 2588 dies
557 2526 672 2588 Domini
695 2534 900 2605 nuncupatur:
929 2544 987 2586 non
1012 2526 1106 2586 solnm
1130 2544 1335 2607 quaecumque

330 2627 402 2678 tnnc
438 2614 664 2695 iudicabuntur,
696 2631 798 2674 verum
832 2616 919 2674 etiam
949 2632 1152 2693 quaecumque
1184 2616 1220 2676 ab
1249 2619 1335 2678 initio

278 2721 312 2771 25
330 2706 457 2765 indicata
480 2714 510 2765 et
533 2721 735 2782 quaecumque
759 2721 854 2782 usque
877 2701 911 2763 ad
936 2702 1008 2764 illud
1030 2711 1148 2782 tempus
1171 2703 1267 2765 adbuc
1289 2707 1335 2766 iu·

331 2793 452 2854 dicanda
481 2801 562 2872 sunt,
591 2789 773 2869 apparebunt
800 2808 866 2850 esse
890 2793 1058 2852 iustissima.
1104 2789 1160 2852 Ubi
1183 2792 1238 2853 hoc
1261 2812 1335 2873 qno·

331 2901 388 2961 que
412 2877 660 2957 manifestabitur,
688 2896 775 2956 quam
797 2881 877 2939 iusto
900 2878 1009 2939 iudicio
1032 2878 1085 2940 Dei
1108 2881 1170 2961 liat,
1197 2890 1232 2942 nt
1253 2899 1336 2943 nunc

330 2979 390 3031 tam
414 2968 504 3029 multa
531 2985 565 3026 ae
587 2984 680 3046 paene
710 2969 807 3027 omnia
831 2969 908 3026 iusta
930 2967 1038 3027 iudicia
1061 2967 1113 3028 Dei
1135 2968 1245 3030 lateant
1267 2989 1334 3031 sen·

331 3077 382 3119 sus
410 3066 582 3133 mentesque
610 3055 791 3134 mortalium,
818 3072 886 3115 cum
910 3059 1061 3116 tamenin
1084 3055 1137 3116 bac
1160 3076 1193 3118 re
1216 3061 1335 3138 piorum

277 3146 417 3213 aolidem
437 3162 495 3204 non
519 3143 615 3218 lateat,
638 3145 748 3203 iustum
772 3161 837 3203 esse
861 3143 940 3223 quod
963 3143 1042 3204 latet.

403 3317 428 3382 1)
447 3313 490 3368 Ps.
510 3319 569 3382 143,
588 3319 613 3368 4.

330 3441 541 3451 ——---—

396 3521 412 3568 3
431 3513 508 3598 sive]
518 3513 565 3568 uel
579 3531 595 3569 n
609 3515 618 3584 ΙΙ
633 3520 666 3568 14
685 3513 762 3568 illius
776 3531 793 3569 o
806 3516 815 3584 ΙΙ
831 3519 864 3569 16
882 3516 925 3568 est
938 3513 979 3580 R;
999 3514 1043 3566 est
1057 3514 1086 3566 et
1098 3512 1181 3567 Ana
1195 3515 1253 3568 rell.
1267 3516 1320 3570 oE
1332 3519 1343 3587 Ι

325 3587 354 3640 et
373 3601 481 3639 summa
499 3586 564 3640 ausi.
580 3584 620 3650 rt;
641 3587 669 3638 et
687 3601 738 3640 om.
753 3585 836 3640 Ace
854 3583 944 3639 rell.v
