3284 4459
334 477 400 542 216
743 490 945 537 senensium

334 625 384 686 bic
411 644 480 686 vere
507 625 567 686 dici
593 627 703 704 potuit:
734 627 774 687 ut
800 630 875 706 erit,
902 630 957 701 qui
981 629 1175 703 superauerit
1201 628 1232 686 in
1256 627 1346 686 domo

335 720 403 788 tua,
432 717 529 775 ueniet
551 717 687 776 adorare
709 717 751 788 ei,
779 717 805 774 si
821 714 905 774 illud
930 723 1117 794 esttecum,
1144 713 1221 792 quod
1246 713 1345 774 ultore

336 801 431 880 gladio
446 820 532 862 nemo
551 802 620 866 inde
639 800 808 880 superarit?
840 805 899 863 nisi
919 805 987 882 quia
1006 802 1072 862 illos
1090 801 1223 879 intellegi
1242 801 1346 881 voluit,

336 893 388 968 qui
416 892 568 968 pertinent
593 890 630 950 ad
658 892 794 969 stirpem‚·
825 890 877 950 sed
900 889 979 950 illius
1002 893 1092 949 totius
1116 889 1274 950 sacerdotii
1295 907 1343 948 se-

299 977 466 1040 ecundum
489 978 624 1038 ordinem
651 978 757 1038 Aaron.
797 977 876 1056 Ergo
901 980 926 1037 si
956 978 991 1037 de
1024 977 1082 1038 illis
1112 988 1158 1038 est
1180 977 1345 1057 praedesti-

337 1069 413 1128 natis
436 1065 582 1146 reliquiis‚
608 1065 645 1126 de
675 1065 783 1144 quibus
805 1065 879 1125 alius
902 1065 1045 1145 propbeta
1068 1065 1153 1126 dixit:
1181 1066 1347 1140 Reliquiae

336 1158 439 1216 saluae
462 1157 538 1227 fient
566 1151 659 1236 (unde
683 1161 713 1213 et
735 1153 900 1232 apostolus:
932 1155 985 1216 Sic
1007 1172 1094 1229 erqo,
1121 1156 1231 1235 inquit,
1258 1162 1287 1215 et
1310 1157 1342 1214 in

335 1245 394 1304 lloe
429 1251 562 1319 tempore
598 1245 746 1317 reliquiae
777 1261 837 1319 per
873 1246 1046 1304 electionem
1079 1246 1203 1318 qratiae
1235 1242 1345 1318 sactae

336 1322 435 1414 sunt),
466 1333 534 1410 quia
561 1331 598 1391 de
626 1329 733 1390 talibus
765 1329 899 1409 reliquiis
935 1330 1010 1391 bene
1048 1330 1230 1410 intellegitur
1266 1349 1346 1412 esse,

286 1432 319 1481 to
338 1420 374 1480 de
398 1438 456 1498 quo
479 1419 591 1481 dictum
614 1427 671 1480 est:
711 1420 770 1491 Qui
793 1422 987 1496 superauerit
1009 1422 1040 1479 iu
1063 1421 1149 1481 danto
1173 1427 1240 1480 tua:
1273 1437 1346 1497 pro-

336 1508 414 1568 lecto
438 1507 536 1569 credit
563 1510 594 1568 in
621 1505 785 1587 Christum5
816 1509 894 1568 sicut
925 1506 1109 1586 temporibus
1140 1506 1345 1587 apostolorum

336 1614 373 1656 er
400 1598 464 1675 ipsa
492 1603 580 1674 gente
609 1595 729 1674 plurimi
756 1595 963 1675 crediderunt,
992 1613 1089 1673 neque
1117 1614 1197 1656 nunc
1223 1595 1347 1675 desunt,

338 1686 405 1762 qui,
435 1684 504 1744 licet
533 1685 697 1763 rarissime,
729 1692 826 1744 tamen
855 1683 990 1763 credaut3
1022 1693 1052 1744 et
1081 1684 1220 1762 impletur
1247 1685 1278 1743 in
1306 1701 1346 1742 eo

336 1773 413 1850 quod
434 1772 482 1835 bic
499 1774 555 1833 iste
573 1771 662 1832 bomo
680 1770 733 1832 Ilei
756 1774 896 1834 continuo
920 1781 1041 1832 seculus
1064 1772 1209 1832 adiunxit:
1239 1772 1346 1832 Veniet

285 1873 318 1921 15
337 1864 472 1927 adorare
499 1863 529 1922 ei
555 1862 639 1924 obolo
667 1863 796 1935 arpenti.
843 1860 897 1920 Cui
920 1860 1057 1939 adorare,
1080 1862 1138 1920 nisi
1161 1878 1276 1920 summo
1300 1859 1344 1920 ilii

336 1949 495 2030 sacerdoti,
522 1951 574 2027 qui
600 1957 631 2009 et
657 1947 737 2009 Deus
765 1944 832 2010 est?
876 1947 978 2026 Neque
1007 1951 1086 2008 enim
1113 1951 1144 2008 in
1171 1947 1221 2010 illo
1245 1966 1345 2009 sacer-

336 2037 416 2097 dotio
436 2037 599 2099 secundum
618 2035 751 2096 ordinem
770 2038 867 2098 Aaron
889 2036 925 2097 ad
949 2036 1005 2096 boc
1028 2035 1184 2097 veniebant
1206 2036 1348 2098 homines*

336 2127 372 2186 ad
408 2125 550 2204 templum
588 2125 632 2185 vel
669 2124 758 2189 altare
791 2123 859 2204 Ilei,
897 2133 929 2184 ut
961 2125 1145 2188 sacerdotem
1176 2125 1344 2186 adorarent.

336 2213 414 2284 Quid
443 2224 488 2274 est
515 2223 614 2274 autem
642 2213 720 2292 quod
748 2215 801 2274 ait:
839 2213 928 2274 Oualo
951 2217 1085 2287 arpenn,
1118 2215 1175 2274 nisi
1197 2212 1344 2274 brevitate

281 2315 317 2364 tto
336 2301 418 2368 verbi
445 2301 526 2383 fidei,
558 2302 594 2362 de
622 2320 681 2380 quo
709 2297 919 2362 commemorat
941 2301 1092 2380 apostolus
1114 2300 1240 2362 dictum:
1271 2302 1343 2362 Ver-

336 2393 405 2451 bum
428 2408 637 2452 consummans
660 2397 691 2452 et
716 2391 857 2450 brevians
876 2388 975 2464 saciet
997 2391 1143 2453 Dominus
1165 2408 1259 2466 super
1281 2398 1344 2450 ler-

335 2482 422 2541 ram?
458 2480 620 2558 Argentum
647 2486 746 2538 autem
773 2495 828 2556 pro
857 2477 972 2556 eloquio
999 2480 1070 2557 poni
1096 2477 1227 2558 psalmus
1257 2480 1345 2538 testis

336 2576 391 2648 est,
414 2566 465 2628 ubi
483 2569 611 2627 canitur:
634 2568 763 2641 Eloquia
781 2567 904 2626 Domini
921 2569 1040 2640 eloquia
1062 2575 1158 2641 cesla,
1181 2575 1344 2641 arpentum

336 2659 406 2731 eque
428 2659 641 2717 examinatum.

282 2753 318 2804 25
426 2742 503 2814 Quid
522 2761 593 2822 ergo
615 2742 687 2802 dicit
709 2744 775 2823 iste,
797 2744 849 2821 qui
871 2744 952 2802 venit
973 2742 1096 2803 adorare
1119 2742 1265 2804 sacerdoti
1288 2741 1344 2803 Dei

336 2841 366 2892 el
394 2832 540 2893 sacerdoti
573 2827 655 2891 lieo?
700 2831 790 2893 Iacto
816 2844 863 2892 me
890 2834 922 2892 in
946 2838 1066 2907 partem
1092 2834 1260 2892 sacerdotii
1288 2835 1345 2908 tui,

335 2923 525 2983 munducare
550 2937 670 2995 panem.
719 2918 793 2980 Nolo
823 2921 853 2982 in
883 2929 1000 2998 patrum
1029 2937 1165 2980 meorum
1194 2919 1346 2980 conlocari

335 3008 457 3088 honore,
480 3009 531 3086 qui
550 3007 649 3068 nullus
667 3016 728 3088 est3
751 3009 826 3068 iacta
849 3025 895 3068 me
919 3009 950 3067 in
972 3017 1087 3086 partem
1110 3007 1267 3069 sacerdotii
1290 3011 1345 3069 tui.

336 3098 425 3171 Eleqi
450 3098 529 3156 enim
557 3097 693 3159 abiectus
719 3114 784 3157 esse
810 3099 842 3157 iu
866 3098 951 3156 domo
974 3097 1048 3167 llei;
1075 3096 1289 3174 qualecumque
1312 3106 1347 3158 et

282 3195 318 3245 ao
337 3183 639 3263 quantulumcumque
676 3182 842 3244 membrum
879 3202 943 3244 esse
976 3187 1063 3263 cupio
1100 3183 1258 3244 sacerdotii
1289 3188 1345 3261 tui.

337 3272 541 3334 Sacerdotium
565 3274 673 3350 qqupe
701 3271 750 3332 bic
772 3275 865 3351 ipsam
889 3270 1006 3351 plebem
1029 3272 1113 3353 dicit,
1141 3275 1225 3332 curius
1248 3272 1347 3352 plebis

409 3413 435 3472 l)
458 3406 531 3461 Esai.
556 3413 601 3473 10,
625 3411 667 3461 22.
705 3409 732 3474 9)
750 3405 830 3461 Rom.
850 3412 898 3475 11,
921 3412 945 3461 5.
984 3409 1029 3474 22)
1048 3407 1128 3461 Rom.
1147 3411 1176 3475 9,
1197 3411 1244 3474 283
1268 3407 1346 3462 Esei.

339 3476 962 3546 mmmmmammmm

406 3622 420 3668 3
445 3616 583 3685 superarit
600 3634 631 3687 93
658 3613 834 3683 superauerit
852 3614 892 3677 Ες
919 3616 1063 3682 superaret
1083 3615 1121 3680 (ἔς
1145 3615 1297 3683 superserit
1315 3616 1347 3682 ὸς

334 3687 472 3757 supererit
490 3687 635 3755 AFaepu
652 3688 662 3754 ΙΙ
680 3691 696 3740 8
715 3684 808 3738 focioe
828 3683 977 3754 R¹A¹Fq3
996 3683 1092 3739 saluae
1112 3688 1171 3753 (om.
1191 3685 1295 3754 faciae)
1316 3687 1348 3752 ἰν,

335 3759 430 3812 sulum
453 3757 546 3811 fectee
564 3755 764 3823 R²A²Gaepv
786 3757 795 3823 ΙΙ
819 3759 853 3806 10
876 3753 997 3824 dequo]
1020 3755 1096 3822 quod
1114 3756 1155 3811 R¹
1178 3758 1186 3824 11
1210 3763 1243 3810 13
1262 3757 1295 3810 in·
1311 3773 1348 3810 eo

336 3829 559 3896 RAFaauep;
578 3828 607 3880 in
621 3828 661 3881 eis
675 3844 713 3896 qo
727 3828 736 3894 ΙΙ
751 3831 784 3878 26
800 3825 830 3878 in
845 3826 955 3893 portem
969 3841 1034 3891 mss;
1047 3825 1078 3878 in
1091 3843 1177 3882 unam
1190 3829 1301 3896 partem
1315 3845 1347 3896 υς

332 3902 369 3967 cf.
389 3903 454 3963 aar,
469 3903 520 3965 13,·
538 3900 618 3952 ntur
635 3902 699 3962 213,
715 3901 732 3949 7

328 4096 452 4154 A
