3284 4459
540 533 581 574 nu
595 532 804 582 emesenum
818 531 982 576 numo.
997 535 1030 574 ss.
1224 515 1292 582 295

287 669 382 750 rodose
405 669 438 728 in
456 673 542 728 terra
559 669 687 729 sitienti:
709 685 769 730 mon
792 674 839 730 est
859 670 981 748 speeies·
997 669 1044 729 iiii
1063 685 1161 742 meque
1180 669 1293 742 oloris.

289 755 330 816 Et
345 758 474 818 uidimus
491 773 568 829 eum,
591 763 624 816 et
637 773 699 818 non
716 756 849 818 iubebat
864 759 994 832 speeiem
1016 773 1113 831 neque
1135 757 1293 826 decorem·

181 843 183 854 ’
287 843 343 906 sed
361 847 486 921 speeies
518 847 583 906 eius
614 849 679 906 sine
710 845 840 918 honore,
872 847 1017 918 deficiens
1043 861 1124 921 prae
1155 845 1293 906 ominbus

286 933 466 994 somnone.
510 931 605 994 Homo
624 935 655 994 in
673 936 769 1009 plano
788 936 906 1010 positus
927 940 958 994 et
977 935 1078 994 sciens
1096 929 1185 1008 ferre
1206 935 1292 1004 intir-

287 1023 436 1092 mitotem;
458 1024 602 1097 quoniam
618 1039 728 1084 averse
745 1029 789 1084 est
809 1020 909 1096 facies
930 1023 1005 1095 eius,
1027 1021 1235 1082 inhonoratus
1248 1027 1297 1082 est
1310 1028 1333 1079 o·

287 1126 346 1170 neo
368 1114 473 1184 mnani
488 1112 662 1171 aestimatus
685 1115 736 1170 est.
781 1111 841 1172 Hie
860 1117 991 1187 macuta
1012 1117 1119 1172 nostro
1136 1115 1243 1186 portat
1264 1114 1295 1170 et

286 1213 346 1273 pro
369 1198 457 1258 nobes.
484 1200 579 1269 dolen
606 1205 637 1259 et
657 1215 711 1260 nos
734 1201 972 1260 existimavimus
994 1201 1076 1258 iiiam
1100 1216 1164 1260 esse
1187 1201 1221 1258 im
1241 1199 1296 1259 cio·

290 1287 355 1346 lore
376 1293 407 1346 et
429 1289 459 1346 in
478 1289 574 1364 plano
601 1293 632 1346 et
653 1289 685 1346 in
707 1289 895 1362 uitiatione.
938 1287 1010 1364 Ipse
1029 1295 1132 1348 autem
1153 1289 1295 1348 numeru

290 1378 339 1434 tus
361 1380 406 1434 est
429 1382 556 1451 propter
575 1377 748 1449 iniquitates
770 1382 891 1437 nostros
913 1383 944 1437 et
965 1378 1142 1448 infirmatus·
1158 1381 1204 1436 est
1220 1391 1295 1452 pro·

287 1468 358 1536 pter
372 1470 503 1538 peecata
521 1470 635 1532 nostras
672 1463 812 1525 Eruditio
828 1467 917 1540 poris
935 1470 1060 1526 nostroe
1075 1467 1107 1525 in
1126 1481 1161 1525 eo
1166 1484 1179 1535 ;
1200 1466 1297 1525 iioore
1314 1473 1349 1522 so

290 1551 356 1626 eius
377 1566 432 1611 nos
453 1554 557 1612 sanati
572 1568 682 1612 snmus.
732 1552 840 1613 Omnes
861 1559 896 1614 ut
916 1570 986 1616 oues
1007 1556 1187 1626 movimus,
1206 1553 1297 1613 'nomo

290 1654 312 1697 a
334 1640 384 1698 oio
406 1656 463 1700 suo
481 1643 614 1711 urrann
636 1647 666 1702 et
682 1641 827 1702 Dominus
850 1643 981 1703 tradidit
1002 1644 1085 1702 iilum
1103 1658 1164 1718 pro
1182 1657 1295 1719 peeca-

291 1727 330 1786 tis
347 1730 482 1798 nostram,
493 1734 523 1788 et
540 1730 611 1804 ipse,
625 1736 753 1805 propter
766 1730 849 1804 anau
860 1732 1003 1805 adflictus
1021 1737 1074 1803 est,
1096 1747 1156 1791 nam
1175 1731 1298 1806 apmnit

290 1830 335 1874 os.
383 1814 420 1875 Ut
447 1818 509 1876 ovis
542 1818 584 1877 aci
612 1820 824 1880 immolensium
853 1819 962 1899 (tuctus
990 1824 1035 1878 est
1064 1825 1094 1880 et
1129 1825 1163 1878 ut
1198 1834 1297 1893 uanus

290 1908 364 1962 ante
385 1921 461 1976 enm,
482 1907 537 1979 ani
556 1923 589 1965 se
611 1908 756 1978 tonderet,
779 1909 845 1967 sine
866 1923 947 1978 ooae,
968 1909 1014 1966 sie
1036 1923 1097 1967 mom
1119 1909 1243 1982 aperuit
1263 1922 1298 1967 os
1316 1916 1350 1965 15

290 2007 387 2050 suum.
432 1991 470 2052 In
487 1993 655 2054 humilitate
673 1996 820 2055 iudicium
842 1997 908 2055 eius
929 1996 1079 2055 sublatum
1102 2001 1154 2056 est.
1202 1995 1296 2055 Gene-

292 2080 442 2140 rationem
460 2083 525 2140 eius
542 2084 610 2156 anis
627 2082 807 2142 enarrabit?
847 2083 995 2154 Quoniam
1012 2084 1132 2144 tolletur
1151 2084 1189 2143 ete
1211 2089 1297 2144 terra

177 2183 178 2192 ¹
292 2169 355 2226 oita
387 2170 460 2228 eins.
505 2170 550 2228 Ab
584 2171 793 2245 iniquitatibus
817 2173 926 2247 popuii
956 2173 1016 2232 mei
1045 2172 1154 2232 Ductus
1183 2178 1229 2232 est
1256 2171 1300 2231 ed

291 2263 426 2330 martem.
471 2257 510 2316 Et
528 2259 606 2318 daho
624 2261 772 2333 motiones
790 2274 851 2335 pro
872 2261 1030 2334 mpuuuru
1052 2262 1118 2320 eius
1140 2266 1170 2320 et
1191 2261 1299 2320 diuites

289 2359 349 2419 pro
371 2351 467 2405 morte
485 2348 558 2406 eius.
607 2347 754 2418 moniam
777 2350 966 2421 iniquitatem
988 2363 1048 2407 man
1068 2345 1145 2422 feeit
1166 2364 1223 2407 nee
1245 2347 1297 2406 da·
1316 2357 1352 2406 20

291 2433 358 2514 ium
377 2435 409 2492 im
427 2451 482 2512 ore
498 2451 570 2507 suo,·
591 2441 622 2495 et
638 2435 784 2496 Dominus
805 2439 869 2495 vult
886 2451 1026 2511 puraare
1048 2451 1115 2495 enm
1138 2436 1176 2496 de
1192 2438 1298 2512 alnao.

293 2519 330 2580 Si
348 2522 493 2606 dederitis
507 2537 566 2600 pro
581 2531 709 2598 peceato
728 2527 861 2584 animam
880 2530 1019 2604 antrum,
1040 2525 1178 2584 videbitis
1199 2539 1299 2585 semen
1323 2596 1326 2606 ,

292 2611 489 2684 lonoaeanm,⁸
514 2617 556 2688 et
571 2612 716 2673 Dominus
742 2615 805 2672 anit
832 2611 960 2688 auterre
987 2629 1007 2672 o
1034 2612 1138 2673 Dolore
1153 2608 1299 2672 'animam

294 2699 375 2782 eius,
398 2701 557 2760 ostendere
579 2703 626 2760 ilii
645 2704 741 2760 lucem
764 2707 795 2761 et
813 2698 953 2775 [ornare
975 2702 1172 2774 intellectum,
1192 2702 1298 2771 iustifi-

293 2803 370 2848 care
393 2790 502 2866 iustum
520 2789 595 2849 bene
616 2791 794 2862 seruientem
812 2789 971 2864 pluribus5
993 2795 1023 2849 et
1040 2794 1181 2866 peecata·
1196 2804 1299 2850 eorum
1317 2796 1353 2845 2⁶

294 2877 359 2954 ipse
381 2877 526 2953 portabit.
573 2877 740 2955 Propterea
770 2880 833 2954 ipse
855 2877 1039 2937 hereditabit
1053 2879 1162 2953 'piures
1185 2881 1215 2938 et
1233 2873 1299 2950 sor·

293 2965 369 3024 tium
392 2966 506 3026 dividet
526 2967 635 3042 spolio,
654 2971 782 3042 propter
804 2967 886 3040 quod
906 2966 1022 3024 tradita
1045 2970 1090 3032 est
1111 2965 1155 3024 ad
1175 2970 1300 3026 mortem

294 3055 399 3114 animo
422 3056 500 3132 eius,
526 3060 557 3113 et
582 3055 662 3114 inter
690 3055 808 3127 iniquos
831 3055 1005 3112 aestimatus
1028 3058 1124 3120 estet
1146 3053 1209 3127 inse
1227 3069 1300 3129 pea-

295 3150 368 3206 eata
390 3145 550 3203 maltorum
563 3144 707 3217 portavit,
729 3147 759 3201 et
777 3148 905 3218 propter
923 3147 1054 3216 peecata
1077 3154 1181 3200 eorum
1203 3140 1300 3200 tredi-

295 3238 345 3293 tus
367 3239 418 3294 est.
463 3229 541 3289 Haec
564 3228 600 3289 sle
624 3228 749 3302 Christo.
803 3254 805 3258 ,
1319 3238 1355 3287 oo

385 3318 445 3380 lam
463 3329 533 3378 roro
552 3316 588 3377 de
608 3315 740 3395 ecclesia,
763 3315 842 3394 quod
865 3317 1010 3395 sequitur,
1032 3313 1194 3375 audiamus,
1222 3313 1300 3375 Loe-

366 3467 410 3533 30)
428 3463 502 3519 Esai.
522 3427 758 3532 52‚1ssqq.;'ss‚
775 3469 858 3530 luqq.

356 3661 382 3711 ’τ
401 3643 622 3712 existimauimus
640 3658 735 3724 abpa3
755 3650 984 3708 exestimuuimus
1003 3653 1056 3722 R’3
1078 3652 1307 3710 oxestimubimus

293 3729 348 3798 13¹3
363 3728 651 3796 aestimauimusAea
662 3729 673 3796 ll
689 3732 721 3782 14
736 3743 766 3779 os
781 3741 850 3792 mss;
862 3741 893 3779 os
908 3732 989 3778 suum
1000 3742 1017 3778 a
1029 3726 1042 3794 Ι
1054 3729 1087 3778 15
1101 3722 1231 3781 tonderet
1240 3740 1307 3792 mom

294 3800 395 3856 tondet
411 3818 428 3855 o
446 3801 457 3869 i
475 3805 507 3852 29
527 3797 653 3868 portabit
669 3803 738 3851 mss'
841 3873 844 3878 .
869 3871 873 3876 .
942 3868 946 3875 ,
