3284 4459
329 471 395 534 218
519 535 524 546 Ι
735 482 757 525 s
769 483 935 526 ausosrnu

330 618 527 679 sacerdotium
555 621 648 680 luisse
675 627 833 698 mutatum,
862 625 892 678 et
920 617 998 697 quod
1026 618 1068 679 illi
1091 617 1191 680 domui
1214 621 1342 699 promis·
1466 675 1467 680 ,

330 726 396 767 sum
423 716 482 786 est,
510 726 566 768 neo
594 710 707 787 sperari
735 705 891 785 aliqnando
915 706 1137 787 complendum,
1167 702 1359 788 quiaillud,

330 795 408 874 quod
432 797 460 855 ei
482 795 640 876 reprobato
663 803 834 873 mutatoque
857 795 998 875 succedit,
1022 794 1077 856 hoc
1100 797 1200 875 potius
1223 796 1339 875 praedi·

329 893 414 944 catur
445 892 607 944 aeternum.
653 883 715 944 Hoc
748 886 798 962 qni
831 883 917 962 dicit,
949 883 1080 944 nondum
1112 882 1256 963 intellegit
1288 892 1341 945 aut

294 988 390 1033 enon
413 972 518 1033 recolit
541 975 628 1033 etiam
655 975 754 1051 ipsum
777 970 942 1032 secundum
965 971 1099 1031 ordinem
1121 974 1219 1032 Aaron
1242 990 1340 1033 sacer-

330 1059 443 1120 dotium
466 1069 614 1140 tamquam
638 1060 773 1120 umbram
797 1060 891 1120 lntnri
909 1062 1026 1120 aeterni
1049 1058 1207 1120 sacerdotii
1230 1064 1340 1122 consti·

329 1156 442 1227 tutum3
472 1167 506 1209 ac
533 1166 588 1228 per
614 1147 685 1228 boc,
717 1148 834 1226 quando
863 1150 1022 1209 aeternitas
1053 1149 1080 1208 ei
1110 1152 1254 1227 promissa
1285 1159 1341 1231 est,

329 1255 389 1297 non
407 1239 465 1316 ipsi
483 1236 605 1297 umbrae
623 1255 658 1297 ac
676 1237 796 1316 figurae,
819 1235 872 1296 sed
891 1238 927 1315 cl,
951 1235 1029 1314 quod
1049 1239 1214 1316 peripsam
1237 1237 1340 1299 adum·

329 1324 471 1386 brabatur
489 1324 739 1405 figurabaturque,
757 1327 937 1403 promissum
956 1333 1016 1384 est:
1048 1324 1107 1384 Sed
1126 1341 1163 1385 ne
1182 1334 1340 1404 putaretur

278 1427 311 1475 ιο
328 1415 392 1492 ipsa
416 1413 519 1473 umbra
543 1431 608 1474 esse
627 1431 774 1493 mansura,
796 1412 864 1472 ideo
888 1415 976 1472 etiam
1000 1415 1123 1473 mutatio
1147 1415 1212 1475 eius
1235 1413 1341 1476 debuit

328 1501 508 1581 prophetari.

418 1589 553 1668 Regnum
581 1608 698 1669 quoque
728 1588 897 1650 istomodo
921 1590 1008 1649 etiam
1033 1588 1129 1649 Saulis
1152 1591 1259 1670 ipsius,
1287 1593 1340 1671 qui

329 1686 412 1739 certe
431 1678 608 1756 reprobatus
626 1687 714 1756 atque
734 1679 863 1738 reiectus
887 1684 941 1756 est,
964 1678 1057 1738 futuri
1080 1680 1165 1757 regni
1187 1687 1252 1739 erat
1274 1697 1339 1740 um·

329 1765 382 1826 bra
414 1768 445 1826 in
477 1769 651 1827 aeternitate
684 1767 825 1826 mansuri.
880 1763 984 1826 Oleum
1017 1767 1125 1845 qnippe
1158 1765 1246 1846 illud,
1279 1785 1339 1846 quo

279 1866 310 1913 to
330 1864 440 1915 unctus
459 1862 553 1915 estet
572 1854 608 1915 ab
628 1871 662 1914 eo
686 1854 845 1915 chrismate
864 1852 994 1914 christus
1018 1862 1063 1914 est
1086 1853 1192 1936 dictus,
1215 1859 1340 1934 mystice

329 1943 533 2021 accipiendum
562 1951 592 2003 et
620 1960 758 2021 magnum
786 1950 1004 2002 sacramentum
1026 1941 1256 2021 intellegendum
1269 1953 1340 2026 .est;

329 2031 407 2110 quod
431 2033 462 2090 in
485 2049 520 2091 eo
544 2039 659 2091 tantum
681 2037 840 2090 veneratus
862 2037 908 2090 est
931 2031 994 2109 ipse
1018 2028 1116 2110 David,
1138 2039 1173 2091 ut
1195 2049 1340 2110 percusso

328 2118 418 2179 corde
445 2121 633 2200 pavitaverit,
661 2118 777 2196 quaudo
803 2120 835 2177 in
864 2116 1022 2178 tenebroso
1052 2118 1216 2180 occultatus
1243 2129 1339 2204 antro,

330 2225 388 2286 quo
418 2209 506 2267 etiam
545 2207 614 2267 Saul
646 2216 771 2285 urgente
805 2208 967 2266 intraverat
1000 2209 1177 2267 necessitate
1206 2217 1339 2290 naturae,

276 2307 310 2356 20
329 2297 464 2373 exiguam
479 2294 653 2375 particulam
671 2297 761 2355 restis
779 2295 846 2355 eins
866 2302 1032 2354 retrorsum
1056 2293 1181 2368 latenter
1205 2295 1338 2378 abscidit,

328 2391 362 2444 ut
393 2382 516 2444 haberet
547 2383 626 2443 unde
659 2391 853 2462 monstraret,
890 2400 949 2460 quo
982 2382 1068 2442 modo
1101 2385 1133 2443 ei
1161 2389 1338 2466 pepercerit,

328 2490 396 2532 com
415 2481 517 2552 posset
536 2472 680 2551 occidere,
704 2480 791 2549 atque
810 2473 851 2530 ita
870 2472 1069 2549 suspicionem
1087 2469 1123 2531 de
1144 2473 1240 2532 auimo
1264 2475 1338 2556 eius,

328 2578 386 2639 qua
419 2568 553 2620 sanctum
581 2559 671 2620 David
702 2568 810 2639 putans
844 2559 995 2619 inimicum
1028 2576 1115 2619 sunm
1147 2559 1339 2623 vehementer

328 2647 572 2727 persequebatur,
595 2648 734 2708 auferret.
771 2647 814 2706 Ne
835 2648 932 2725 itaque
952 2665 1022 2707 reus
1042 2655 1122 2707 esset
1145 2651 1218 2710 tanti
1242 2667 1337 2710 sacra·

205 2778 207 2785 .
275 2746 309 2795 25
329 2737 422 2796 menti
445 2738 475 2795 in
500 2735 586 2795 Saule
611 2735 722 2816 violati,
746 2737 813 2813 quia
837 2734 882 2795 vel
905 2734 1110 2797 indumentum
1134 2737 1199 2797 eius
1223 2739 1265 2798 sic
1288 2738 1337 2799 ad·

327 2826 477 2903 trectavit,
504 2825 647 2885 extimuit.
693 2821 737 2883 lta
765 2824 844 2883 enim
872 2824 1016 2902 scriptum
1040 2831 1099 2884 est:
1126 2824 1167 2885 Et
1185 2830 1340 2901 percussit

281 2913 288 2929 ¹
327 2929 384 2973 eor
407 2913 510 2973 Bovid
530 2930 622 2988 super
645 2929 726 2985 eum,
749 2914 822 2986 quio
845 2912 970 2972 obstulit
987 2915 1146 2988 pinnulam
1170 2915 1338 2991 chlamydis

329 3002 404 3062 eius
450 2999 528 3060 Viris
550 3010 662 3079 autem,
690 3001 741 3078 qui
768 3017 836 3059 cum
859 2998 909 3058 illo
934 3008 1017 3059 erant
1040 3007 1086 3081 et,
1108 3010 1142 3061 nt
1166 3000 1283 3063 Saulem
1306 3005 1337 3064 in

328 3105 434 3148 manus
460 3105 530 3148 snas
558 3087 699 3148 traditum
727 3089 924 3166 interimeret,
954 3086 1130 3149 suadebant:
1162 3090 1229 3151 Nom
1255 3093 1337 3166 mibi,

274 3188 309 3235 so
327 3177 433 3256 inquit,
456 3179 614 3250 nominant
631 3194 651 3236 o
669 3178 805 3249 Domino,
828 3178 857 3237 cr·
870 3173 976 3250 secero
995 3178 1052 3238 boc
1070 3179 1195 3238 uerbum
1217 3181 1337 3240 dommo

327 3281 391 3326 meo
419 3265 533 3326 cbristo
559 3265 692 3344 Domini,
719 3262 837 3340 inferre
863 3280 985 3324 monum
1012 3282 1109 3325 meam
1137 3282 1230 3342 super
1252 3285 1339 3340 eam,-

327 3355 400 3427 quia
423 3353 555 3414 cbristus
578 3354 700 3413 Domini
725 3360 770 3413 est
798 3354 858 3413 bic.
904 3350 980 3412 Huic
1003 3370 1073 3430 ergo
1097 3352 1219 3414 umbrae
1243 3355 1337 3416 loturi

327 3458 387 3500 non
409 3449 541 3518 propter·
554 3442 658 3520 ipsam,-
679 3440 731 3501 sed
754 3449 878 3520 propter
901 3438 971 3500 illud
978 3487 987 3520 ,
1010 3440 1089 3517 quod
1112 3442 1337 3524 praefigurabat,

326 3536 407 3588 tanta
426 3530 575 3588 veneratio
594 3527 795 3590 exhibebatur.
834 3527 917 3588 Unde
940 3535 970 3588 et
988 3527 1070 3608 illud,
1092 3529 1170 3608 quod
1195 3534 1236 3592 ait
1256 3531 1340 3593 Sauli·

273 3628 307 3675 aa
328 3615 459 3678 Samuel:
495 3617 644 3690 Quoniam
671 3635 731 3678 mom
756 3619 887 3678 serrasti
916 3617 1091 3678 mandatum
1113 3635 1224 3700 mmm,
1256 3623 1339 3696 quod

398 3753 443 3816 82)
463 3756 486 3805 l.
507 3748 579 3806 Sam.
600 3756 643 3816 24,
662 3757 679 3805 6
697 3767 737 3818 sq.
757 3754 761 3762 '
