3284 4459
359 497 424 561 320
760 505 963 550 sauousrnrr

358 644 512 705 honestate
539 645 695 723 virtutum,
723 640 760 701 de
787 659 888 700 amore
915 642 1041 720 patriae,
1068 639 1187 701 de'llde
1209 641 1365 721 amicitiae,

359 731 504 793 debonis
531 729 672 811 operibus
698 737 788 808 atque
815 727 952 789 omnihus
979 728 1014 788 ad
1043 745 1142 789 mores
1164 727 1275 808 probos
1297 747 1365 808 per·

359 818 522 880 liuentibus
550 818 654 899 rebus,
684 819 817 896 quamvis
845 819 1012 877 nescientes
1039 816 1193 895 adquam
1222 817 1311 878 tinent
1334 826 1366 878 et

359 925 487 988 quonam
518 906 606 968 modo
635 915 736 966 essent
761 908 817 966 ista
846 907 944 965 omnia
971 905 1142 985 referenda,
1173 905 1366 985 propheticis,

323 997 414 1058 ahoe
438 1003 484 1056 est
506 995 621 1075 divinis,
642 993 773 1075 vocibus,
797 995 929 1072 quamvis
950 1009 1005 1072 per
1029 991 1177 1073 homines,
1199 995 1230 1053 in
1252 993 1301 1053 illa
1325 996 1365 1054 ci·

359 1087 446 1145 vitate
478 1083 587 1163 populo
622 1081 826 1143 commendata
857 1089 945 1162 suut,
981 1098 1040 1140 non
1077 1083 1366 1160 argumentationum

358 1169 637 1232 concertationibus
650 1168 811 1251 inculcata,
834 1177 869 1230 ut
891 1187 950 1229 non
973 1168 1101 1230 hominis
1122 1171 1289 1250 ingenium,
1311 1170 1366 1231 sed

358 1260 412 1321 Dei
430 1258 579 1339 eloquium
598 1268 789 1320 contemnere
812 1257 994 1338 formidaret,
1016 1259 1068 1336 qui
1089 1256 1140 1319 illa
1162 1267 1366 1337 cognosceret.

738 1461 857 1528 Osrur
880 1461 980 1530 XLII.

309 1609 340 1657 to
386 1597 453 1668 (tac
476 1593 698 1670 dispensatione
717 1594 930 1667 providentiae
952 1593 1012 1654 Dei
1036 1596 1210 1669 scripturae
1231 1613 1346 1657 sacrae
1462 1660 1463 1665 ,

394 1684 504 1744 veteris
526 1682 696 1742 testamenti
718 1697 758 1740 ex
780 1680 921 1741 Hebraeo
945 1684 976 1741 in
1002 1682 1154 1742 Graecam
1176 1685 1328 1757 eloquiam

497 1771 666 1830 translatae
687 1771 756 1841 sint,
779 1775 814 1828 at
833 1770 974 1842 pentibus
997 1771 1225 1831 innotescerent.

407 1929 408 1933 =
449 1891 507 1952 llas
531 1908 629 1952 sacras
652 1889 765 1951 litteras
789 1893 877 1950 etiam
900 1908 979 1951 unns
1001 1890 1238 1953 Ptolomaeorum
1262 1912 1367 1974 regum

360 1983 483 2060 Aegypti
513 1997 601 2040 nosse
631 1978 744 2040 studuit
774 1987 804 2038 et
838 1977 955 2040 habere.
1006 1978 1080 2039 Nam
1111 1989 1179 2059 post
1209 1981 1369 2044 Alexandri

309 2084 341 2132 15
359 2069 536 2146 Macedonis,
559 2069 609 2147 qui
633 2069 720 2128 etiam
739 2066 862 2144 Magnus
884 2069 1107 2146 cognominatus
1130 2077 1185 2149 est,
1209 2070 1367 2133 mirificen-

318 2175 320 2180 ’
359 2160 502 2218 tissimam
526 2157 704 2234 minimeque
727 2154 897 2215 diuturnam
920 2157 1095 2242 potentiam,
1118 2174 1175 2235 qua
1199 2160 1368 2220 universam

359 2246 474 2320 Asiam,
506 2248 596 2305 immo
624 2261 716 2324 paene
746 2250 843 2303 totum
871 2242 990 2324 orbem,
1019 2247 1126 2323 partim
1152 2247 1181 2305 vi
1208 2254 1238 2307 et
1267 2250 1367 2328 armis,

360 2336 466 2415 partim
500 2342 615 2392 terrore
648 2330 806 2409 subegerat
838 2324 970 2412 (qnando
1001 2333 1082 2393 inter
1107 2341 1207 2393 cetera
1234 2331 1368 2397 Orientis

361 2425 448 2484 etiam
468 2420 603 2481 {udaeam
622 2422 774 2498 ingressus
793 2414 945 2500 obtinuit),
968 2434 1004 2480 eo
1023 2430 1140 2482 mortuo
1160 2424 1283 2482 comites
1302 2426 1368 2485 eius

308 2523 342 2572 20
362 2528 429 2572 oiim
449 2525 574 2588 regnum
592 2506 664 2568 illud
683 2506 895 2586 amplissimum
918 2525 978 2567 nou
999 2508 1120 2588 paciliee
1143 2511 1221 2569 inter
1244 2529 1277 2572 se
1299 2530 1368 2590 pos·

361 2599 475 2658 sessuri
506 2596 690 2674 divisissent,
720 2594 771 2654 sed
799 2597 899 2674 potius
927 2595 1121 2677 dissipassent
1152 2595 1237 2658 bellis
1269 2602 1369 2661 omnia

360 2687 516 2765 vastaturi,
538 2683 723 2744 Ptolomaeos
746 2699 833 2760 reges
854 2681 1086 2763 habere-eoepit
1107 2685 1271 2767 Aegyptus3
1286 2691 1368 2767 'quo-

315 2813 318 2820 ι
361 2790 428 2833 rum
457 2774 586 2851 primus,
617 2769 689 2848 Lagi
715 2767 808 2849 fliius,
841 2771 949 2832 multos
976 2790 1013 2832 ex
1041 2772 1145 2833 iudaea
1177 2777 1307 2854 captivos
1324 2779 1368 2838 'in

361 2861 525 2939 Aegyptum
554 2857 713 2919 transtulit.
758 2856 835 2919 Huic
865 2868 963 2920 autem
986 2860 1150 2922 succedens
1173 2862 1247 2922 alius'
1269 2862 1369 2926 Ptolo·

309 2961 343 3011 aa
362 2965 477 3028 maeus,
505 2949 555 3025 qui
579 2954 625 3006 est
646 2944 807 3025 appellatus
830 2946 1052 3029 Philadelphus,
1082 2968 1198 3031 omnes,
1221 2968 1296 3029 quos
1319 2953 1369 3014 ille

362 3036 523 3097 adduxerat
546 3032 730 3115 subiugatos,
758 3033 867 3094 liberos
895 3037 993 3097 redire
1023 3040 1170 3119 permisit3
1192 3038 1317 3119 insuper
1340 3050 1371 3102 et

362 3124 438 3185 dona
466 3125 546 3201 regia
574 3125 604 3183 in
632 3122 773 3202 templum
797 3120 958 3185 liei-misit
985 3127 1148 3205 petivitque
1170 3125 1207 3186 ab
1230 3127 1371 3190 Eleazaro

363 3222 435 3275 tnnc
457 3212 596 3291 pontilice
620 3210 683 3271 dari
707 3209 959 3293 sibi-scripturas,
982 3231 1055 3292 quas
1078 3215 1212 3294 prolecto
1236 3215 1372 3278 audierat

363 3301 439 3360 tama
461 3298 649 3379 praedicante
677 3298 803 3379 divinas,
834 3299 952 3360 et·ideo
975 3304 1185 3382 concupiverat
1206 3303 1316 3365 habere
1339 3309 1371 3367 in

311 3401 345 3451 aa
363 3386 549 3468 bibliotheca,
572 3404 658 3466 quam
678 3385 888 3446 nobilissimam
903 3389 1026 3449 iecerat.
1071 3389 1131 3451 llas
1150 3393 1178 3452 ei
1201 3409 1268 3452 cum
1291 3394 1371 3454 idem

363 3477 495 3555 pontifex
528 3477 658 3536 misisset
689 3473 855 3554 Hebraeas,
891 3485 959 3555 post
989 3476 1038 3537 ille
1071 3480 1160 3538 etiam
1190 3481 1371 3560 interpretes

363 3563 535 3645 postulavit,
559 3570 589 3623 et
611 3562 671 3623 dati
693 3571 764 3623 sunt
786 3566 972 3643 septuaginta
994 3563 1069 3648 duo,
1091 3564 1128 3627 de
1152 3568 1275 3648 singulis
1298 3569 1371 3631 duo·

362 3673 575 3682 Μ

403 3742 421 3786 '.
436 3713 468 3763 te
485 3708 625 3762 uniuersis
644 3707 774 3776 gentibus
791 3709 978 3776 pquainiu·
993 3727 1046 3787 m,
1060 3711 1117 3782 f„
1133 3713 1143 3781 fl
1161 3717 1196 3765 24
1214 3701 1372 3786 ,Momm

364 3813 417 3853 nass
434 3801 598 3859 constantem
617 3793 793 3848 Ptolemaeus
811 3811 828 3849 a
844 3797 854 3863 ΙΙ
873 3801 906 3849 29
926 3798 1106 3867 concupierat
1122 3797 1199 3869 pEP
1252 3799 1256 3807 '
1294 3801 1298 3808 ·
1324 3799 1328 3808 ·
