3284 4459
572 481 613 521 nn
627 480 769 521 omrara
783 482 837 522 mu
850 482 876 522 e.
890 482 938 522 xx.
952 482 975 523 o.
989 484 1021 523 n.
1237 469 1303 533 459

297 620 328 676 in
344 619 469 689 flammo
488 619 575 690 t'pnis.
612 616 650 677 In
669 620 740 690 ione
757 620 836 677 enim
855 617 978 677 Domini
999 620 1188 677 indicabitur
1209 621 1304 679 omnis

295 713 383 765 torro
402 713 432 764 et
450 708 481 764 in
497 707 602 779 plodio
620 708 686 765 eius
705 709 800 765 omnis
818 722 893 766 coro
898 725 910 775 ;
933 708 1019 765 molti
1040 708 1194 766 oolnmoti
1215 713 1306 767 erunt

295 812 317 852 o
340 794 475 855 Domino.
522 792 589 852 Sive
608 794 675 872 igne
696 796 755 852 sive
779 801 953 871 tempestate
977 795 1037 853 sive
1061 793 1156 871 gladio
1179 811 1303 872 poenam

296 880 398 941 iudicii
427 881 585 961 significat3
614 880 730 959 quando
759 881 878 960 quidem
906 883 1003 960 ipsum
1034 881 1191 942 llominum
1220 883 1304 960 quasi

296 971 396 1047 ignem
424 967 496 1028 dicit
522 987 588 1029 esso
616 976 787 1048 venturum,
817 970 860 1028 eis
884 969 1017 1048 proiecto
1042 968 1149 1047 quibus
1172 969 1340 1049 poenalisa

296 1059 355 1116 erit
391 1058 456 1116 eius
493 1056 644 1117 adventus.
691 1056 803 1117 Currus
837 1074 906 1117 vero
939 1059 1003 1117 eius
1036 1051 1118 1137 (nam
1151 1057 1304 1136 pluraliter

296 1145 368 1206 dicti
392 1138 477 1225 sunt)
504 1144 634 1223 angelica
665 1146 827 1205 ministeria
850 1164 909 1204 non
932 1147 1174 1205 inconvenienter
1198 1147 1302 1224 accipi-

296 1251 371 1293 mus.
417 1232 503 1302 Quod
526 1240 625 1293 autem
654 1234 695 1292 ait
717 1250 834 1293 omnem
858 1241 967 1293 terram
992 1241 1021 1293 et
1043 1251 1161 1293 omnem
1185 1250 1303 1293 carnem

295 1324 327 1382 in
355 1323 420 1381 eius
446 1322 514 1399 igne
542 1327 573 1381 et
599 1320 694 1399 gladio
721 1320 859 1395 indicari,
888 1319 946 1382 no'n
975 1324 1062 1382 etiam
1085 1320 1134 1381 hic
1157 1320 1305 1400 spiritales

297 1408 502 1487 intellegamus
531 1417 560 1468 et
588 1417 719 1488 sanctos,
748 1408 800 1469 sed
824 1417 960 1470 terrenos
983 1418 1070 1489 atque
1094 1408 1244 1491 carnales,
1266 1408 1303 1468 de
1324 1423 1359 1469 10

296 1496 433 1577 qualibus
455 1496 566 1557 dictum
591 1505 648 1559 est:
676 1499 735 1569 Qui
752 1504 877 1558 terreno
899 1502 1030 1573 sopiunt,
1053 1505 1096 1559 et:
1120 1498 1237 1574 Sapere
1258 1515 1303 1558 se-

296 1588 431 1647 condum
454 1602 579 1647 carnem
602 1603 682 1646 mors
705 1594 765 1656 est;
792 1594 823 1645 et
846 1586 947 1664 quales
970 1588 1089 1646 omnino
1113 1604 1182 1646 caro
1207 1584 1303 1664 appel·

297 1674 397 1734 lentur
416 1691 431 1731 a
451 1672 584 1753 Domino,
608 1673 658 1733 ubi
676 1672 762 1735 dicit:
785 1676 851 1735 Non
866 1675 1057 1750 permanebit
1073 1678 1199 1750 spiritns
1221 1692 1304 1734 mens

297 1766 330 1823 in
357 1763 525 1822 nominibus
553 1764 630 1836 istis,
658 1765 799 1837 qnoniam
828 1780 903 1823 earo
930 1769 1007 1822 sunt.
1054 1761 1138 1833 Quod
1162 1781 1232 1822 vero
1256 1762 1304 1822 hic

296 1852 427 1930 positum
455 1858 513 1909 est:
544 1850 636 1909 Multi
660 1854 813 1911 vulnerati
839 1857 930 1911 erunt
956 1869 976 1910 o
991 1851 1143 1935 Domino,
1174 1852 1230 1911 isto
1255 1851 1305 1910 liet
1325 1862 1357 1910 15

297 1938 419 1999 vulnere
439 1955 519 1997 mors
538 1937 675 1997 secunda.
721 1938 823 1998 Potest
844 1938 963 2016 quidem
987 1947 1017 1998 et
1039 1940 1115 2016 ignis
1139 1946 1169 1999 et
1191 1938 1305 2017 gladius

297 2035 329 2086 et
351 2025 457 2085 vulnus
485 2027 579 2103 accipi
608 2027 639 2084 in
663 2025 748 2085 hono.
794 2025 867 2086 Nam
892 2036 921 2086 et
943 2028 1040 2103 ignem
1065 2025 1207 2086 [lominus
1232 2026 1304 2086 velle

298 2133 330 2175 se
357 2113 430 2173 dixit
459 2115 576 2173 mittere
604 2115 634 2173 in
662 2113 818 2193 mundum,
846 2121 876 2173 et
902 2116 980 2173 visae
1010 2122 1080 2174 suut
1108 2114 1165 2174 illis
1188 2114 1304 2193 liuguae

298 2203 406 2263 divisae
439 2200 519 2261 velut
549 2202 641 2281 ignis,
674 2202 789 2279 qnando
828 2203 908 2262 venit
939 2201 1067 2279 Spiritus
1097 2210 1230 2283 sanctuS,
1261 2211 1304 2263 et:

298 2293 365 2353 Non
392 2293 472 2363 oeni,
500 2292 595 2367 inquit
622 2289 699 2350 idem
723 2289 880 2369 Dominus,
906 2307 1015 2367 pacem
1042 2294 1161 2351 mittere
1189 2293 1220 2351 in
1243 2298 1303 2351 ter·
1323 2303 1358 2352 20

298 2397 380 2459 rom,
408 2380 632 2453 redolentium,
660 2387 691 2437 et
714 2396 881 2438 sermonem
905 2377 958 2437 Dei
980 2378 1053 2438 dicit
1075 2380 1222 2455 scriptura
1245 2377 1303 2456 gla-

298 2468 379 2527 dium
408 2466 453 2525 bis
481 2475 600 2526 acutum
628 2474 749 2545 propter
776 2469 869 2526 aciem
892 2467 1037 2544 geminam
1061 2474 1304 2526 testamentorum

298 2555 439 2634 duorum,
463 2562 493 2613 et
515 2556 545 2614 in
564 2557 679 2614 cantico
703 2556 884 2614 canticorum
909 2555 1029 2613 caritate
1054 2571 1085 2613 se
1109 2552 1180 2613 dicit
1204 2562 1305 2613 sancta

299 2642 424 2703 ecclesia
447 2642 637 2723 vulneratam,
661 2642 740 2702 velut
762 2645 871 2702 amoris
894 2644 1006 2720 impetu
1030 2643 1203 2719 sagittatam.
1246 2642 1303 2702 Sed

299 2731 347 2791 liic
384 2748 451 2790 cum
489 2730 612 2808 legimus
649 2730 694 2790 vel
731 2730 865 2790 audimus
898 2730 1024 2790 ultorem
1052 2729 1208 2806 Dominum
1239 2748 1304 2789 esse
1324 2744 1357 2792 25

298 2829 469 2898 venturum,
497 2836 585 2896 quem
613 2818 647 2878 ad
676 2818 796 2878 modum
824 2818 896 2878 llaec
924 2817 1119 2898 intellegenda
1148 2820 1220 2899 sint,
1248 2818 1304 2878 cla·

299 2925 366 2968 rum
389 2914 442 2967 est.

387 2994 499 3054 Deinde
517 2993 647 3054 breviter
666 2996 901 3054 commemoratis
925 2996 976 3075 eis,
1000 2997 1050 3073 qui
1074 3013 1128 3074 per
1150 2994 1207 3055 hoc
1230 2995 1304 3055 iudi-

299 3085 378 3143 cium
410 3090 636 3162 consumentur,
668 3082 724 3142 sub
756 3083 848 3160 ligura
882 3081 1015 3143 ciborum
1047 3085 1077 3143 in
1109 3082 1173 3160 lege
1206 3092 1305 3141 vetere

298 3173 470 3250 vetitorum,
498 3188 514 3229 a
538 3169 646 3249 quihus
669 3187 702 3230 se
724 3188 783 3229 non
806 3170 1026 3251 abstinuerunt,
1056 3179 1227 3249 peccatores
1250 3171 1305 3229 im·
1324 3183 1359 3231 30

370 3322 488 3389 3)Esai.
508 3328 555 3387 66,
577 3326 668 3389 t5sq.
706 3323 750 3389 11)
769 3321 841 3376 Phil.
861 3328 891 3390 3,
912 3328 951 3377 19.
992 3321 1133 3389 12)Rom.
1153 3328 1178 3389 8,
1198 3328 1222 3375 6.
1261 3323 1304 3389 14)

300 3390 367 3446 Gen.
392 3399 420 3458 o,
449 3398 473 3447 a.
512 3396 555 3460 18)
578 3393 623 3447 Lo.
650 3397 694 3457 12,
718 3398 760 3445 ao.
800 3394 971 3461 m)Aot.n‚
998 3398 1023 3448 s.
1060 3392 1303 3458 21)Mt.1o‚34.

299 3466 345 3529 22)
363 3463 445 3518 Hebr.
464 3469 490 3530 4,
511 3469 552 3516 12.
588 3466 633 3530 24)
652 3461 731 3516 Cant.
750 3470 775 3531 2,
795 3468 819 3519 5.

373 3679 386 3725 1
405 3672 607 3726 iudicabuntur
625 3673 665 3728 1t¹
683 3674 692 3741 ΙΙ
711 3676 727 3726 9
745 3675 780 3727 ei
800 3671 896 3743 gladio
914 3690 968 3727 mss
986 3676 1089 3743 (propr.
1105 3676 1211 3741 p.10);
1235 3675 1264 3725 et
1282 3672 1313 3725 iu

297 3743 395 3815 gladio
414 3760 430 3799 o
447 3746 456 3812 ΙΙ
476 3749 509 3796 29
528 3742 617 3797 caeteri
637 3744 709 3813 Gap
