3284 4459
282 496 285 501 ·
341 473 406 537 610
751 483 773 525 s.
788 482 952 525 auousrrru

341 631 438 682 catum
456 619 548 680 voluit
566 618 700 679 inhibere
724 619 890 695 mansitque
913 619 943 677 in
967 619 1058 695 stirpe
1082 617 1217 678 damnata
1240 616 1352 678 donata

341 709 518 787 fecunditas3
542 724 597 767 nee
616 706 693 766 illam
712 708 771 766 vim
789 704 952 765 mirabilem
971 707 1127 785 seminum,
1149 708 1239 765 immo
1258 709 1351 766 etiam

340 795 549 858 mirabiliorem
579 812 636 873 qua
663 795 834 855 efficiuntur
861 801 891 853 et
918 795 1043 874 semina,
1070 793 1194 854 inditam
1215 798 1351 873 corpori·

341 885 397 947 bus
427 885 563 946 humanis
592 891 623 944 et
652 882 778 962 quodam
812 881 898 941 modo
927 884 1069 941 intextam
1099 884 1212 961 peccati
1242 884 1350 943 vitium

307 976 438 1053 spotuit
470 972 605 1051 auferre,
637 988 695 1049 quo
726 968 811 1030 nobis
841 972 958 1048 inpacta
992 978 1038 1029 est
1067 972 1154 1031 etiam
1186 974 1351 1032 necessitas

342 1064 461 1143 mortis;
484 1059 536 1121 sed
556 1068 716 1137 utrumque
736 1056 823 1117 simul
841 1060 936 1117 currit
958 1059 1016 1118 isto
1040 1060 1124 1136 quasi
1146 1058 1235 1120 fluvio
1258 1068 1350 1137 atque

341 1158 474 1211 torrente
497 1150 615 1227 generis
637 1147 771 1226 humani,
793 1145 902 1206 malum
926 1144 1004 1223 quod
1028 1164 1043 1204 a
1067 1156 1188 1225 parente
1211 1146 1351 1228 trahitur,

342 1247 372 1300 et
400 1238 511 1299 bonum
544 1234 622 1315 quod
654 1253 670 1295 a
698 1243 817 1295 creante
845 1233 995 1294 tribuitur.
1046 1233 1079 1294 ln
1107 1235 1241 1313 originali
1271 1236 1350 1295 malo

342 1327 401 1388 duo
429 1335 513 1407 sunt,
542 1332 696 1404 peccatum
725 1331 813 1400 atquc
840 1321 1031 1403 supplicium3
1058 1324 1088 1382 in
1112 1323 1245 1401 originali
1269 1323 1350 1384 bono

291 1429 324 1477 10
343 1415 398 1475 alia
428 1414 504 1494 duo,
536 1414 707 1493 propagatio
736 1420 767 1471 et
796 1411 999 1470 conformatio.
1051 1408 1110 1470 Sed
1140 1420 1283 1490 quantum
1312 1412 1350 1472 ad

342 1511 528 1584 praesentem
552 1503 683 1581 pertinet
704 1500 899 1560 intentionem
922 1507 1066 1571 nostram,
1096 1498 1132 1558 de
1155 1499 1252 1579 malis,
1276 1519 1350 1579 quo-

344 1609 411 1652 rum
443 1608 535 1652 unum
567 1589 603 1649 de
636 1595 738 1649 nostra
769 1589 849 1646 venit
880 1586 1017 1666 audacia,
1048 1587 1079 1647 id
1108 1595 1155 1647 est
1184 1597 1352 1670 peccatum,

344 1679 469 1740 alterum
493 1678 529 1738 de
552 1676 661 1737 iudicio
685 1675 746 1750 Dei,
768 1674 799 1735 id
823 1683 869 1735 est
891 1674 1078 1753 supplicium,
1100 1678 1158 1736 iam
1181 1678 1252 1736 satis
1275 1677 1351 1738 dixi·

344 1785 418 1828 mus.
463 1765 549 1826 Nunc
572 1765 608 1825 de
631 1764 717 1825 bonis
741 1763 808 1842 Dei,
835 1781 910 1841 quae
937 1764 996 1840 ipsi
1018 1780 1136 1841 quoque
1159 1765 1276 1825 vitiatae
1300 1764 1351 1825 da·

292 1869 325 1917 15
345 1863 518 1933 innataeque
547 1862 669 1914 naturae
692 1850 817 1912 contulit
845 1852 906 1911 sive
928 1868 1023 1929 usque
1047 1869 1126 1913 nunc
1149 1852 1279 1933 confert,
1306 1854 1351 1913 di-

344 1960 413 2003 cere
440 1944 563 2003 institui.
608 1940 709 2019 Neque
738 1941 816 2000 enim
845 1938 1008 1999 damnando
1037 1946 1088 1999 aut
1110 1948 1204 2000 totum
1228 1940 1353 2002 abstulit

344 2030 424 2111 quod
447 2031 581 2110 dederat,
604 2029 732 2107 alioquin
757 2044 811 2087 neo
835 2036 914 2087 esset
937 2029 1070 2108 omnino;
1093 2036 1143 2088 aut
1165 2046 1230 2088 eam
1253 2047 1351 2089 remo-

344 2122 385 2179 vit
404 2137 419 2179 a
438 2137 491 2179 sua
510 2125 663 2197 potestate,
687 2118 774 2176 etiam
795 2134 863 2176 cum
887 2113 1002 2174 diabolo
1025 2115 1187 2194 poenaliter
1210 2116 1353 2198 subdidit,

345 2226 413 2269 oum
432 2224 487 2267 nec
505 2209 603 2286 ipsum
625 2203 774 2265 diabolum
797 2221 812 2262 a
836 2221 891 2263 suo
913 2202 1047 2263 alienarit
1069 2205 1207 2285 imperim
1231 2207 1350 2284 quando

293 2310 326 2359 ‘ao
345 2295 473 2375 quidem,
496 2301 530 2355 ut
547 2296 641 2374 ipsius
664 2309 782 2372 quoque
805 2289 913 2351 diaboli
936 2299 1040 2351 natura
1063 2291 1214 2372 subsistat,
1236 2292 1286 2353 ille
1309 2296 1352 2354 fa-

345 2387 386 2446 cit
403 2385 455 2462 qui
473 2399 587 2443 summe
607 2388 652 2442 est
675 2387 705 2441 et
728 2380 798 2440 facit
820 2396 886 2439 esse
905 2378 1048 2457 quidquid
1066 2379 1164 2459 aliquo
1185 2381 1272 2442 modo
1297 2391 1352 2444 est.

433 2471 565 2532 Duorum
588 2472 678 2549 igitur
701 2467 834 2544 illorum,
857 2484 932 2545 quae
955 2466 1083 2528 diximus
1106 2467 1184 2528 bona
1207 2472 1297 2529 etiam
1320 2473 1353 2531 in

345 2568 480 2622 naturam
502 2565 624 2638 peccato
647 2558 775 2617 vitiatam
794 2554 997 2634 supplicioque
1021 2554 1184 2617 damnatam
1207 2556 1244 2617 de
1267 2557 1353 2618 boni·

345 2651 414 2709 tatis
437 2650 502 2709 eius
525 2647 652 2725 quodam
679 2644 769 2705 veluti
792 2644 874 2703 fonte
897 2661 1029 2725 manare,
1056 2647 1297 2723 propagationem
1321 2649 1353 2707 in

293 2749 326 2797 to
344 2738 449 2816 primis
468 2734 570 2795 mundi
589 2732 729 2813 operibus
751 2730 956 2792 benedictione
980 2730 1103 2809 largitus
1126 2740 1180 2809 est,
1203 2751 1218 2793 a
1242 2734 1354 2811 quibus

346 2823 486 2903 operibus
515 2822 562 2883 die
591 2824 715 2902 septimo
744 2822 903 2899 requievit3
931 2819 1124 2880 conformatio
1153 2839 1223 2882 vero
1246 2824 1278 2881 in
1301 2823 1354 2883 illo

347 2914 411 2972 eius
426 2920 471 2972 est
485 2927 584 2990 opere,
603 2927 661 2987 quo
676 2927 770 2989 usque
785 2926 865 2971 nunc
880 2916 1027 2985 operatur.
1064 2906 1221 2970 Efficacem
1241 2912 1354 2990 quippe

345 3002 507 3081 potentiam
526 3015 608 3058 suam
628 2999 653 3058 si
671 2995 762 3057 rebus
785 2994 947 3076 subtrahat,
970 3014 1025 3056 nec
1047 2996 1187 3075 progredi
1209 3006 1355 3076 poterunt

347 3096 376 3150 et
403 3089 465 3149 suis
493 3085 634 3147 dimensis
662 3083 791 3145 motibus
824 3101 964 3163 peragere
988 3092 1120 3163 tempora
1149 3103 1204 3146 nec
1226 3104 1355 3165 prorsus

293 3189 328 3237 30
347 3180 376 3238 in
406 3194 441 3236 eo
472 3173 551 3254 quod
579 3181 694 3235 creatae
722 3179 792 3233 sunt
819 3172 1004 3250 aliquatenus
1032 3172 1255 3251 permanebunt..
1303 3174 1356 3235 Sic

349 3282 419 3343 ergo
448 3264 557 3323 crearit
591 3261 739 3322 hominem
770 3258 864 3340 Deus,
897 3268 930 3320 ut
959 3261 986 3319 ei
1016 3260 1139 3321 adderet
1169 3261 1355 3323 fertilitatem

348 3352 507 3434 quandam,
535 3367 591 3429 qua
614 3350 748 3409 homines
771 3346 844 3408 alios
866 3356 1054 3428 propagaret,
1083 3367 1285 3427 congenerans
1309 3354 1356 3412 eis

348 3443 434 3501 etiam
462 3442 556 3519 ipsam
578 3435 758 3518 propagandi
780 3434 1019 3516 possibilitatem,
1049 3454 1108 3497 non
1131 3440 1359 3500 necessitatem:

414 3548 458 3613 27)
476 3545 514 3598 Io.
535 3550 559 3611 ὁ,
575 3550 615 3597 17.

344 3630 557 3639 ——-—---—.-—

413 3673 477 3734 3sq.
492 3667 584 3719 indito
600 3708 622 3719 ..
638 3665 746 3717 intexto
753 3680 774 3732 p
787 3665 796 3733 ΙΙ
811 3669 844 3716 tt
860 3665 910 3717 aut
923 3664 1009 3718 eliam
1021 3666 1129 3718 remote
1138 3664 1166 3717 1t
1178 3666 1189 3733 l
1203 3668 1236 3716 19
1249 3661 1364 3718 aliena-

341 3738 379 3791 rii
397 3738 547 3803 RAGaau
567 3736 705 3790 alienaret
722 3752 752 3804 93
771 3734 939 3788 alienaverit
953 3752 996 3803 po
1009 3737 1018 3804 ΙΙ
1033 3740 1064 3788 31
1084 3734 1129 3788 illi
1147 3751 1163 3788 o
