3284 4459
562 511 603 550 nu
616 509 760 551 emmaum
773 511 826 551 nm
838 512 865 551 u.
878 511 941 551 xxr.
955 511 978 551 c.
991 513 1011 552 e.
1226 496 1292 559 505

280 645 337 704 hoc
360 662 421 704 uno
444 644 653 723 adtendamus,
676 644 754 723 quod
777 645 813 705 ad
838 664 916 725 rem,
940 646 976 707 de
1000 664 1057 723 qua
1081 647 1203 724 agimus,
1225 662 1291 724 per·

281 735 364 793 tinet.
411 731 488 803 Quid
518 735 558 792 ita
586 733 762 812 dispositum
792 741 838 794 est
865 732 901 793 ab
929 741 1050 794 anctore
1074 742 1196 794 naturae
1219 732 1293 793 caeli

281 830 313 881 et
331 830 439 900 terrae,
457 839 545 899 quiem
564 820 735 882 admodum
753 840 861 881 cursus
880 821 1117 882 ordinatissimus
1136 816 1292 881 siderum?

282 908 359 979 Quid
395 918 454 969 tam
486 911 559 969 ratis
590 908 705 988 legibus
742 909 866 987 fixisque
900 906 1069 970 firmatum?
1114 908 1152 969 Et
1184 917 1292 988 tamen,

282 997 400 1076 quando
424 996 473 1056 ille
497 996 604 1076 voluit,
627 999 679 1075 qui
702 1015 817 1057 summo
841 1000 918 1075 regit
941 999 1066 1076 imperio
1090 1015 1123 1058 ac
1146 1005 1327 1077 potestaten

282 1084 360 1164 quod
386 1084 530 1165 condidit,
563 1084 646 1145 stella
673 1103 744 1164 prae
774 1088 882 1145 ceteris
914 1085 1114 1163 magnitudine
1138 1103 1172 1144 ae
1196 1085 1292 1163 splen-

282 1174 354 1234 dore
377 1174 530 1234 notissima
554 1172 699 1254 colorem,
726 1174 974 1254 magnitudinem,
997 1173 1122 1251 figuram
1145 1181 1175 1233 et
1198 1168 1293 1253 (quod

283 1269 330 1321 est
363 1255 541 1343 mirabilius)
578 1263 626 1321 sui
658 1279 766 1323 cursus
803 1262 937 1321 ordinem
969 1260 1123 1340 legemque
1160 1262 1293 1321 mutavit.

284 1348 427 1410 Turbavit
445 1350 579 1429 prolecto
598 1359 679 1430 tuuc,
702 1351 727 1409 si
745 1348 797 1409 ulli
816 1352 874 1409 iam
894 1351 1024 1429 luerunt,
1048 1367 1176 1409 canones
1199 1356 1292 1408 astro-

283 1437 428 1517 logorum,
451 1455 527 1515 quos
546 1436 626 1498 velut
648 1436 800 1498 inerrabili
824 1440 1042 1517 computatione
1066 1436 1101 1498 de
1125 1438 1293 1515 praeteritis
1313 1448 1346 1496 10

284 1544 318 1585 ac
352 1526 461 1586 futuris
492 1534 641 1585 astrorum
673 1525 802 1586 motibus
835 1528 1021 1604 conscriptos
1052 1524 1179 1604 habent,
1216 1542 1291 1602 quos

284 1632 413 1674 canones
432 1612 583 1691 sequendo
602 1615 667 1675 ansi
685 1622 755 1674 sunt
773 1614 882 1693 dicere,
905 1614 971 1694 hoo,
994 1614 1072 1692 quod
1095 1612 1133 1673 de
1155 1611 1292 1673 Lucifero

284 1703 421 1782 contigit,
452 1720 507 1763 neo
531 1710 617 1762 antea
639 1720 695 1763 uec
717 1711 821 1781 postea
844 1703 1012 1781 contigisse.
1057 1700 1117 1761 Nos
1141 1710 1239 1762 autem
1261 1702 1293 1761 in

285 1790 391 1852 divinis
414 1789 498 1850 libris
520 1790 646 1869 legimus
669 1792 757 1851 etiam
780 1789 873 1850 solem
896 1793 993 1869 ipsum
1016 1799 1046 1851 et
1069 1792 1201 1869 stetisse,
1225 1807 1292 1855 cum

284 1878 342 1939 hoe
358 1897 377 1939 a
395 1877 519 1938 [lumino
538 1876 599 1938 lieo
618 1880 771 1957 petivisset
788 1880 833 1938 vir
852 1886 972 1939 sanctus
990 1877 1074 1939 lesus
1092 1877 1180 1959 Nave,
1199 1878 1294 1938 donec
1313 1888 1346 1937 15

286 1975 424 2046 coeptum
454 1966 601 2045 proelium
630 1968 752 2027 victoria
776 1969 962 2047 terminaret,
985 1974 1016 2027 et
1038 1974 1204 2027 retrorsum
1227 1965 1292 2026 red·

283 2058 358 2136 isse,
385 2065 419 2115 nt
448 2057 511 2133 regi
536 2054 676 2114 Ezechiae
707 2054 875 2132 quindecim
908 2056 978 2115 anni
1006 2054 1041 2114 ad
1064 2054 1221 2114 vivendum
1244 2053 1293 2113 ad·

285 2142 340 2203 diti
362 2141 419 2202 hoc
437 2144 525 2203 etiam
544 2143 678 2222 prodigio
697 2144 885 2221 promissioni
908 2141 962 2202 Dei
985 2142 1222 2221 significarentur
1245 2142 1293 2201 ad·

285 2234 396 2292 iuncto.
443 2230 501 2290 Sed
537 2232 593 2292 ista
631 2249 748 2309 quoque
781 2230 934 2304 miracula,
971 2248 1046 2309 quae
1078 2230 1192 2290 meritis
1224 2237 1295 2289 sunt

286 2337 427 2379 concessa
455 2328 641 2397 sanctorum,
673 2318 790 2397 quando
819 2317 946 2379 credunt
972 2319 1024 2379 isti
1051 2317 1141 2398 lacta,
1173 2318 1293 2394 magicis
1312 2330 1347 2380 20

286 2405 400 2467 artibus
423 2405 567 2467 tribuunt.
613 2406 696 2467 Unde
719 2406 792 2467 illud
815 2415 875 2487 est,
904 2404 983 2485 quod
1006 2407 1144 2485 superius
1168 2422 1294 2465 comme·

286 2496 398 2556 morari
420 2494 530 2555 dixisse
555 2493 727 2575 Vergilium:

374 2618 486 2678 Sistere
509 2638 618 2695 aquam
640 2619 740 2678 fluviis
763 2623 795 2679 ei
815 2623 935 2679 vertere
958 2619 1057 2678 sidera
1079 2621 1169 2678 retro.

286 2740 360 2801 Nam
378 2749 409 2802 et
426 2742 549 2802 fluvium
567 2744 685 2802 stetisse
704 2743 843 2821 superius
865 2742 1049 2820 inferiusque
1073 2740 1203 2822 fluxisse,
1226 2758 1294 2802 cum

286 2828 486 2909 populusDei
505 2829 628 2890 ductore
647 2837 917 2909 supramemorato
940 2829 1008 2890 lesu
1030 2828 1108 2889 Nave
1133 2832 1207 2889 viam
1231 2848 1293 2890 ear·
1313 2842 1347 2891 25

286 2926 388 2998 peret,
417 2926 448 2978 et
469 2916 552 2978 Helia
581 2918 725 2997 propheta
755 2927 928 2979 transeunte
955 2935 989 2978 ao
1017 2926 1119 2997 postea
1149 2916 1294 2999 discipulo

287 3008 352 3067 cius
375 3004 511 3066 Helisaeo
533 3005 563 3067 id
587 3024 652 3067 esse
677 3007 786 3067 lactum
808 3008 839 3066 in
863 3008 955 3066 sacris
977 3005 1085 3066 litteris
1108 3005 1242 3086 legimus,
1265 3015 1295 3066 et

287 3104 369 3155 retro
403 3112 519 3155 versum
557 3094 648 3154 luisse
686 3096 845 3154 marimum
878 3093 959 3154 sidns
995 3102 1137 3172 regnante
1169 3092 1294 3153 Ezechia

287 3181 376 3243 modo
406 3185 708 3242 commemoravimus.
755 3181 840 3251 Quod
871 3200 940 3240 vero
969 3181 1005 3241 de
1033 3180 1171 3241 Lucilero
1202 3180 1293 3241 Varro

288 3272 424 3351 scripsit,
455 3288 515 3331 non
548 3280 593 3331 cst
624 3270 684 3330 illic
716 3270 829 3330 dictum
859 3270 946 3331 alicui
978 3271 1092 3348 petenti
1123 3269 1235 3328 homini
1264 3269 1293 3329 id
1313 3283 1347 3331 30

287 3359 379 3419 luisse
404 3377 587 3419 concessum.

377 3445 442 3506 Non
461 3464 531 3526 ergo
551 3448 587 3507 de
607 3448 710 3507 notitia
734 3454 906 3506 naturarum
930 3446 1084 3524 caliginem
1108 3444 1163 3505 sibi
1188 3446 1294 3506 iaciant

288 3533 430 3615 infideles,
453 3537 537 3613 quasi
555 3554 613 3595 non
637 3537 731 3614 possit
748 3538 779 3594 in
799 3535 895 3613 aliqua
914 3552 946 3593 re
966 3534 1105 3593 divinitus
1124 3534 1188 3593 lieri
1207 3534 1294 3614 alind,

355 3654 588 3725 ro)10n1o‚1a,
628 3656 671 3722 19)
690 3652 763 3706 usai.
782 3658 862 3720 aee.
901 3654 945 3721 aa)
965 3652 1033 3705 Aen.
1049 3657 1144 3720 ecee.
1183 3656 1227 3723 aa)
1245 3653 1297 3707 Ios.

280 3731 365 3795 ete.
421 3728 466 3794 aa)
486 3732 509 3778 e.
524 3725 592 3793 neg.
613 3730 638 3791 2,
654 3729 683 3790 83
704 3729 744 3777 14.

283 3818 510 3987 We
527 3858 537 3924 l
556 3861 589 3908 10
607 3854 752 3909 inerrabili
769 3854 887 3921 acen
905 3853 1061 3908 teneratur
1079 3855 1122 3927 μὴ
1141 3854 1297 3909 aenaeae.

339 3947 372 3999 eo
