3284 4459
357 503 420 567 170
756 516 958 560 annaneane

354 661 388 714 ut
410 669 513 712 verum
536 653 575 713 sit
598 661 767 733 utrumque,
790 651 869 731 quod
888 653 1032 730 scriptum
1051 659 1106 731 est,
1128 660 1172 713 et:
1196 651 1362 713 Praevari-

354 746 475 801 catores
498 742 656 800 aestimavi
681 757 782 801 omnes
800 746 982 816 peccatores
1003 747 1120 814 terrae,
1152 747 1196 800 et:
1233 741 1291 801 Ubi
1312 744 1364 800 tex

353 845 414 888 aon
437 835 489 902 est,
511 845 568 889 aec
586 831 827 904 praevaricatio.
859 828 901 888 Ac
919 845 974 908 per
992 826 1057 907 hoc,
1080 830 1148 908 qnia
1173 829 1362 889 circumcisio

354 917 470 994 signum
504 917 737 994 regenerationis
773 915 830 983 init
866 923 897 976 et
933 933 993 976 non
1029 917 1169 978 inmerito
1206 916 1362 996 parvulum

319 1012 477 1083 apropter
506 1003 647 1082 originale
675 1011 844 1083 peccatum,
875 1021 934 1082 quio
957 1005 1086 1082 primum
1109 1003 1163 1064 llei
1186 1003 1362 1083 dissipatum

355 1099 402 1152 est
423 1099 648 1172 testamentum,
671 1093 822 1171 generatio
846 1090 1009 1172 disperdet,
1037 1093 1095 1152 nisi
1118 1095 1306 1170 regeneratio
1329 1092 1363 1152 li-

354 1178 453 1240 beret:
484 1181 529 1240 sic
551 1179 746 1259 intellegenda
770 1186 841 1240 sunt
860 1179 936 1239 haec
958 1178 1047 1239 verba
1070 1178 1184 1261 divina,
1210 1188 1362 1260 tamquam

354 1267 468 1328 dictum
491 1269 543 1328 sit:
574 1267 655 1348 „Qui
678 1283 738 1328 non
761 1266 852 1328 inerit
875 1275 1081 1348 regeneratae,
1108 1267 1243 1329 interibit
1265 1269 1361 1328 anima

353 1354 402 1416 illa
434 1356 470 1416 de
502 1372 613 1435 genere
645 1349 740 1435 eins“,
773 1356 842 1434 quia
873 1363 1083 1416 testamentum
1115 1353 1168 1416 Dei
1200 1355 1362 1437 dissipavit,

303 1455 335 1503 ιο
355 1443 472 1522 quando
499 1446 529 1503 in
557 1442 647 1503 Adam
676 1461 745 1504 cum
771 1442 909 1503 omnibns
938 1445 1026 1504 etiam
1053 1445 1117 1523 ipse
1140 1445 1282 1524 peccavit.
1330 1444 1362 1505 Si

355 1534 433 1593 enim
456 1531 592 1593 dixisset:
620 1530 719 1612 „Quia
741 1529 798 1591 hoc
821 1539 1032 1592 testamentum
1055 1549 1154 1593 meum
1177 1529 1362 1614 dissipavit“,

353 1637 413 1680 non
433 1621 490 1679 nisi
509 1619 546 1679 de
564 1621 620 1679 ista
638 1620 865 1679 circumcisione
883 1618 1015 1698 intellegi
1029 1628 1163 1701 cogeret3
1182 1639 1262 1681 nnnc
1280 1638 1362 1702 vero,

354 1709 493 1787 quoniam
519 1725 579 1766 non
608 1709 755 1786 expressit
777 1709 863 1767 cuius
885 1706 965 1768 modi
987 1715 1197 1768 testamentum
1220 1708 1362 1787 parvulus

353 1793 556 1875 dissipalerit,
592 1793 717 1855 liberum
750 1803 797 1856 est
828 1794 1000 1874 intellegere
1032 1796 1069 1856 de
1101 1795 1151 1856 illo
1183 1805 1362 1857 testamento
1458 1774 1459 1848 l

302 1895 334 1943 15
354 1883 475 1964 dictum,
498 1885 584 1943 cuins
606 1882 758 1963 dissipatio
781 1886 933 1962 pertinere
957 1891 1058 1962 posset
1081 1883 1117 1944 ad
1135 1883 1299 1963 parvulum.
1329 1883 1363 1948 Si
1458 1907 1459 1942 ;

354 1980 453 2032 autem
475 1971 532 2031 hoc
555 1973 711 2050 quisquam
730 1989 788 2033 non
809 1974 867 2032 nisi
885 1972 922 2032 de
936 1974 993 2032 ista
1006 1973 1233 2033 circumcisione
1247 1971 1362 2034 dictum
1458 1997 1459 2072 {

354 2077 420 2120 esse
443 2059 605 2140 contendit,
628 2059 707 2139 qnod
725 2062 756 2120 in
775 2077 809 2120 ea
828 2068 1037 2121 testamentum
1057 2059 1118 2141 llei,
1142 2061 1281 2140 quoniam
1301 2079 1361 2122 non

354 2155 400 2208 est
422 2149 631 2229 circumcisus,
660 2146 846 2228 dissipaverit
872 2146 1026 2227 parvulus:
1058 2157 1180 2225 quaerat
1201 2147 1362 2210 locutionis

353 2236 480 2315 aliquem
503 2234 637 2316 modum,
664 2253 723 2314 qno
752 2253 812 2296 non
840 2235 967 2298 absurde
994 2237 1088 2315 possit
1115 2235 1260 2318 intellegi,
1293 2237 1361 2298 ideo

300 2336 334 2385 20
353 2325 511 2405 dissipasse
535 2333 759 2404 testamentum,
788 2327 856 2402 quia
878 2322 948 2386 licet
971 2341 1030 2384 non
1054 2323 1175 2405 abillo,
1207 2328 1361 2387 tamenin

352 2411 403 2474 illo
425 2421 472 2473 est
495 2412 677 2491 dissipatum.
722 2410 832 2473 Verum
859 2415 902 2474 sic
926 2429 1045 2493 qnoque
1068 2412 1363 2491 animadvertendum

353 2509 399 2563 est
422 2499 501 2561 nulla
524 2502 555 2560 in
578 2517 610 2560 se
634 2498 818 2578 neglegentia
846 2517 899 2562 sua
921 2503 1031 2561 iniuste
1053 2502 1177 2562 interire
1200 2503 1361 2564 incircum-

353 2591 408 2650 cisi
430 2590 556 2648 animam
578 2587 693 2667 parvuli
716 2589 774 2648 nisi
796 2588 947 2668 originalis
970 2587 1147 2668 obligatione
1169 2593 1293 2670 peccati.

710 2829 831 2896 Oneon
854 2829 1005 2895 XXVIII.

286 2990 333 3038 -25
354 2977 400 3038 De
421 2980 652 3038 commutatione
673 2979 825 3039 nominum
849 2977 992 3038 Abrahae
1015 2982 1045 3036 et
1066 2976 1193 3050 Sarrae,
1215 2979 1269 3052 qai
1291 2997 1364 3040 cam

384 3065 421 3127 oo
443 3068 535 3126 caiae
556 3068 758 3140 stallitatm,
781 3065 818 3127 ot
841 3066 1001 3138 utriusque
1023 3071 1123 3125 autem
1145 3072 1330 3127 senectutem

483 3170 639 3229 paccare
661 3160 876 3230 conpesceret,
898 3169 1007 3212 manas
1026 3149 1227 3228 fecunditatis

750 3243 868 3318 indepti
887 3246 966 3301 caat.

442 3379 530 3441 Facta
552 3382 643 3459 igitur
665 3382 861 3460 promissione
883 3388 944 3441 tam
968 3396 1071 3458 magna
1094 3388 1213 3458 tamque
1232 3380 1364 3444 diluclda

300 3483 335 3532 80
354 3469 391 3530 ad
405 3467 559 3547 Abraham,
581 3470 631 3530 cui
653 3468 871 3529 evidentissime
894 3466 1086 3529 dictumest:
1110 3469 1234 3530 Patrem
1251 3473 1363 3532 mauu-

419 3710 434 3760 9
458 3722 559 3775 genere
584 3707 790 3777 VRAGbegp
814 3711 890 3774 (169,
904 3710 948 3776 6);
975 3707 1079 3778 populo
1101 3708 1149 3763 Fa
1171 3709 1181 3778 l
1204 3712 1238 3762 ln
1259 3709 1361 3816 possed

354 3724 530 3847 VRAb'e'p3
548 3774 639 3846 p'ossit
657 3725 795 3847 FGb¹po
812 3780 823 3847 l
841 3783 875 3832 28
894 3777 960 3833 inde
979 3779 1074 3848 coepe·
1065 3797 1076 3838 ι
1091 3796 1114 3849 p
