3284 4459
566 528 606 568 rm
618 527 761 569 crvrrarn
776 528 829 568 um
843 528 868 568 u.
882 530 932 569 xx.
946 529 970 570 c.
983 531 1016 569 or.
1234 514 1298 577 461

384 663 462 723 Haec
493 681 560 724 cnm
590 663 628 723 de
656 666 725 744 ista,
752 682 827 742 qnae
856 682 935 723 nunc
963 665 1123 742 inpertitur
1150 664 1301 743 ecciesiae,

294 754 451 831 perspicua
489 751 633 829 nobisque
670 754 822 812 notissima
858 752 911 811 Dei
950 754 1137 811 miseratione
1169 752 1301 834 dixisset,

293 842 431 919 promisit
461 848 491 900 et
519 840 607 919 fines,
639 840 673 899 ad
707 858 782 918 qnos
808 848 863 919 per
890 840 1026 900 ultimum
1056 839 1197 900 iudicium
1225 841 1300 901 iacta

293 929 439 988 bonorum
473 928 676 1005 maiorumque
708 928 886 988 discretione
924 930 1076 1008 venietur,
1112 928 1214 989 dicens
1245 948 1301 1009 per

293 1017 480 1098 prophetam,
512 1016 557 1075 vel
589 1016 626 1075 de
662 1016 786 1076 Bomino
818 1017 919 1076 dicens
952 1019 1015 1095 ipse
1044 1017 1200 1096 propheta:
1237 1020 1335 1090 Quot

293 1109 380 1167 modo
403 1109 482 1165 enim
505 1108 622 1165 caelum
650 1114 809 1165 canumet
832 1114 917 1165 terra
941 1123 1018 1166 nova
1041 1107 1174 1165 manebit
1194 1124 1300 1167 coram

292 1213 352 1267 me,
380 1197 455 1254 dicit
478 1195 637 1265 Dominae,
669 1197 714 1254 ric
740 1194 833 1253 stabit
858 1212 958 1254 semen
988 1201 1118 1255 oestrum
1142 1202 1170 1254 et
1193 1212 1299 1255 nomen

293 1290 437 1355 oestrum,
466 1290 496 1343 ei
522 1285 583 1343 erit
608 1285 717 1342 mensis
744 1300 783 1342 ex
810 1299 910 1342 mense
939 1288 969 1343 et
989 1283 1146 1342 sabbatum
1170 1300 1209 1341 erc
1231 1284 1298 1342 sai·

292 1374 371 1431 data.
424 1369 527 1431 Veniet
554 1374 647 1431 omnio
675 1387 749 1430 caro
779 1374 810 1430 in
839 1378 999 1447 conspectu
1023 1387 1087 1432 meo
1110 1373 1245 1431 odorare
1268 1374 1299 1431 in

293 1462 496 1532 Hierusalem,
525 1461 605 1518 dixit
631 1460 791 1530 Dominur;
823 1466 852 1518 ei
879 1461 1075 1533 effredientur
1102 1467 1132 1519 et
1158 1460 1301 1520 videbunt
1320 1470 1352 1517 10

293 1550 427 1608 membro
445 1550 605 1626 hominum,
627 1550 682 1621 qui
699 1548 912 1622 praevaricati
933 1556 1004 1607 sunt
1027 1551 1057 1607 in
1080 1564 1133 1609 me.
1187 1546 1300 1608 Vermis

293 1653 397 1698 eorum
421 1652 481 1695 non
503 1639 657 1709 morietur,
680 1643 711 1696 et
733 1639 811 1710 iacis
835 1652 938 1696 eorum
962 1653 1020 1695 non
1044 1640 1247 1715 extinpuetur,
1271 1643 1301 1696 et

293 1732 386 1785 erunt
402 1727 482 1783 voci
498 1727 579 1784 omni
596 1727 694 1784 carni.
742 1723 782 1782 Ad
805 1722 862 1782 hoc
886 1726 941 1783 iste
965 1723 1107 1803 propheta
1132 1726 1299 1784 terminavit

293 1812 418 1891 tibrum,
450 1811 485 1871 ad
516 1810 593 1890 quod
627 1810 833 1871 terminabitur
866 1811 1024 1872 saeculum.
1070 1812 1195 1882 Quidam
1228 1830 1297 1873 sane

293 1919 354 1961 non
380 1902 566 1978 interpretati
595 1909 677 1960 sunt:
706 1900 844 1960 Membra
871 1902 1034 1974 dominum,
1064 1900 1114 1960 sed
1143 1903 1298 1961 cadavera
1319 1911 1351 1958 15

293 1993 442 2061 virorum,
469 2006 523 2066 per
551 1987 691 2047 cadavera
719 1989 917 2066 significantes
946 1987 1110 2049 evidentem
1141 2007 1299 2068 corporum

293 2094 432 2157 poenam3
460 2078 592 2154 quamvis
619 2074 741 2136 cadaver
769 2078 826 2136 nisi
854 2094 922 2136 caro
950 2079 1092 2137 exanimis
1120 2094 1178 2136 non
1208 2077 1300 2137 soleat

295 2166 469 2244 nuncupari,
492 2163 539 2223 ilia
563 2181 632 2223 vero
651 2166 776 2223 animata
800 2173 888 2224 erunt
911 2182 1044 2246 corpora,
1067 2164 1196 2243 alioquin
1221 2166 1298 2225 uuila

294 2260 436 2333 poterunt
466 2254 576 2312 sentire
608 2260 767 2331 tormenta3
799 2254 856 2311 nisi
889 2252 979 2333 forte,
1013 2255 1080 2332 qnia
1113 2263 1297 2313 mortuorum

294 2351 384 2402 erunt
411 2358 550 2419 corpora,
578 2339 606 2399 id
635 2347 681 2399 est
708 2358 827 2421 eorum,
857 2343 908 2418 qni
937 2343 967 2400 in
991 2341 1148 2400 secundam
1173 2351 1351 2401 mortemon

295 2430 416 2510 cadent,
448 2429 513 2488 ideo
546 2446 605 2487 non
638 2427 764 2488 absurde
792 2431 879 2488 etiam
908 2428 1047 2488 cadavera
1077 2428 1135 2489 dici
1165 2436 1298 2508 possunt.

296 2518 378 2579 Unde
408 2526 453 2576 est
480 2526 510 2576 et
537 2516 622 2594 iliud,
652 2517 730 2595 quod
754 2516 789 2576 ab
814 2516 917 2576 eodem
942 2517 1084 2596 propheta
1108 2517 1218 2577 dictum
1241 2520 1299 2577 iarn

294 2625 385 2686 supra
411 2607 510 2684 posui:
548 2604 643 2665 Terra
671 2623 742 2666 vero
771 2609 930 2681 impiorum
958 2608 1055 2665 cadet.
1100 2605 1173 2675 Quis
1201 2612 1297 2665 antem

294 2714 354 2755 non
379 2696 474 2755 videat
497 2713 513 2752 a
536 2692 666 2752 cadendo
691 2712 756 2753 esse
780 2692 921 2773 appellata
945 2690 1107 2754 cadavera?
1159 2694 1298 2754 Virorum

295 2792 394 2844 autern
417 2800 472 2862 pro
495 2799 530 2841 eo
554 2784 689 2860 posuisse
712 2781 778 2841 iiios
801 2784 994 2861 interpretes,
1017 2781 1094 2860 qnod
1119 2790 1165 2842 est
1187 2782 1296 2862 „homi
1317 2794 1351 2841 25

295 2866 398 2952 num“,
425 2871 613 2930 manifestum
641 2878 694 2930 est.
740 2869 842 2948 Neque
871 2872 949 2929 enim
979 2873 1133 2950 qnisquam
1164 2870 1298 2931 dicturus

294 2968 342 3020 est
363 2960 621 3038 praevaricatrices
644 2959 767 3017 feminas
794 2961 825 3017 in
848 2957 897 3016 iiio
921 2959 1064 3037 supplicio
1088 2977 1146 3019 non
1170 2959 1298 3041 suturas3

294 3047 347 3109 sed
370 3066 406 3107 ex
425 3049 548 3125 potiore,
571 3047 744 3124 praesertim
769 3047 805 3106 de
830 3064 888 3123 quo
912 3046 1019 3106 semina
1043 3048 1117 3107 iacta
1141 3055 1195 3125 est,
1219 3057 1297 3108 uter·

294 3154 353 3215 que
377 3153 464 3195 serus
492 3136 643 3213 accipitur.
688 3131 812 3212 Verum,
837 3134 915 3212 qnod
939 3135 974 3194 ad
999 3153 1061 3194 rein
1084 3138 1208 3196 maxime
1233 3154 1297 3214 per-

294 3227 382 3304 tinet,
410 3241 478 3283 cum
500 3230 531 3282 et
553 3225 583 3281 in
606 3220 691 3281 bonis
714 3222 836 3283 dicitur:
871 3223 974 3283 Veniet
996 3227 1090 3283 omnis
1112 3241 1200 3297 curo,
1230 3226 1298 3302 quia
1317 3236 1352 3284 30

295 3331 331 3372 ex
363 3314 443 3371 omni
474 3328 582 3389 genere
615 3309 767 3370 hominum
798 3310 926 3389 popolus
962 3311 1013 3371 ille
1046 3310 1191 3370 constabit
1223 3306 1298 3391 (non

295 3403 374 3460 enim
397 3417 500 3459 omnes
523 3398 657 3458 homiues
681 3397 721 3458 ihi
745 3407 847 3478 erunt,
877 3398 993 3477 quando
1017 3400 1047 3458 in
1070 3401 1174 3477 poenis
1198 3399 1297 3477 piures

294 3484 407 3569 erunt),
424 3521 468 3529 -
487 3486 548 3568 sed,
570 3496 603 3546 ut
622 3486 720 3545 dicere
740 3504 904 3566 coeperam,
928 3504 995 3547 cum
1020 3494 1051 3546 et
1072 3486 1207 3547 inbonis
1229 3506 1297 3548 caro

362 3601 404 3666 13)
423 3597 497 3650 Esei.
517 3602 560 3665 66,
575 3602 608 3649 22
619 3613 678 3664 sqq.

291 3682 680 3789 -d—dieit—Rnpimbp
705 3720 788 3789 (λέγει
815 3720 923 3787 eriptam
956 3722 1034 3787 infra
1062 3717 1122 3777 εἷπε
1149 3727 1198 3793 κ.);
1229 3723 1301 3778 dixit

291 3792 447 3862 Acrem
464 3794 474 3861 ΙΙ
492 3798 525 3846 23
544 3792 639 3861 posuit
657 3792 785 3846 Rieu
804 3794 813 3861 fl
832 3797 864 3844 31
885 3791 934 3847 ille
952 3793 1111 3863 RGnepp3
1135 3795 1189 3849 iste
1208 3797 1300 3850 dabo
