3284 4459
546 491 585 531 nn
599 489 742 530 crumena
755 488 809 528 om
822 489 848 528 c.
862 487 951 527 xum.
964 486 987 528 c.
1001 489 1034 526 re.
1229 470 1294 534 273

287 637 423 708 stuprum
443 635 560 705 raptum
584 623 817 706 pulcherrimum
840 638 967 701 puerum
986 620 1192 700 Ganymedem,
1216 619 1294 698 quod

288 718 370 777 nolas
393 733 445 776 rex
465 713 605 774 Tantalus
629 713 698 772 lecit
721 720 752 770 et
775 709 836 770 lovi
858 708 955 770 labula
978 707 1092 789 tribuit,
1115 708 1159 768 vel
1182 707 1295 769 Danaes

287 823 341 884 per
369 803 494 863 imbrem
523 819 647 862 aureum
674 799 823 879 adpetisse
846 796 1050 876 concubitum,
1078 795 1130 856 ubi
1151 796 1294 874 intellegi-

286 903 336 954 tur
368 892 510 973 pudicitia
546 887 678 949 mulieris
711 904 783 948 auro
820 887 912 946 luisse
944 893 1099 966 corrupta,
1131 901 1207 963 quae
1238 884 1295 944 illis

287 979 470 1060 temporibus
498 976 543 1038 vel
575 977 650 1037 lacta
673 974 718 1036 vel
742 975 809 1035 ficta
832 976 917 1054 sunt,
947 982 998 1034 aut
1020 975 1095 1034 lacta
1119 971 1155 1032 ab
1179 971 1242 1032 aliis
1266 981 1330 1032 eto

288 1070 355 1130 licta
380 1068 416 1128 de
441 1066 517 1148 love,
541 1064 599 1126 dici
623 1083 682 1124 nou
705 1072 804 1143 potest
828 1071 969 1142 quantum
993 1061 1061 1122 mali
1083 1061 1120 1122 de
1143 1060 1295 1121 hominum

288 1157 542 1236 praesumpserint
561 1152 710 1234 cordibus,
734 1150 812 1229 quod
832 1159 953 1229 possent
971 1152 1026 1211 ista
1045 1152 1193 1229 patienter
1216 1150 1295 1208 lerre

288 1241 453 1325 mendacia,
484 1241 681 1321 quae'tamen
704 1241 792 1300 etiam
815 1236 943 1299 libenter
966 1237 1093 1317 amplexi
1115 1245 1193 1297 suot.
1239 1236 1296 1307 Qui

288 1336 391 1412 utique
416 1339 525 1412 quanto
549 1330 684 1390 devotius
708 1326 805 1387 lovem
829 1327 938 1403 colunt,
961 1336 1043 1386 tanto
1067 1344 1128 1406 eos,
1150 1327 1202 1404 qui
1223 1325 1296 1384 haec

293 1418 328 1478 de
351 1417 402 1478 illo
422 1416 521 1478 dicere
540 1419 604 1477 ausi
623 1425 700 1494 sunt,
724 1418 857 1478 severius
875 1418 982 1494 punire
1002 1415 1177 1477 debuerunt
1210 1414 1295 1476 Nunc
1319 1426 1352 1473 10

293 1524 361 1568 vero
390 1524 448 1567 non
476 1505 570 1566 solum
599 1507 656 1583 eis,
683 1507 735 1583 qui
762 1507 818 1565 ista
846 1504 1007 1583 finxerunt,
1035 1506 1103 1565 irati
1130 1523 1189 1565 non
1217 1512 1295 1583 sunt,

292 1595 344 1656 sed
376 1601 410 1656 ut
441 1593 510 1654 talia
542 1595 681 1674 figmenta
714 1595 801 1654 etiam
834 1595 866 1652 in
896 1592 1020 1655 theatris
1050 1602 1183 1672 agerent,
1215 1595 1296 1673 ipsos

289 1682 361 1743 deos
398 1683 495 1760 potius
532 1683 622 1740 iratos
659 1677 767 1738 babere
805 1681 977 1741 timuerunt.
1023 1678 1075 1739 His
1112 1679 1296 1760 temporibus

289 1768 399 1830 Latona
420 1768 585 1847 Apollinem
615 1769 746 1847 peperit,
776 1786 835 1828 non
865 1767 960 1846 illum,
989 1771 1075 1827 cuius
1103 1769 1220 1829 oracula
1250 1787 1296 1829 so-

289 1858 351 1918 lere
384 1855 498 1918 consuli
531 1858 668 1935 superius
696 1855 905 1934 loquebamur,
937 1854 988 1915 sed
1017 1854 1115 1937 illum,
1148 1859 1199 1935 qui
1229 1870 1349 1917 cum15

290 1945 417 2007 Hercule
448 1947 568 2005 servivit
590 1943 727 2022 Admet03
757 1945 809 2021 qui
840 1951 936 2002 tamen
965 1946 1008 2004 sic
1037 1952 1083 2004 est
1105 1943 1179 2004 deus
1203 1945 1296 2005 credi·

290 2044 365 2116 tus,
379 2041 413 2095 ut
443 2033 562 2112 plurimi
585 2050 618 2092 ao
641 2049 733 2110 paene
758 2049 861 2091 omnes
885 2049 977 2091 unum
1001 2030 1187 2111 eundemque
1210 2033 1296 2111 dpol·

290 2123 380 2183 linem
408 2123 500 2182 luisse
528 2123 695 2198 opinentur.
741 2119 826 2188 Tunc
854 2129 884 2180 et
906 2118 995 2180 Liber
1018 2128 1102 2198 pater
1126 2119 1243 2181 bellavit
1265 2123 1295 2180 in

290 2210 381 2291 ludia,
404 2211 457 2288 qui
474 2209 581 2269 mtvltas
600 2207 702 2268 habuit
719 2209 749 2267 iu
770 2209 902 2268 exercitu
921 2208 1054 2287 seminas,
1073 2226 1147 2286 quae
1167 2208 1296 2269 Bacchae

289 2298 452 2378 appellatae
485 2307 568 2377 sunt,
600 2314 659 2356 non
692 2303 750 2356 tam
783 2299 892 2356 virtute
924 2295 1037 2356 nobiles
1068 2313 1155 2374 quam
1187 2298 1297 2357 lurore.
1317 2310 1351 2358 to

290 2386 389 2464 Aliqui
419 2404 488 2446 sane
519 2394 549 2445 et
578 2387 687 2444 victum
724 2383 859 2445 scribunt
888 2387 977 2444 istum
1007 2382 1148 2444 Liberum
1177 2392 1208 2444 et
1239 2388 1297 2444 vin·

291 2483 386 2554 otum3
416 2473 550 2534 nonnulli
580 2482 610 2533 et
637 2475 767 2533 occisum
795 2475 826 2532 in
854 2490 951 2551 pugna
976 2491 991 2531 a
1015 2472 1139 2552 Perseo,
1169 2472 1297 2533 necubi

291 2563 383 2623 'iuuerit
411 2561 544 2640 sepultus
573 2569 685 2640 tacent3
716 2569 746 2620 et
772 2569 870 2620 tamen
903 2563 968 2620 eius
996 2559 1076 2621 velut
1104 2561 1151 2620 dei
1179 2563 1298 2622 nomine

291 2669 345 2730 per
373 2648 531 2710 inmundos
559 2648 716 2708 daemones
739 2647 929 2708 bacchanalia
956 2667 1039 2708 sacra
1063 2649 1108 2708 vel
1130 2651 1229 2728 potius
1253 2667 1296 2709 sa·

292 2739 412 2817 crilegia
431 2746 501 2797 sunt
518 2739 661 2817 instituta,
684 2735 721 2796 de
740 2754 868 2815 quorum
886 2735 1001 2796 rabiosa
1024 2737 1207 2816 turpitudine
1230 2747 1298 2816 post
1317 2752 1351 2800 25

292 2837 351 2887 tam
376 2826 484 2886 multos
512 2843 604 2886 annos
628 2827 670 2884 sic
694 2834 814 2885 senatus
838 2824 970 2904 erubuit,
998 2833 1031 2885 ut
1054 2828 1085 2884 in
1108 2825 1182 2885 urbe
1206 2825 1297 2886 Roma

290 2933 358 2976 esse
388 2913 568 2993 prohiberet.
613 2912 671 2974 Per
699 2931 732 2972 ea
760 2922 892 2991 tempora
921 2913 1049 2973 Perseus
1076 2921 1107 2973 et
1132 2933 1208 2974 uxor
1235 2918 1298 2975 eius

292 3003 478 3064 Andromeda
506 3011 609 3080 postea
632 3018 718 3079 quam
743 3010 814 3061 sunt
836 3003 959 3080 mortui,
986 3003 1029 3062 sic
1053 3019 1105 3061 eos
1128 3004 1160 3062 in
1182 3002 1297 3063 caelum

293 3099 429 3169 receptos
458 3107 522 3150 esse
552 3088 756 3169 crediderunt,
785 3098 818 3149 ut
840 3093 981 3167 imagines
1004 3107 1108 3150 eorum
1131 3089 1223 3150 stellis
1247 3091 1297 3150 de·

291 3183 409 3258 signare
438 3195 599 3255 eorumque
627 3176 772 3256 appellare
801 3177 969 3238 nominibus
992 3195 1052 3238 non
1076 3177 1296 3254 erubescerent,
1317 3194 1353 3241 ao

292 3286 351 3328 non
377 3269 524 3327 timerent.

366 3479 398 3526 1o
418 3472 452 3526 de
470 3472 519 3526 illo
538 3487 587 3526 orn.
609 3470 658 3538 ΒΗ
675 3474 706 3523 16
726 3468 838 3521 amneio
857 3467 907 3534 Rp

345 3853 625 3895 mmmmss
