3284 4459
545 507 586 548 nn
600 506 924 550 o1v1unnunu1mxv1.
938 507 961 548 c.
975 509 1008 548 rs.
1022 509 1056 549 ur.
1238 493 1300 560 153

292 643 350 704 bus
377 649 489 703 terrae.
521 640 753 708 ¹ridrrertendum
778 648 828 702 est
853 643 944 720 igilur
971 642 1045 702 dues
1066 655 1117 704 res
1139 643 1301 723 promissas

292 729 441 810 Abraham
464 747 552 790 urnam
570 728 692 809 scilicet,
714 729 794 809 quod
812 738 923 790 terram
937 728 1074 790 Cbauaan
1091 748 1300 809 possessurum

293 818 392 878 iuerat
423 835 525 878 semen
557 819 638 898 eius,
674 817 753 897 quod
785 818 984 899 significatur,
1015 817 1067 879 ubi
1097 818 1210 880 dietum
1242 828 1301 880 est:

302 907 385 968 Vade
408 909 439 966 ia
462 913 592 980 taram,
615 924 705 981 quam
728 907 785 967 tibi
806 909 1061 982 demonstravero,
1083 907 1249 982 etfaciam
1271 915 1302 969 lc

293 998 325 1056 ia
342 1002 462 1071 pentem
480 1012 638 1070 mapuam;
661 994 747 1056 aliam
769 1013 839 1055 vero
861 995 949 1073 longe
971 997 1217 1074 praestantiorem
1240 1006 1336 1056 none

293 1084 330 1144 de
361 1082 487 1163 carnali,
516 1083 568 1144 sed
595 1083 632 1144 de
660 1082 784 1162 spiritali
815 1085 942 1164 semiue,
968 1102 1023 1162 per
1045 1084 1124 1163 quod
1147 1093 1232 1163 pater
1254 1093 1301 1146 est

293 1191 353 1233 uon
377 1174 466 1233 unius
487 1173 585 1250 gentis
608 1170 799 1251 israeliticae,
826 1170 878 1232 sed
901 1174 1033 1232 omnium
1056 1173 1202 1252 gentium,
1225 1190 1301 1252 quae

293 1261 363 1322 fidei
387 1263 451 1321 eius
474 1262 596 1339 vestigia
619 1269 852 1341 consequuntur,
875 1260 954 1338 quod
977 1262 1111 1339 promitti
1132 1262 1231 1340 coepit
1253 1260 1300 1320 bis

293 1348 408 1410 verbis:
431 1350 472 1410 El
488 1350 706 1411 benedicentur
725 1352 756 1409 ia
778 1354 809 1409 te
830 1365 931 1410 omues
954 1350 1052 1410 tribus
1073 1355 1187 1410 terrae.
1217 1347 1301 1408 Hanc

293 1439 521 1517 promissionem
551 1437 657 1498 iactam
690 1435 852 1496 arbitratur
884 1435 1033 1498 Eusebius
1063 1431 1300 1516 septuagensimo
1320 1449 1354 1500 10

294 1528 399 1604 quinto
426 1543 502 1586 anno
530 1527 634 1586 aetatis
657 1523 803 1606 Abrahae,
831 1533 980 1603 tamquam
1009 1543 1077 1586 mox
1099 1535 1133 1586 ut
1156 1526 1231 1586 iacta
1255 1533 1302 1588 est

293 1615 330 1676 de
351 1612 462 1675 Charra
484 1615 589 1675 exierit
607 1612 765 1693 Abraham3
789 1615 928 1692 quoniam
951 1616 1115 1693 scripturae
1138 1612 1301 1675 contradici

294 1721 355 1762 non
376 1711 489 1783 potest,
516 1701 567 1763 ubi
593 1701 714 1782 iegitur:
741 1702 857 1762 Abram
883 1708 953 1762 erat
973 1705 1106 1777 quiaque
1128 1710 1159 1764 et
1179 1709 1299 1780 septua—

291 1794 381 1867 piala
403 1807 566 1863 carrorum,
594 1808 662 1852 cum
689 1793 766 1852 euiit
790 1809 834 1852 ex
859 1791 989 1850 Cbarra.
1035 1789 1093 1851 Sed
1116 1792 1142 1851 si
1164 1809 1200 1851 eo
1223 1808 1301 1851 anno

294 1879 371 1940 iacta
394 1887 441 1939 est
462 1881 519 1939 ista
541 1881 707 1959 promissio,
731 1881 788 1939 iam
812 1881 915 1957 utique
938 1880 969 1938 in
992 1877 1103 1939 Charra
1126 1897 1194 1940 crim
1216 1886 1300 1958 patre
1321 1889 1354 1940 1⁶

294 1985 350 2029 suo
377 1965 583 2028 demorabatur
606 1966 760 2028 Abraham.
805 1965 909 2045 Neque
938 1968 1016 2026 enim
1040 1969 1120 2028 exire
1142 1967 1211 2028 inde
1234 1985 1302 2046 pos·

295 2063 355 2136 set,
384 2057 443 2116 nisi
465 2057 549 2134 prius
571 2053 612 2116 ibi
635 2054 803 2116 habitasset.
849 2054 1068 2133 Numquidnam
1091 2072 1161 2134 ergo
1185 2064 1301 2116 contra·

294 2143 404 2204 dicitur
428 2141 576 2222 Stephano
599 2143 722 2204 dicenti:
745 2145 827 2205 deus
847 2147 967 2218 alariae
989 2147 1136 2220 apparuit
1157 2144 1303 2205 Abrabae

291 2234 381 2309 patri
396 2239 508 2305 nostro,
530 2249 599 2294 cum
617 2241 695 2294 essct
717 2235 748 2293 iu
767 2233 995 2308 Mesopotamia,
1014 2235 1194 2310 priusquam
1216 2233 1301 2292 babi-

295 2327 378 2380 taret
408 2322 439 2380 ia
472 2320 613 2381 Clrarra?
650 2319 708 2381 Sed
734 2319 966 2398 intellegendum
997 2328 1058 2401 est,
1089 2320 1168 2399 quod
1197 2319 1302 2380 eodem
1321 2332 1356 2382 20

294 2426 373 2468 anrro
405 2409 481 2468 iactu
512 2410 572 2468 sint
603 2411 716 2489 cronia,
745 2416 776 2469 et
798 2407 852 2469 Dei
874 2410 1044 2489 promissio,
1079 2418 1238 2487 antequam
1269 2409 1301 2469 in

295 2496 406 2558 Charra
431 2495 575 2558 babitaret
601 2495 756 2578 Abraham,
779 2505 810 2557 et
832 2499 863 2556 in
887 2496 998 2558 Charra
1019 2495 1160 2558 liabitatio
1183 2499 1248 2558 eius
1271 2504 1304 2557 et

295 2583 364 2645 inde
387 2585 545 2665 proiecti03
572 2603 631 2646 non
661 2585 756 2646 solum
779 2587 849 2665 quia
871 2583 1018 2646 Eusebius
1041 2587 1072 2646 in
1094 2584 1243 2646 chronicis
1265 2583 1302 2645 ab

295 2690 373 2732 anuo
401 2671 489 2734 huius
517 2675 721 2752 promissionis
749 2681 901 2752 computat
928 2683 959 2734 et
985 2673 1116 2735 ostendit
1142 2683 1209 2753 post
1231 2691 1301 2752 qua·

296 2761 470 2840 driugentos
507 2771 538 2821 et
573 2764 693 2841 triginta
728 2780 821 2823 annos
854 2763 965 2823 exilum
996 2779 1061 2822 esse
1093 2761 1130 2822 de
1162 2762 1303 2842 Aegypto,
1322 2773 1356 2822 uo

297 2849 414 2929 quando
441 2848 488 2910 lex
519 2848 584 2911 dats
612 2857 672 2932 est,
701 2868 804 2910 verum
832 2852 920 2911 etiam
948 2852 1016 2928 qnia
1040 2850 1070 2911 id
1093 2859 1305 2911 commemorat

296 2937 448 3017 apostolus
469 2937 588 3000 Paulus.

682 3143 796 3212 Oneon
815 3145 919 3210 XVIL

295 3255 344 3317 De
363 3256 460 3316 tribus
479 3257 743 3316 excellentioribus
759 3258 894 3330 acatium
917 3259 1028 3332 repais,
1051 3273 1179 3333 quorum
1202 3275 1303 3333 unum,

355 3346 389 3405 id
410 3350 455 3404 est
477 3346 679 3420 Assyriorum,
703 3343 942 3492 irremniberalpbcm
962 3347 1065 3420 penita
1086 3344 1242 3406 sublimius
1322 3356 1356 3405 30

385 3537 443 3598 Per
466 3535 545 3596 idem
567 3545 684 3616 tempus
707 3538 866 3597 eminentia
890 3554 979 3616 regna
1002 3545 1087 3598 erant
1109 3539 1249 3617 gentium,
1272 3539 1303 3596 iu

296 3625 406 3705 quibus
438 3627 653 3703 terrigenarum
685 3627 800 3701 ciuitas,
833 3623 889 3684 hoc
919 3635 965 3686 est
996 3627 1122 3686 societas
1150 3624 1303 3685 hominum

369 3757 414 3819 103
434 3755 478 3820 23)
504 3749 605 3807 Euseb.
635 3751 728 3806 chron.
757 3751 800 3806 ed.
826 3750 950 3805 Schoeue
969 3749 996 3803 11
1039 3747 1153 3817 ‚1e‚‹1;
1176 3751 1203 3816 p.
1225 3752 1305 3813 13‚e.

296 3823 591 3894 14)Gen.1u,1sqq.
648 3824 772 3892 umam.
794 3827 857 3885 7,2.
913 3819 1000 3889 27)6
1031 3824 1138 3883 ,3,17.
