3284 4459
347 474 412 535 480
751 486 773 526 S.
786 484 953 528 Aliensium

347 623 444 681 cerini
465 618 653 681 dilectionem
672 620 769 681 Petris
791 623 821 680 in
841 620 955 681 Filium.
1002 619 1087 691 Quod
1112 640 1182 681 vero
1206 624 1357 701 sequitur:

348 711 389 769 Et
418 726 474 769 eor
500 710 628 769 hominis
655 712 699 769 oct
720 712 895 785 proximum
921 726 1021 781 sunm,
1054 709 1085 769 id
1112 719 1170 789 est,
1203 719 1359 771 convertet

347 796 445 858 Helias
472 804 503 857 et
530 815 582 857 eor
609 797 737 857 hominis
764 797 800 857 ad
829 798 995 875 proximum
1019 814 1125 858 suum:
1155 798 1226 877 quid
1250 798 1358 859 melius

348 884 529 963 intellegitur
560 898 648 964 quam
685 903 738 946 cor
768 885 896 945 hominis
932 885 967 946 ad
1003 885 1151 947 hominem
1182 884 1358 948 Christum?

312 972 422 1033 ecum
452 976 531 1036 enim
559 975 599 1035 sit
625 976 655 1034 in
683 974 777 1034 lorme
800 973 853 1033 Dei
880 972 959 1032 Dens
987 983 1101 1055 noster,
1129 976 1254 1037 formem
1277 978 1357 1036 servi

348 1064 496 1141 accipiens
519 1080 584 1122 esse
613 1061 749 1142 dignatus
779 1070 826 1122 est
848 1064 937 1123 etiam
958 1064 1112 1141 proximus
1135 1072 1246 1124 noster.
1292 1063 1357 1124 Hoc

348 1168 418 1229 ergo
437 1150 526 1211 faciet
544 1150 650 1211 Helius.
696 1152 741 1212 Ne
755 1149 846 1227 sorte,
868 1151 974 1229 inquit,
997 1154 1114 1212 veniam
1133 1160 1163 1213 et
1181 1156 1357 1229 percutiam

347 1246 462 1300 terram
488 1242 618 1316 penitus.
663 1238 755 1298 Terre
785 1246 857 1298 sunt
883 1241 975 1318 enim,
1003 1241 1055 1316 qui
1081 1248 1199 1299 terrene
1228 1242 1356 1321 sepiunt,

347 1328 425 1387 sicut
451 1326 550 1388 ludaei
580 1327 713 1387 carnales
743 1344 837 1405 usque
870 1344 963 1405 nune;
993 1344 1029 1387 ex
1061 1346 1119 1405 quo
1151 1331 1221 1389 vitio
1252 1338 1356 1390 contre

296 1427 329 1475 10
346 1414 440 1475 Deum
463 1433 615 1476 murmure
638 1414 687 1475 ille
710 1423 869 1475 venerunt:
901 1416 980 1487 Quia
1001 1420 1076 1477 moti
1097 1420 1128 1477 ei
1146 1421 1283 1495 placent,
1312 1427 1356 1478 et:

355 1504 455 1563 Venus
477 1512 523 1565 est
544 1507 599 1578 qui
618 1506 712 1564 seruit
733 1505 806 1564 Deo.

731 1710 847 1777 Circe
870 1710 969 1796 XXX,

352 1840 440 1909 Quod
460 1840 597 1901 inlibris
615 1843 725 1900 veteris
748 1844 924 1917 testamenti,
948 1858 1016 1902 eum
1034 1840 1117 1901 Dens
1139 1842 1252 1916 lenitur
1276 1844 1355 1902 iudi-

346 1933 487 2001 caturus,
515 1944 576 1988 non
603 1930 758 1989 evidenter
783 1929 898 1989 Christi
919 1946 1052 2005 persono
1075 1936 1271 2003 monstretur,
1300 1934 1357 1991 sed

295 2023 327 2073 15
369 2031 409 2073 ee
431 2017 612 2090 quibusdum
634 2019 818 2091 testimoniis,
841 2019 901 2077 uhi·
916 2020 1061 2078 Dominus
1085 2019 1166 2078 Deus
1189 2021 1332 2093 loquitur,

461 2112 612 2181 apparent
633 2121 693 2164 non
717 2107 815 2181 dubie,
839 2108 921 2179 quod
942 2109 1005 2181 ipse
1026 2110 1066 2165 sit
1092 2106 1236 2167 Christus.

435 2227 524 2287 Multa
557 2227 611 2287 elie
644 2236 713 2288 sunt
745 2231 960 2308 scripturarum
990 2230 1157 2288 testimonia
1188 2229 1353 2291 divinarum

347 2317 382 2378 de
405 2318 564 2377 novissimo
591 2315 700 2377 iudicio
723 2315 789 2397 Dei,
818 2334 893 2395 quee
922 2319 948 2377 si
970 2319 1067 2377 omniu
1091 2315 1237 2398 colligam,
1264 2320 1354 2379 nimis

347 2405 468 2484 longum
497 2406 561 2465 erit.
609 2404 686 2464 Setis
709 2422 779 2482 ergo
804 2406 855 2484 sit,
883 2405 961 2483 qirod
990 2413 1020 2465 et
1044 2407 1126 2464 novis
1149 2415 1179 2465 et
1202 2406 1354 2468 veteribus

294 2504 328 2552 20
347 2493 453 2553 litteris
480 2495 572 2553 sacris
600 2492 656 2553 hoc
691 2495 928 2572 praenuntiatum
957 2512 1023 2553 esse
1051 2492 1247 2572 probavimus.
1294 2495 1352 2555 Sed

347 2579 497 2641 veteribus
520 2599 573 2659 per
592 2579 742 2641 Christum
766 2582 899 2641 futurum
923 2599 988 2641 esse
1012 2581 1163 2662 iudicium,
1185 2581 1215 2641 id
1239 2591 1285 2643 est
1307 2586 1352 2644 iu·

347 2668 444 2727 dicem
469 2668 620 2729 Christum
643 2669 680 2729 de
704 2669 784 2729 caelo
807 2687 874 2729 esse
898 2677 1065 2741 venturum,
1089 2688 1148 2730 non
1172 2678 1240 2752 tem,
1264 2690 1351 2750 quem

347 2758 443 2835 novis,
472 2755 623 2816 evidenter
646 2774 820 2836 expressum
844 2765 902 2837 est,
929 2765 1086 2837 propterea
1110 2760 1192 2839 quie,
1220 2777 1286 2819 cum
1310 2758 1354 2821 ibi

348 2844 419 2902 dicit
437 2842 579 2903 Dominus
598 2843 677 2903 Deus
697 2864 728 2905 se
747 2863 812 2905 esse
837 2856 994 2906 venturum
1018 2845 1063 2905 vel
1082 2844 1238 2907 Dominum
1258 2847 1353 2909 Deum

294 2942 328 2991 25
348 2931 457 2991 dieitur
475 2948 540 2990 esse
560 2941 726 3012 venturum,
749 2951 808 2993 non
832 2942 1049 3013 consequenter
1067 2933 1248 3013 intellegitur
1267 2935 1350 2997 Chri·

348 3028 419 3079 stus.
465 3017 607 3079 Dominus
627 3023 705 3079 enim
724 3020 803 3081 Deus
823 3033 852 3081 et
870 3022 958 3083 Peter
978 3030 1024 3082 est
1047 3030 1077 3081 et
1095 3020 1187 3083 Filius
1210 3035 1240 3083 et
1259 3024 1351 3104 Spiri-

348 3119 395 3167 tus
419 3115 552 3187 sunctus3
580 3125 676 3186 neque
704 3109 760 3169 hoc
788 3120 885 3169 tamon
909 3113 1081 3171 intestatum
1104 3108 1272 3189 relinquere
1297 3130 1352 3173 nos

347 3204 472 3275 oportet.
517 3195 616 3256 Primo
654 3200 752 3275 itaque
790 3197 1052 3259 demonstrandum
1090 3207 1153 3279 est,
1190 3218 1278 3278 quem
1315 3201 1352 3261 ed

347 3284 466 3344 modum
494 3283 577 3344 lesus
605 3283 740 3346 Christus
768 3294 919 3364 temquem
947 3284 1088 3347 Dominus
1112 3285 1191 3347 Deus
1214 3287 1353 3367 loquetur

294 3382 327 3433 tu
348 3376 377 3432 in
405 3372 586 3452 propheticis
614 3371 710 3453 libris,
742 3381 773 3434 et
799 3382 897 3434 tamen
929 3372 1012 3434 lesus
1036 3375 1171 3435 Christus
1199 3377 1353 3438 evidenter

346 3469 493 3541 appareat,
516 3469 549 3521 ut
567 3470 597 3521 et
615 3462 732 3540 quando
751 3479 810 3521 non
835 3464 878 3522 sic
901 3470 1022 3542 apparet
1045 3471 1195 3524 ettamen
1219 3464 1255 3524 ud
1278 3464 1352 3526 illud

418 3600 461 3662 11)
479 3594 546 3649 Mal.
566 3601 590 3663 2,
611 3602 657 3661 ru
675 3600 702 3664 e,
721 3601 763 3650 ιι.

345 3706 522 3715 ————-—-

415 3759 448 3806 31
470 3751 509 3805 sic
526 3768 582 3807 non
599 3769 615 3807 u
