3284 4459
332 491 358 543 X
753 503 935 545 pascuario.

335 647 512 721 ampliorem
532 647 709 720 apparatum
730 644 866 703 criticum
889 663 943 703 sua
960 646 1214 719 manuscriptum
1234 663 1353 703 accura-

333 736 395 793 tius
419 734 660 811 investigandum
684 732 849 791 liberaliter
871 733 946 791 mihi
969 734 1120 793 concessit.

424 895 489 953 Em.
504 893 666 953 Hoffmann
688 894 720 950 in
739 893 924 968 praefatione
943 894 1102 952 voluminis
1120 893 1229 967 prioris
1244 888 1287 976 (p.
1302 886 1343 975 X)

335 983 407 1042 dnm
430 984 466 1043 dc
489 975 592 1042 coeth
621 981 757 1041 Parisino
782 974 825 1061 (n.
841 983 925 1041 2051
951 972 1081 1063 saecli)
1105 985 1183 1061 agit,
1205 983 1279 1043 haec
1301 983 1353 1044 ad·

253 1078 267 1086 “
335 1076 435 1133 notat:
460 1071 538 1147 „Uni
556 1070 633 1129 libro
647 1069 750 1129 XVIII
769 1071 965 1146 praemissum
984 1074 1029 1129 est
1046 1074 1250 1147 summarium,
1274 1074 1353 1149 quod
1467 1116 1472 1144 1

336 1180 404 1221 cum
428 1165 458 1219 et
475 1160 573 1219 verbis
593 1163 624 1218 et
642 1160 842 1235 capitulorum
860 1160 1050 1219 dIstinctionc
1069 1161 1158 1237 plane
1176 1160 1215 1219 ab
1232 1162 1353 1221 traditis

334 1251 436 1309 titulis
460 1253 490 1307 et
511 1248 648 1325 partibus
671 1248 741 1306 libri
764 1248 891 1322 recedat,
915 1267 1021 1325 operae
1044 1252 1174 1325 pretium
1197 1269 1259 1311 esse
1282 1251 1354 1309 duxi

335 1340 384 1397 hic
408 1336 596 1399 exscribere.“

425 1428 521 1499 Quam
554 1426 659 1486 deinde
692 1446 726 1485 ex
758 1420 901 1486 codiccb
934 1427 1021 1485 affert
1053 1429 1253 1503 capitulorum
1283 1429 1355 1487 libri

336 1517 567 1576 duodevicesimi
589 1516 724 1591 formam,
748 1516 872 1575 eandem
894 1516 956 1574 fere
978 1514 1074 1574 nostri
1091 1507 1141 1574 F't
1166 1517 1270 1576 etalii
1288 1519 1359 1593 qui¹¹

336 1606 405 1665 dam
423 1605 613 1665 Monacenses
637 1603 782 1663 librorum
800 1604 836 1662 de
855 1606 978 1663 civitate
996 1605 1055 1662 Dei
1072 1606 1187 1665 codices
1206 1606 1352 1665 exhibent.

336 1693 503 1753 Occurrunt
521 1694 668 1753 tamenin
682 1693 728 1752 his
743 1696 790 1751 tot
803 1696 964 1769 tantaeqae
978 1714 996 1752 a
1010 1694 1110 1753 codice
1123 1688 1145 1752 b
1159 1695 1355 1769 differentiae,

334 1787 370 1842 ut
392 1784 473 1842 haud
495 1784 532 1842 ab
550 1804 582 1842 re
601 1802 663 1843 esse
681 1783 756 1841 mihi
775 1784 872 1841 visum
891 1784 939 1859 sit,
962 1802 1070 1841 novam
1088 1785 1138 1842 hic
1153 1786 1354 1843 recensionem

334 1892 513 1949 proponere,
535 1874 568 1930 in
592 1891 650 1948 qua
673 1872 831 1931 verborum
853 1873 963 1945 textui,
991 1874 1136 1947 quantum
1158 1873 1223 1932 fieri
1245 1875 1355 1950 potuit,

336 1964 482 2041 castigato
506 1964 586 2020 etin
604 1963 748 2021 usitatam
767 1961 931 2036 scripturae
949 1962 1095 2020 rationem
1115 1962 1236 2022 redacto
1255 1964 1355 2023 varias

335 2050 481 2109 librorum
513 2068 580 2111 mss.
609 2052 763 2125 lectiones,
796 2068 872 2124 quae
905 2049 1026 2125 quidem
1058 2051 1184 2111 alicuius
1211 2054 1356 2111 momenti

336 2160 399 2200 esse
422 2139 607 2213 viderentur,
629 2140 661 2197 in
684 2140 817 2216 margine
840 2140 981 2198 inferiore
1004 2139 1113 2198 addidi.

396 2336 528 2412 Explicit
551 2335 626 2394 liber
649 2336 792 2412 septimus
816 2336 946 2393 decimus
967 2328 971 2416 l
991 2336 1141 2412 incipiunt
1165 2337 1298 2414 capitula

746 2424 817 2481 libri
834 2424 945 2482 XVIII.

425 2532 448 2589 Ι.
472 2532 695 2607 Recapitulatio
722 2532 810 2589 huius
839 2534 937 2607 operis
966 2535 997 2589 et
1024 2535 1106 2610 origo
1136 2550 1356 2609 procursusque

337 2622 544 2679 universorum
567 2622 599 2678 in
622 2622 702 2679 terra
725 2639 885 2698 regnorum
909 2612 957 2701 (0.
974 2626 1001 2679 1.
1016 2625 1045 2681 2.
1061 2614 1130 2702 Bc).

302 2722 317 2768 ὁ
426 2709 464 2766 Π.
489 2710 534 2769 De
563 2709 710 2767 institutis
743 2710 843 2786 legum
875 2709 955 2785 apud
983 2707 1110 2769 Graecos
1138 2714 1169 2770 et
1196 2711 1232 2770 de
1262 2711 1357 2770 fratre

337 2798 473 2871 Eoronei‚
497 2799 549 2874 qui
572 2801 607 2856 ut
629 2798 700 2857 deus
724 2798 845 2874 coeptus
869 2801 915 2857 est
938 2799 1003 2873 coli,
1027 2818 1060 2857 eo
1084 2800 1165 2874 quod
1185 2802 1355 2877 temporum

338 2906 542 2962 annorumque
570 2905 672 2945 cursus
701 2886 834 2945 docuerit
863 2887 1019 2947 observare
1048 2881 1084 2968 (c.
1101 2881 1158 2970 3b)
1187 2892 1217 2949 et
1249 2890 1284 2947 de
1312 2890 1356 2964 Io,

338 2996 428 3050 quam
456 2979 490 3034 ut
519 2976 606 3034 deam
633 2975 778 3053 Aegyptii
805 2976 961 3035 coluerimt
984 2970 1021 3059 (c.
1037 2970 1109 3058 ab),
1139 2981 1170 3036 et
1196 2980 1232 3038 de
1259 2983 1356 3039 morte
1468 2962 1473 2985 ‘

336 3063 422 3125 Isaac
455 3067 485 3122 et
517 3066 643 3141 geminis
676 3066 738 3123 eius
771 3065 872 3123 liberis
901 3069 931 3125 et
960 3065 996 3125 <le
1023 3065 1131 3142 Ioseph
1165 3086 1184 3125 a
1211 3067 1355 3127 fratribus

285 3165 317 3211 10
336 3154 456 3212 vendito
481 3147 517 3235 (c.
533 3146 576 3235 4).

426 3242 480 3301 HI.
504 3241 549 3301 De
576 3242 642 3319 Ape
670 3242 852 3320 Argivorum
873 3263 956 3321 rege,
990 3244 1100 3321 Serape
1130 3244 1168 3303 ab
1195 3245 1355 3323 Aegyptiis

336 3334 508 3407 nuncupato
540 3335 571 3390 et
603 3332 697 3406 culte,
730 3336 760 3391 et
791 3333 828 3391 de
859 3332 948 3407 bove,
981 3353 1069 3409 quem
1100 3333 1180 3393 idem
1209 3334 1356 3412 Aegyptii

408 3490 465 3553 lsq.
496 3485 530 3539 Ut
552 3486 644 3539 editur
661 3486 702 3551 Ἐς
730 3484 855 3553 Explicit
877 3484 926 3537 lib.
950 3484 1027 3539 XVII
1055 3485 1182 3540 ciuitatis
1207 3486 1239 3537 di
1259 3489 1264 3553 Ι
1284 3485 1356 3539 inci-

334 3554 418 3623 piunt
443 3554 569 3625 capitula
593 3554 736 3623 sequentis
759 3554 852 3625 operis
871 3564 901 3620 ῆς
928 3553 1053 3626 Explicit
1074 3556 1124 3610 lib.
1139 3555 1217 3609 XVII
1233 3560 1236 3626 Ι
1252 3557 1356 3627 incipit

334 3625 383 3679 lib.
398 3626 489 3680 XVHI
509 3628 528 3679 b
543 3629 552 3695 ΙΙ
568 3632 582 3679 7
602 3626 750 3680 observare
772 3627 883 3695 scripsi3
905 3625 1048 3680 obseruari
1068 3628 1147 3681 Fue
1162 3629 1171 3697 ΙΙ
1185 3627 1220 3681 de
1238 3628 1267 3682 io
1284 3630 1355 3695 Γῆς

334 3697 429 3751 ideob
444 3700 482 3767 119
499 3700 527 3751 et
540 3697 621 3751 libris
635 3696 755 3768 geminis
770 3696 830 3751 eius
844 3696 970 3751 liberisb
984 3701 994 3768 l
1009 3705 1040 3752 11
1056 3715 1155 3767 serape
1165 3711 1196 3764 ῆς
1211 3714 1311 3767 serape
1320 3700 1355 3769 b3

336 3784 385 3821 oca
401 3772 433 3823 F
448 3771 505 3838 1112
525 3770 602 3823 cultu
616 3772 669 3823 Fe
