3284 4459
570 569 874 612 nsmmrsrnnmn
888 571 974 610 xum
988 569 1011 611 c.
1025 570 1059 613 ss.
1251 553 1318 618 341

310 703 405 775 Quem
424 703 459 764 ad
479 703 598 765 modum
618 714 716 764 autem
735 707 862 783 quisque
884 722 989 765 eorum
1011 713 1125 765 astruat
1147 705 1317 783 opinionem

309 811 403 867 suam,
426 793 545 872 longum
568 802 615 854 est
637 793 841 852 demonstrare
860 801 890 854 et
912 810 972 853 non
995 794 1204 853 necessarium
1241 790 1317 852 Con·

309 883 433 942 iecturis
455 883 564 960 quippe
589 889 714 942 utuntur
736 880 886 961 humanis,
916 899 975 940 non
993 880 1029 940 ab
1052 882 1097 940 eis
1120 879 1229 959 aliquid
1253 897 1316 940 cer·

311 979 373 1030 tum
387 968 424 1030 de
439 971 604 1048 scripturae
619 970 777 1029 canonicae
795 970 970 1030 auctoritate
989 969 1147 1047 profertur.
1178 966 1317 1029 Omnium

310 1075 379 1117 vero
403 1057 439 1118 de
462 1056 517 1117 hac
547 1075 580 1117 re
603 1056 812 1118 calculantium
835 1055 943 1135 digitos
965 1056 1087 1117 resolvit
1109 1066 1139 1117 ot
1162 1059 1316 1134 quiescere
1335 1069 1352 1116 5

310 1145 393 1206 iubet
410 1145 468 1226 ille,
491 1148 542 1223 qni
560 1144 644 1206 dicit:
668 1146 734 1206 Non
752 1153 798 1207 est
814 1153 945 1206 oestrum
967 1149 1049 1206 scire
1071 1154 1216 1225 temporo,
1237 1163 1317 1219 quac

311 1235 406 1294 Pater
422 1237 528 1313 posuit
549 1237 580 1294 in
602 1251 660 1294 sua
679 1241 836 1311 potestate.

400 1321 457 1382 Sed
485 1321 558 1382 haec
586 1323 655 1400 quia
677 1321 843 1400 evangelica
866 1323 1014 1382 sententia
1037 1329 1096 1400 est,
1124 1323 1235 1381 mirum
1257 1339 1317 1381 non

310 1419 439 1471 estnon
467 1428 502 1472 ca
529 1427 683 1488 repressos
709 1410 801 1471 luisse
831 1409 955 1470 deorum
978 1408 1140 1470 multorum
1161 1408 1316 1469 falsorum·

310 1517 368 1577 que
401 1497 546 1578 cultores,
578 1499 738 1577 quominus
771 1499 918 1576 fingerent
951 1498 1127 1558 daemonum
1156 1499 1318 1578 responsio,
1337 1509 1370 1559 ιο

311 1605 386 1666 quos
414 1595 562 1666 tamquam
589 1587 661 1648 deos
689 1585 803 1665 colunt,
831 1585 984 1646 delinitum
1012 1603 1077 1646 esse
1105 1595 1216 1664 quanto
1244 1593 1316 1646 tem·

311 1693 383 1755 pore
403 1692 541 1735 mansura
559 1682 639 1735 esset
657 1673 760 1753 religio
779 1673 953 1735 Christiana.
990 1672 1064 1734 Cum
1083 1677 1161 1735 enim
1184 1673 1319 1735 viderent

311 1783 367 1823 nec
394 1771 439 1824 tot
465 1764 614 1841 tantisque
641 1761 901 1842 persecutionibus
930 1780 995 1822 eam
1017 1764 1151 1841 potuisse
1174 1763 1318 1842 consumi,

310 1851 362 1912 sed
386 1851 432 1912 his
455 1853 555 1930 potius
578 1853 650 1911 mira
674 1853 856 1911 incrementa
879 1853 1055 1931 sumpsisse,
1077 1854 1318 1930 excogitaverunt

311 1942 412 2000 nescio
435 1957 510 2018 quos
540 1957 645 2000 versus
672 1938 802 1999 Graecos
831 1948 980 2016 tamquam
1008 1937 1175 1999 consulenti
1201 1939 1370 2000 cuidam15

311 2028 410 2088 divino
442 2026 562 2088 oraculo
597 2027 721 2101 effusos,
753 2026 805 2088 ubi
833 2025 983 2087 Christum
1015 2026 1134 2104 quidem
1165 2026 1201 2086 ab
1228 2026 1318 2087 huius

312 2125 461 2194 tamquam
494 2114 642 2195 sacrilegii
667 2116 790 2175 crimino
820 2115 934 2175 iaciunt
961 2117 1164 2196 innocentem,
1196 2114 1318 2175 Petrum

311 2211 411 2264 autem
439 2203 580 2264 maleficia
608 2203 714 2264 iecisse
744 2202 941 2282 subiungunt,
969 2211 1002 2262 ut
1030 2201 1180 2263 coleretur
1209 2200 1318 2263 Christi

312 2309 421 2351 nomen
453 2308 508 2370 per
540 2299 689 2352 trecentos
721 2292 872 2369 sexaginta
904 2292 1034 2368 quinque
1065 2308 1176 2371 annos,
1212 2289 1318 2351 deinde

311 2378 458 2458 completo
481 2388 643 2439 memorato
666 2397 791 2440 numero
815 2396 961 2438 annorum
990 2378 1054 2437 sine
1084 2396 1164 2438 mora
1188 2389 1320 2439 sumeret
1337 2390 1371 2440 20

311 2469 409 2528 linem.
454 2465 655 2528 Ohominum
686 2467 775 2527 corda
798 2464 967 2528 doctorum!
1003 2464 1168 2544 Cingenia
1191 2464 1318 2527 litterata

311 2556 399 2634 digna
423 2554 545 2616 credere
568 2557 623 2615 ista
647 2555 683 2615 de
702 2554 830 2635 Christo,
853 2572 928 2633 qnae
951 2553 1073 2615 credero
1096 2571 1155 2613 non
1178 2554 1266 2614 vultis
1288 2557 1319 2615 in

313 2643 473 2724 Christum,
495 2642 574 2722 quod
593 2645 658 2703 eius
676 2642 839 2722 discipulus
858 2642 966 2704 Petrus
985 2641 1021 2702 ab
1040 2659 1075 2702 eo
1094 2644 1222 2720 magicas
1240 2651 1320 2704 artes

313 2750 373 2793 non
396 2731 545 2812 didicerit,
573 2731 639 2811 sed,
666 2734 730 2811 ipso
758 2733 930 2810 innocente,
957 2742 1055 2791 tamen
1082 2732 1148 2790 eius
1168 2729 1320 2792 maleficus

313 2820 404 2880 luerit
426 2836 593 2896 nomenque
622 2819 700 2880 illius
728 2837 815 2897 quam
845 2838 931 2881 suum
960 2818 1017 2878 coli
1041 2817 1177 2879 maluerit
1200 2822 1320 2897 magicis
1338 2831 1373 2880 to

313 2906 427 2970 artibus
450 2909 528 2988 suis,
551 2909 664 2986 magnis
687 2906 837 2968 laboribus
860 2917 891 2968 et
912 2905 1052 2986 periculis
1076 2908 1147 2986 suis,
1169 2915 1320 2984 postremo

313 2999 402 3056 etiam
430 2996 572 3057 ellusione
601 2998 752 3074 sanguinis
781 2994 840 3056 sui!
878 2994 909 3054 Si
931 2993 1039 3054 Petrus
1067 2993 1219 3055 maleficus
1241 2995 1320 3075 lecit,

314 3096 347 3146 ut
375 3083 525 3146 Christum
558 3085 601 3144 sic
634 3083 769 3162 diligeret
800 3082 942 3162 mundus,
974 3081 1045 3160 quid
1076 3083 1146 3143 lecit
1177 3084 1320 3143 innocens

314 3173 459 3251 Christus,
481 3181 516 3232 ut
534 3189 602 3232 erim
622 3173 664 3232 sic
683 3172 819 3249 diligeret
837 3165 967 3231 Petrus?
999 3169 1208 3249 Respondeant
1229 3172 1321 3249 igitur

313 3263 371 3340 ipsi
406 3260 462 3320 sibi
498 3268 528 3320 et
560 3262 587 3320 si
617 3268 742 3339 possunt
772 3257 944 3336 intellegant
978 3257 1028 3318 illa
1062 3275 1191 3335 superna
1228 3260 1320 3335 gratia
1339 3271 1373 3319 eo

314 3351 423 3410 lactum
441 3366 517 3428 esse,
540 3357 575 3409 ut
591 3355 714 3427 propter
732 3354 882 3406 aeternam
905 3348 992 3405 vitam
1011 3344 1163 3405 Christum
1186 3345 1321 3424 diligeret

314 3435 455 3515 mundus,
482 3453 540 3514 qua
567 3437 659 3514 gratia
687 3435 796 3494 lactum
825 3442 884 3507 est,
913 3442 946 3492 ut
973 3441 1004 3492 et
1025 3441 1149 3512 propter
1171 3442 1320 3494 aeternam

314 3527 403 3586 vitam
426 3523 535 3585 abillo
559 3521 758 3600 accipiendam
782 3531 812 3581 et
836 3539 930 3600 usquo
954 3519 989 3580 ad
1013 3522 1220 3600 temporariam
1243 3538 1319 3581 mor·

313 3622 374 3673 tem
393 3630 448 3692 pro
465 3609 516 3670 illo
534 3609 700 3690 patiendam
720 3607 870 3670 Christum
894 3607 1030 3686 diligeret
1047 3607 1162 3668 Petrus.
1208 3607 1320 3668 Deinde

387 3775 419 3824 18
436 3769 575 3824 maleficio
588 3769 800 3824 Rfflomaoe
814 3771 942 3837 (344,1);
960 3767 1098 3822 maleficio
1115 3766 1166 3834 623
1180 3766 1326 3821 meleficiis

310 3859 353 3911 po
366 3845 377 3911 ΙΙ
391 3847 424 3896 et
443 3841 608 3910 cupiendam
626 3840 686 3893 Αε1
