3284 4459
584 503 625 543 nn
638 501 783 543 omninno
796 502 850 543 onr
863 503 889 544 n.
902 504 978 544 xxn.
992 504 1015 544 o.
1028 506 1047 546 ⁵.
1252 490 1316 554 559

310 640 495 717 paucissimis
518 636 739 698 remanentibus
762 647 850 716 atque
874 637 1062 717 stupentibus
1085 638 1131 699 vel
1154 638 1248 700 doctis
1272 640 1317 700 vel

310 726 447 806 indoctis,
470 728 527 785 iam
546 726 737 786 crediderunt
755 735 786 787 et
803 726 883 786 docti
901 734 932 786 et
950 726 1070 789 indocti.
1116 726 1149 788 Si
1166 746 1231 787 rem
1253 745 1317 788 cre·

311 813 431 875 dibilem
459 813 663 895 crediderunt,
690 814 807 874 videant
835 833 923 893 quam
953 817 1012 875 sint
1041 814 1153 896 stolidi,
1183 818 1317 895 quinon

311 902 450 982 credunt,
478 903 504 963 si
530 911 629 963 antem
652 921 701 963 res
723 902 905 963 incredibilis
928 903 1041 963 credita
1064 913 1123 983 est,
1151 906 1239 964 etiam
1261 904 1317 964 boc

311 994 413 1069 utique
436 990 609 1051 incredibile
627 999 682 1072 est,
705 994 750 1052 sic
773 991 920 1051 creditum
943 1009 1018 1072 esse,
1042 991 1121 1070 quod
1143 992 1352 1053 incredibiles

311 1088 365 1140 est.
410 1077 488 1138 llaec
511 1082 602 1157 igitur
625 1078 683 1139 duo
706 1078 903 1159 incredibilia,
929 1082 1180 1140 resurrectionem
1204 1080 1318 1142 scilicet

312 1168 406 1227 nostri
425 1170 559 1247 corporis
578 1170 608 1227 in
627 1176 781 1227 aeternum
801 1174 831 1227 et
849 1186 912 1227 rem
932 1176 992 1229 tarn
1010 1167 1214 1229 incredibilem
1233 1187 1317 1229 mun-

311 1256 383 1315 dum
402 1273 477 1337 ⁴esse
505 1255 704 1330 crediturum,
739 1255 816 1315 idem
844 1255 936 1336 Deus,
968 1264 1126 1335 antequam
1152 1256 1198 1317 rel
1226 1275 1317 1317 unum

312 1361 415 1404 eornm
439 1344 533 1424 lieret,
555 1342 641 1404 ambo
665 1344 764 1404 lutura
787 1361 853 1404 esse
876 1343 1029 1423 praedixit.
1074 1343 1171 1405 Unum
1190 1345 1317 1404 duorum

311 1431 529 1492 incredibilium
551 1434 608 1492 iam
633 1434 743 1492 iactum
766 1431 911 1508 ridemus,
935 1442 978 1513 ut,
1001 1431 1080 1511 quod
1103 1441 1167 1493 erat
1190 1432 1316 1492 incredi·
1338 1445 1371 1493 10

312 1519 384 1600 bile,
413 1520 550 1580 crederet
573 1519 713 1580 mundus:
741 1538 796 1581 cur
818 1520 848 1580 id
872 1520 951 1599 quod
974 1520 1127 1599 reliquum
1147 1529 1192 1581 est
1215 1521 1317 1598 despe-

313 1617 405 1688 ratur,
427 1616 461 1669 nt
479 1610 568 1669 etiam
586 1608 643 1669 boc
661 1610 767 1688 veniat,
791 1608 870 1687 quod
888 1608 1061 1669 incredibile
1085 1608 1211 1670 credidit
1234 1626 1318 1668 mun·

313 1696 382 1776 dus,
411 1698 489 1758 sicut
515 1698 574 1757 iam
601 1699 697 1777 venit,
728 1696 806 1776 qnod
834 1696 970 1757 similiter
992 1696 1164 1758 incredibile
1188 1697 1257 1777 tuit,
1285 1704 1319 1757 ut

312 1802 376 1844 rem
404 1792 463 1844 tam
492 1784 696 1845 incredibilem
723 1784 860 1845 crederet
889 1785 1030 1864 mundus,
1059 1785 1175 1865 quando
1200 1784 1319 1864 quidem

313 1872 368 1933 boc
387 1882 548 1951 utrumqne
566 1872 748 1953 incredibile,
772 1890 899 1952 quorum
917 1873 1049 1933 videmus
1068 1892 1169 1952 nuum,
1193 1872 1319 1934 alterum
1339 1886 1371 1933 15

313 1962 472 2042 credimnS,
484 1964 516 2021 in
535 1961 647 2020 eisdem
666 1961 774 2023 litteris
793 1962 977 2041 praedictum
991 1959 1082 2041 (sit),
1100 1979 1154 2041 per
1168 1980 1241 2040 quas
1255 1980 1317 2023 cre·

313 2049 388 2109 didit
410 2048 562 2110 mundns?
607 2048 645 2109 Et
666 2052 730 2128 ipse
753 2048 872 2126 modus,
896 2067 953 2128 quo
977 2050 1106 2110 mundus
1130 2049 1268 2129 credidit,
1293 2052 1319 2109 si

314 2137 534 2217 consideretur,
565 2136 768 2198 incredibilior
801 2139 959 2197 invenitur.
1011 2136 1179 2197 ineruditos
1213 2136 1317 2197 libera·

313 2224 391 2286 libus
413 2224 577 2304 disciplinis
595 2234 626 2286 et
644 2227 772 2306 omnino,
796 2232 938 2303 quantum
962 2224 997 2284 ad
1019 2227 1144 2285 istorum
1168 2224 1318 2285 doctrinas

313 2314 440 2394 adtinet,
462 2314 617 2395 inpolitos,
650 2332 709 2373 non
736 2315 849 2392 peritos
877 2314 1081 2392 grammatica,
1108 2330 1168 2372 uon
1191 2321 1319 2373 armatos
1339 2326 1373 2373 20

314 2400 473 2482 dialectica,
496 2419 555 2461 non
579 2402 726 2462 rhetorica
749 2400 882 2482 inflatos,
905 2403 1069 2479 piscatores
1092 2399 1227 2461 Christus
1250 2419 1320 2461 cum

313 2488 427 2549 retibus
450 2490 519 2549 fidei
541 2488 578 2549 ad
601 2507 681 2549 mare
706 2489 793 2549 buius
817 2488 928 2549 saeculi
958 2490 1152 2568 paucissimos
1175 2490 1255 2550 misit
1278 2496 1319 2548 at·

313 2594 372 2655 que
403 2580 444 2637 ita
472 2585 502 2637 ct
528 2595 565 2637 er
592 2578 673 2637 omni
699 2594 807 2655 genere
836 2585 895 2637 tam
923 2576 1031 2637 multos
1059 2578 1156 2656 pisces
1184 2583 1214 2636 et
1238 2584 1319 2636 tauto

313 2663 522 2745 mirabiliores,
546 2673 655 2743 quanto
678 2666 820 2745 rariores,
844 2666 932 2725 etiam
955 2667 1035 2744 ipsos
1058 2664 1248 2745 philosophos
1271 2683 1318 2725 ce·

314 2754 365 2831 pit.
411 2751 531 2813 Duobus
564 2753 621 2813 illis
653 2752 892 2833 incredibilibus,
929 2755 954 2813 si
983 2752 1094 2833 placet,
1129 2755 1219 2813 immo
1251 2756 1320 2831 quia
1339 2766 1372 2813 25

313 2840 430 2919 placere
453 2840 550 2922 debet,
573 2840 713 2902 addamus
736 2841 792 2902 boc
816 2843 947 2902 tertium.
992 2841 1052 2901 lam
1076 2858 1147 2920 ergo
1170 2843 1226 2901 tria
1250 2850 1319 2902 sunt

313 2928 506 3009 incredibilia,
528 2947 603 3008 quae
626 2938 725 2990 tamen
748 2929 824 2990 iacta
847 2939 924 2990 sunt.
970 2928 1145 2990 incredibile
1168 2937 1214 2990 est
1237 2928 1319 2990 Chri·

313 3024 393 3077 stum
416 3020 616 3078 resurrexisse
642 3020 674 3077 in
703 3034 792 3078 carne
815 3025 847 3078 et
868 3020 899 3077 in
923 3018 1036 3078 caelum
1059 3018 1227 3077 ascendisse
1251 3035 1320 3078 cum

313 3121 416 3186 carne3
438 3104 612 3166 incredibile
631 3113 677 3166 est
695 3105 838 3165 mnndum
861 3123 925 3165 rem
948 3113 1007 3165 tam
1030 3104 1232 3166 incredibilem
1256 3122 1319 3166 cre·

313 3192 436 3273 didisse3
459 3192 632 3253 incredibile
655 3202 701 3253 cst
723 3192 858 3253 homiues
880 3192 1034 3273 ignobiles,
1056 3194 1182 3274 intimos,
1205 3195 1319 3272 paucis·
1339 3206 1372 3254 30

314 3282 422 3361 simos,
458 3283 602 3361 inperitos
638 3299 702 3341 rem
733 3290 793 3342 tam
829 3280 1032 3341 incredibilem
1069 3289 1128 3341 tam
1160 3281 1320 3341 efficaciter

313 3368 423 3429 mundo
442 3378 474 3429 et
491 3371 521 3429 in
540 3368 590 3428 illo
608 3370 697 3429 etiam
716 3368 811 3429 doctis
830 3368 1009 3448 persuadere
1027 3370 1168 3448 potuisse.
1206 3367 1320 3429 Horum

314 3458 403 3516 trium
426 3455 644 3516 incredibilium
665 3458 796 3536 primum
819 3456 924 3517 nolunt
946 3458 1010 3536 isti,
1037 3474 1105 3516 cunr
1129 3455 1238 3535 quibus
1261 3458 1319 3535 agi·

381 3572 397 3621 o
416 3566 466 3621 nc.
485 3570 585 3633 ao,1a.

381 3714 397 3761 9
417 3724 512 3762 eornm
530 3706 571 3774 133
588 3706 689 3759 borum
702 3704 947 3776 Aduaoeyprro
964 3708 974 3775 ΙΙ
993 3712 1025 3761 tt
1044 3707 1082 3761 sib
1095 3700 1261 3765 AanEffl
1275 3713 1320 3782 (de

309 3780 445 3837 coniceret.
455 3779 489 3844 ef.
500 3777 605 3832 indices
612 3776 736 3830 Hartelii
744 3777 877 3842 Imeifero
887 3782 912 3831 et
922 3778 1061 3849 prriaoo
1075 3780 1184 3835 additos
1196 3783 1246 3837 rub
1259 3800 1321 3840 voce

310 3867 449 3936 quondo);
468 3867 511 3919 est
527 3883 558 3937 93
577 3880 627 3920 om.
647 3859 771 3933 RpEm'
