3284 4459
340 486 383 553 58
742 500 763 540 ε.
777 497 943 540 cucusum

340 636 493 696 daveruut.
538 633 599 695 Nos
627 652 745 712 quoquc
774 632 939 693 secundum
967 635 1130 711 scripturas
1158 642 1274 693 sanctas
1303 633 1353 694 vel

341 724 420 803 quod
443 725 474 783 iu
497 724 541 783 eis
562 722 688 801 legimus
707 721 752 782 vel
776 721 855 799 quod
878 740 915 781 ex
937 723 981 781 eis
1003 721 1175 797 intellegere
1198 724 1353 801 potuimus

341 830 444 873 earum
471 818 669 889 congruentes
698 810 869 870 auctoritati
890 810 927 870 de
950 809 998 869 his
1019 808 1111 869 rebus
1133 812 1165 870 iu
1188 812 1352 889 superiori-

341 900 398 961 bus
415 900 500 960 libris
518 899 654 960 diximus.
699 896 890 959 Eurrcleatius
909 906 1008 959 autem
1030 900 1057 958 si
1078 900 1134 958 ista
1158 906 1352 979 quaerantur,

306 1001 322 1050 5
341 988 519 1067 multiplices
546 994 634 1065 atque
662 985 852 1047 multimodas
873 988 994 1065 pariunt
1016 986 1245 1067 disputationes,
1274 1006 1352 1066 quae

342 1076 477 1157 pluribus
513 1074 688 1137 intexendae
726 1077 786 1135 sint
816 1073 1029 1149 voluminibus,
1065 1092 1154 1154 quam
1185 1075 1242 1135 hoc
1274 1094 1353 1155 opus

342 1174 518 1245 tempusque
537 1164 679 1243 deposcit,
703 1162 780 1241 quod
804 1181 865 1223 uon
888 1165 928 1223 ita
950 1162 1064 1241 largum
1087 1162 1239 1243 habemus,
1262 1166 1353 1225 utin

343 1253 498 1333 omuibus,
534 1270 609 1331 quae
645 1259 771 1331 possunt
802 1254 957 1330 requirere
990 1253 1078 1311 otiosi
1109 1259 1140 1312 et
1172 1252 1351 1335 scrupulosi,

342 1343 505 1422 paratiores
533 1340 569 1400 ad
606 1340 848 1418 interrogandum
876 1357 966 1417 quam
995 1340 1177 1419 capaciores.
1196 1340 1233 1400 ad
1264 1340 1352 1401 iutel-

292 1444 324 1491 10
343 1430 516 1509 legendum,
549 1446 604 1489 uos
635 1436 771 1507 oporteat
802 1430 953 1488 inmorari.
998 1427 1135 1488 Arbitror
1156 1437 1256 1489 tamen
1278 1431 1352 1489 satis

343 1537 397 1580 uos
428 1520 487 1578 iam
519 1518 624 1578 iecisse
656 1518 769 1595 magnis
798 1524 829 1577 et
858 1516 1038 1576 difficillimis
1067 1516 1291 1594 quaestionibus
1313 1517 1352 1579 de

343 1609 427 1668 initio
456 1605 503 1666 rel
533 1605 636 1665 mundi
664 1604 710 1665 vel
737 1606 851 1665 animae
877 1604 924 1665 vel
951 1606 1046 1683 ipsius
1075 1607 1193 1683 generis
1220 1605 1352 1686 humani,

344 1695 422 1774 quod
451 1696 483 1755 in
506 1693 564 1754 duo
587 1710 697 1771 genera
720 1691 939 1772 distribuimus,
969 1710 1062 1753 unum
1085 1711 1203 1773 eorum,
1231 1696 1283 1773 qui
1305 1712 1352 1755 se·

343 1784 474 1845 orandum
501 1782 663 1861 homiuem,
691 1781 817 1842 alterum
844 1798 962 1860 eornm,
990 1783 1041 1860 qui
1068 1781 1233 1843 secuudum
1257 1782 1352 1844 ileum

292 1886 325 1935 15
344 1873 458 1951 virunt3
480 1888 554 1950 quas
572 1872 661 1930 ctiam
684 1872 806 1949 mystice
831 1868 1011 1948 appellamus
1034 1871 1167 1930 civitates
1189 1869 1272 1951 duas,
1294 1871 1352 1932 lroo
1461 1865 1464 1896 ²

344 1968 391 2021 est
413 1959 486 2019 duas
505 1960 661 2019 societates
684 1958 846 2037 homiuum,
870 1975 995 2036 quarum
1018 1965 1146 2018 estona
1169 1977 1243 2037 quac
1266 1977 1351 2038 prae·

344 2048 490 2109 destinata
513 2055 558 2107 est
576 2048 607 2107 in
631 2055 785 2106 aeteruum
808 2063 932 2123 regnare
956 2063 1026 2106 cum
1048 2045 1118 2125 Deo,
1142 2045 1233 2107 altera
1255 2056 1351 2108 aeter·

344 2154 416 2198 uum
444 2134 623 2215 supplicium
650 2134 751 2194 subire
780 2152 850 2194 oum
877 2132 1001 2194 diabolo.
1047 2134 1107 2194 Sed
1135 2137 1192 2195 iste
1214 2136 1282 2196 linis
1304 2144 1352 2197 est

345 2242 465 2304 eanrm,
495 2223 531 2283 de
561 2241 620 2301 quo
648 2231 715 2301 post
745 2222 1003 2303 loquendumest
1047 2221 1133 2283 Nunc
1157 2231 1255 2285 antem
1278 2242 1351 2303 quo·

292 2328 326 2377 20
345 2316 423 2373 uiam
447 2312 484 2373 de
511 2319 616 2371 exortu
645 2328 747 2371 carum
771 2313 831 2371 sire
855 2313 886 2370 iu
909 2310 1033 2390 angelis,
1057 2329 1185 2389 quorum
1207 2330 1352 2374 numerus

344 2404 498 2479 ignoratur
520 2418 536 2459 a
559 2398 660 2478 uobis,
683 2400 743 2459 sive
766 2401 798 2459 iu
821 2398 938 2459 duobus
959 2401 1063 2478 primis
1086 2399 1256 2460 hominibus
1279 2403 1352 2462 satis

344 2490 539 2567 dictumest,
567 2489 623 2547 iam
647 2486 720 2547 mihi
743 2487 860 2548 ridetur
882 2504 984 2548 earum
1008 2487 1223 2565 adgrediendus
1247 2507 1351 2550 excur-

347 2596 411 2657 suS,
439 2595 476 2636 ex
503 2593 561 2653 qno
584 2574 626 2634 illi
649 2574 707 2634 duo
730 2593 872 2654 generare
896 2585 1072 2656 coeperunt,
1100 2574 1194 2636 donec
1217 2576 1351 2639 homiues

345 2682 488 2744 generare
518 2661 685 2723 cessabunt.
730 2661 794 2724 Hoc
828 2665 908 2723 euim
936 2664 1108 2723 uuiversum
1139 2672 1257 2744 tempus
1290 2668 1350 2727 sive

292 2768 326 2817 25
346 2752 505 2831 saeculum,
528 2753 559 2811 iu
583 2769 641 2829 quo
665 2752 775 2811 cedunt
797 2753 959 2811 morientes
982 2752 1205 2830 succeduntque
1229 2772 1351 2815 nascen-

345 2849 399 2922 tes,
422 2844 545 2901 istarum
563 2839 688 2900 duarum
711 2837 871 2919 civitatum,
894 2839 930 2899 de
955 2837 1062 2917 quibus
1085 2839 1278 2922 disputamus,
1301 2861 1350 2903 ex·
1462 2865 1463 2870 ¹

346 2948 451 2990 cursus
475 2936 528 2989 est.
1462 2971 1463 2992 r

433 3016 526 3078 Natus
554 3024 599 3076 est
626 3018 717 3095 igitur
743 3018 826 3095 prior
849 3014 921 3076 Cain
948 3034 985 3075 cx
1014 3015 1071 3076 illis
1095 3016 1211 3077 duobus
1233 3022 1351 3097 generis
1462 3057 1463 3060 =

346 3106 466 3167 humani
489 3102 676 3185 parentibus,
704 3106 859 3183 pertinens
881 3102 924 3163 ad·
940 3103 1093 3164 hominum
1116 3108 1278 3187 civitatem,
1300 3126 1350 3186 po·

293 3210 327 3258 30
346 3196 454 3255 sterior
468 3191 549 3267 Abel,
573 3192 608 3251 ad
627 3194 775 3253 civitatem
788 3190 851 3252 Dei.
896 3191 981 3252 Sicut
998 3194 1127 3252 enimin
1145 3212 1205 3254 uno
1224 3195 1351 3276 homine,

347 3282 425 3362 quod
449 3280 522 3342 dixit
544 3279 708 3360 apostolus,
737 3281 921 3359 experimur,
945 3281 1013 3358 qnia
1035 3298 1095 3342 non
1115 3286 1248 3358 primum
1271 3288 1352 3358 qnod

346 3374 484 3449 spiritale
514 3375 572 3444 est,
601 3370 657 3429 sed
681 3371 769 3444 quod
789 3371 933 3442 animale,
961 3376 1069 3444 posteo
1095 3373 1235 3446 spiritale
1257 3366 1350 3452 (trude

303 3480 305 3485 ·
346 3460 570 3539 uuusquisque,
602 3457 741 3537 quoniam
778 3474 814 3515 ex
846 3456 981 3516 damnata
1016 3460 1177 3537 propagine
1209 3462 1351 3542 exoritur,

415 3576 459 3642 82)
479 3579 493 3627 1
519 3572 579 3629 Gor.
599 3578 641 3641 15,
656 3579 698 3627 to.

415 3702 431 3749 6
455 3696 512 3749 sini
530 3696 708 3765 VRAFep3
737 3698 803 3750 sunt
823 3696 914 3752 Galae
935 3698 946 3766 Ι]
969 3702 985 3750 8
1009 3713 1099 3765 scrup.
1120 3696 1245 3765 Πώρῳ
1271 3696 1351 3765 scrip.

344 3766 478 3836 exseq
492 3772 526 3820 33
545 3782 583 3821 ex1
597 3766 681 3821 odam
698 3770 767 3821 uota
782 3767 883 3834 ob¹c¹;
896 3767 943 3821 scd
956 3767 991 3834 cs.
1007 3770 1354 3835 54,33;59‚10;105‚2o
