3284 4459
336 514 399 577 100
737 523 939 566 sauousrnu

333 663 413 722 enim
444 661 501 720 boc
530 659 657 740 bonum,
689 660 746 718 nisi
775 675 844 718 cum
871 657 905 717 fit
934 656 1099 718 secundnm
1121 657 1209 718 iidem
1232 661 1342 719 summi

334 748 418 829 boni,
448 750 499 828 qui
521 747 601 808 Deus
629 755 683 808 est.
727 744 790 807 Hoc
813 754 912 805 tamen
935 761 1021 806 nemo
1044 747 1151 807 iecisse
1175 755 1243 807 ante
1265 746 1341 807 dilu-

334 840 414 898 vium
441 838 605 917 repetitum
632 834 748 913 quaudo
776 834 895 913 quidem
922 835 1011 895 etiam
1037 836 1102 913 ipse
1124 833 1228 894 Enoch
1250 834 1341 914 'septi-

335 945 400 986 mus
423 924 459 986 ab
482 924 582 999 Adam,
605 925 657 1002 qui
679 922 838 983 translatus
861 922 992 983 retertur
1015 941 1090 1003 esse,
1112 941 1173 982 non
1195 932 1343 1004 mortuus,

299 1016 437 1092 tgcnnit
464 1013 540 1073 lilios
567 1021 598 1072 et
624 1010 698 1072 filias
730 1019 887 1090 antequam
915 1011 1143 1091 transferretur3
1172 1013 1203 1070 in
1232 1010 1342 1090 quibus

334 1103 390 1163 suit
412 1099 617 1180 Mathusalam,
646 1117 701 1179 per
723 1117 812 1178 quem
835 1101 1060 1178 generationum
1084 1100 1343 1161 memorandarum

334 1189 407 1250 ordo
429 1191 616 1251 transcurrit.

422 1277 483 1339 Cur
510 1295 581 1357 ergo
609 1284 690 1337 tanta
716 1278 848 1356 paucitas
880 1279 1102 1337 successionum
1131 1294 1342 1337 commemora·

333 1369 437 1427 turin
459 1364 699 1446 generationibus
727 1382 763 1424 ex
786 1362 871 1444 Cain,
901 1365 926 1424 si
950 1381 1116 1443 casusque
1140 1363 1176 1424 ad
1200 1364 1342 1426 dilnvium

283 1467 316 1515 to
334 1454 458 1536 perduoi
489 1452 661 1534 oportebat,
692 1470 747 1513 nec
779 1461 844 1512 erat
870 1451 1009 1513 diuturna
1041 1461 1121 1513 aetas
1147 1455 1343 1532 praeveniens

334 1542 542 1624 pubertatem„
569 1560 643 1621 quac
676 1549 795 1601 centum
827 1540 873 1600 vel
905 1539 1030 1620 amplius
1062 1559 1155 1602 annos
1182 1549 1299 1602 vacaret
1327 1561 1344 1602 a

293 1631 297 1657 ⁸
334 1628 466 1692 letibus?
510 1629 582 1691 Nam
611 1631 637 1690 si
664 1647 723 1689 non
751 1629 922 1690 intendebat
948 1640 1053 1690 auctor
1079 1627 1147 1690 libri
1174 1628 1264 1690 huius
1291 1630 1342 1691 all·

336 1737 436 1801 quem,
465 1719 500 1779 ad
529 1737 616 1797 quem
644 1719 812 1778 necessario
840 1717 1020 1796 perduceret
1046 1719 1154 1778 seriem
1177 1721 1342 1798 generatio-

335 1825 420 1888 num,
443 1810 522 1868 sicnt
543 1809 574 1866 in
598 1805 668 1887 illis,
698 1823 773 1884 quae
796 1808 920 1867 veniunt
941 1805 978 1866 de
1002 1808 1114 1867 semiue
1138 1805 1224 1886 Setb,
1246 1809 1342 1867 inten-

284 1907 316 1956 tt
336 1895 423 1956 debat
450 1897 605 1975 pervenire
633 1894 669 1954 ad
691 1893 768 1976 Noe,
796 1913 812 1954 a
840 1912 899 1972 quo
927 1912 1033 1955 rursus
1059 1895 1132 1955 ordo
1155 1897 1343 1956 necessarius

335 1992 524 2063 sequeretur:
557 1983 627 2062 quid
655 2000 730 2062 opus
766 1991 830 2043 erat
861 1985 1098 2061 praetermittere
1129 1986 1343 2063 primogenitos

335 2072 423 2154 filim,
450 2081 485 2132 ut
512 2073 720 2150 perveniretur
747 2069 782 2131 ad
809 2067 951 2152 Lamech,
978 2073 1009 2131 in
1039 2073 1125 2132 cuius
1148 2071 1216 2132 tiliis
1238 2073 1343 2132 linitur

335 2159 383 2220 illa
405 2163 568 2239 contextio,
591 2167 693 2220 octava
715 2160 905 2238 generatione
929 2159 1042 2220 scilicet
1064 2178 1101 2220 ex
1123 2160 1228 2236 Adam,
1251 2163 1341 2240 septi·

335 2266 382 2307 ma
409 2267 445 2309 ex
468 2247 553 2329 Cain,
580 2251 665 2327 quasi
693 2255 773 2307 esset
795 2245 865 2306 inde
887 2246 998 2324 aliquid
1020 2247 1161 2327 deinceps
1184 2258 1341 2309 conecten-

282 2349 317 2398 20
337 2336 422 2419 dnm,
449 2336 527 2397 unde
554 2337 761 2416 perveniretur
787 2335 834 2394 rel
856 2335 892 2394 ad
914 2333 1108 2396 israeliticum
1130 2337 1289 2421 populum,
1311 2340 1342 2399 iu

338 2443 396 2504 quo
429 2424 550 2485 caelesti
585 2425 696 2484 civitati
734 2425 821 2485 etiam
854 2432 973 2483 terrena
1004 2421 1187 2484 Hierusalem
1217 2426 1343 2504 figuram

296 2527 299 2542 ·
334 2514 537 2594 propheticam
555 2511 700 2593 praebuit,
724 2511 769 2571 vel
792 2511 827 2572 ad
847 2510 998 2572 Christum
1020 2514 1185 2573 secundum
1207 2513 1342 2591 carnem,

334 2606 390 2678 q'ut'
410 2609 567 2677 estsuper
589 2603 689 2661 omnio
712 2601 794 2661 Deus
818 2600 994 2661 benedictus
1017 2603 1209 2677 insaecula,
1238 2620 1341 2681 super·

335 2698 391 2750 riae
413 2688 598 2751 Hierusalem
626 2688 784 2748 fabricator
812 2697 900 2766 atque
923 2696 1076 2769 regnator,
1099 2707 1167 2750 cum
1190 2697 1253 2750 tota
1274 2708 1342 2770 pro·

282 2793 316 2842 ao
335 2779 436 2857 genies
467 2776 538 2837 Cain
571 2775 680 2837 diluvio
712 2779 750 2837 sit
781 2775 897 2836 deleta?
940 2775 1025 2836 Unde
1056 2776 1150 2838 videri
1181 2787 1281 2860 potest
1311 2780 1343 2838 in

335 2867 439 2930 eodem
467 2865 570 2925 ordine
598 2866 821 2943 generationum
853 2865 1066 2943 primogenitos
1094 2866 1186 2926 scrisse
1214 2883 1342 2927 comme·

335 2961 472 3014 moratos.
518 2953 579 3014 Cur
605 2971 676 3032 ergo
704 2962 762 3013 tam
794 2954 881 3031 pauci
914 2949 1007 3014 sunt?
1041 2952 1107 3013 Non
1136 2956 1215 3015 enim
1245 2973 1343 3034 usque

336 3042 372 3103 ad
394 3041 535 3102 diluvium
558 3049 603 3102 tot
625 3059 691 3103 esse
714 3049 885 3123 potuerunt,
907 3059 967 3101 non
992 3040 1162 3102 vacantibus
1185 3061 1280 3122 usqne
1306 3044 1343 3104 ad

335 3131 533 3191 centenariam
560 3128 747 3208 pubertatem
773 3128 908 3209 patribus
930 3128 966 3189 ab
989 3131 1085 3190 officio
1109 3130 1282 3213 generandi,
1317 3134 1344 3192 si

281 3232 317 3281 ao
336 3236 396 3279 non
423 3226 487 3279 erat
513 3227 585 3278 tunc
614 3219 805 3297 proportione
832 3218 1034 3297 longaevitatis
1062 3217 1141 3279 illins
1164 3222 1253 3280 etiarn
1275 3239 1344 3280 sera

246 3313 251 3321 ‘
335 3305 484 3387 pubertas.
538 3304 577 3367 Ut
604 3308 682 3366 enim
714 3322 863 3385 peraeque
892 3308 1012 3385 triginta
1044 3323 1189 3368 annornm
1221 3309 1344 3390 fuerint,

335 3413 405 3456 cum
435 3394 511 3454 filios
539 3412 682 3474 generare
712 3403 888 3476 coeperunt,
915 3397 1029 3456 octiens
1058 3397 1166 3457 triceni
1189 3389 1344 3478 (quoniam

335 3492 402 3544 octo
422 3490 493 3543 sunt
509 3485 715 3561 generationes
734 3500 802 3542 cuin
820 3482 912 3542 Adam
931 3491 962 3543 et
984 3501 1052 3545 cum
1074 3485 1118 3545 eis
1142 3502 1218 3564 quos
1239 3487 1345 3565 genuit

406 3620 451 3686 23)
469 3617 549 3673 Rom
568 3621 594 3685 9,
612 3622 638 3673 δ.

409 3797 423 3848 i
443 3790 517 3846 enim
534 3805 584 3848 oro.
609 3791 685 3861 Vte
703 3794 873 3848 memoretur
895 3790 923 3846 V

311 4097 446 4158 A
