3284 4459
587 506 627 545 on
641 505 783 545 otvlrnrn
797 506 850 545 nm
864 506 889 544 n.
903 506 977 545 xxm.
991 505 1014 544 c.
1028 506 1060 545 eo.
1269 489 1335 553 635

326 642 438 701 dentur
471 642 619 719 expressi,
655 642 710 699 iste
748 639 942 699 sabbatismus
978 638 1142 698 evidentius
1174 637 1335 717 apparebit,

329 730 470 808 quoniam
490 730 633 808 septimus
652 729 814 807 invenitur3
838 736 871 787 ut
889 729 982 805 prima
1002 735 1080 786 aetas
1104 736 1252 805 tamqnam
1275 728 1334 804 pri-

173 866 174 909 q
327 836 396 878 mus
427 817 489 877 dies
518 818 556 876 sit
583 815 618 875 ab
641 815 731 875 Adam
754 834 849 893 usque
872 815 907 874 ad
931 814 1086 893 diluvium,
1114 814 1242 874 secunda
1265 814 1340 883 inde

173 926 174 977 t
332 924 424 984 usque
444 905 479 965 ad
494 903 650 984 Abraham,
668 922 727 963 non
746 904 920 982 aequalitate
940 912 1116 982 temporum,
1139 902 1189 962 sed
1211 920 1333 962 numero

173 978 174 1015 Ὺ
326 996 566 1073 generationum3
604 992 696 1051 denas
735 994 843 1070 quippe
875 991 983 1050 habere
1015 993 1214 1070 reperiuntur.
1259 990 1369 1049 llineo

331 1086 402 1161 iam,
430 1083 507 1141 sicut
530 1079 693 1140 Matthaeus
724 1080 899 1157 evatrgelista
923 1079 1111 1157 determinat,
1139 1088 1201 1139 tres
1224 1087 1334 1138 aetates

329 1188 426 1248 usque
454 1169 489 1229 ad
519 1168 627 1228 Christi
658 1168 881 1246 subsequuntur
907 1167 1078 1246 adventum,
1105 1184 1179 1244 quae
1203 1166 1334 1244 singulae

329 1258 416 1318 denis
443 1266 474 1317 et
502 1258 653 1335 quaternis
682 1254 922 1335 generationibus
952 1254 1149 1333 explicantur:
1179 1255 1214 1314 ab
1244 1254 1333 1314 Abra·

334 1346 517 1424 hamusque
542 1344 577 1404 ad
601 1344 689 1403 David
715 1362 789 1423 una,
816 1344 906 1403 altera
929 1344 998 1403 inde
1021 1362 1116 1421 usque
1139 1344 1174 1403 ad
1198 1346 1334 1403 transmi-

330 1436 494 1513 grationem
524 1436 554 1492 in
586 1432 791 1511 Babyloniam,
822 1434 907 1492 tertia
938 1431 1005 1492 inde
1036 1450 1132 1509 usque
1162 1430 1197 1490 ad
1226 1429 1335 1492 Christi
1356 1446 1387 1492 10

330 1521 478 1582 carnalem
497 1523 684 1581 nativitatem.
721 1520 809 1580 Fiunt
828 1522 926 1598 imque
946 1538 1048 1579 omnes
1071 1521 1209 1597 quinque.
1247 1519 1334 1580 Sexta

331 1629 410 1671 nune
429 1613 525 1689 agitur
543 1608 624 1669 nullo
647 1612 869 1688 generationum
894 1626 1017 1668 numero
1043 1608 1190 1667 metienda
1213 1617 1335 1687 propter

330 1698 359 1759 id
383 1698 461 1777 quod
481 1698 669 1758 dictumest:
693 1700 758 1757 Non
777 1704 822 1757 est
839 1705 970 1757 vestrum
986 1700 1068 1757 set're
1090 1704 1234 1772 tempore,
1257 1714 1335 1771 quae

331 1789 425 1848 Peter
452 1789 555 1863 posuit
583 1790 613 1846 ia
641 1804 697 1846 suu
722 1793 877 1861 potestate.
922 1785 994 1845 Post
1021 1785 1096 1844 hane
1127 1793 1273 1862 tamquam
1303 1787 1333 1843 in

329 1875 376 1935 die
397 1876 522 1953 septimo
541 1876 709 1951 requiescet
729 1873 815 1952 Deus,
840 1891 908 1932 cum
927 1873 1052 1933 eundem
1072 1873 1149 1932 diem
1168 1875 1334 1952 septimum,
1355 1885 1387 1932 15

329 1962 409 2041 quod
433 1964 635 2040 posennus,
659 1964 688 2020 in
712 1980 743 2021 se
767 1964 831 2039 ipso
856 1961 915 2021 Deo
939 1962 1027 2021 laeiet
1050 1963 1247 2039 requiescere.
1293 1960 1333 2020 lle

329 2054 394 2111 istis
422 2068 511 2128 porro
539 2047 684 2109 aetatibus
713 2049 836 2126 singulis
865 2067 944 2109 nune
967 2049 1123 2127 diligenter
1146 2049 1266 2129 longum
1289 2058 1335 2109 est

331 2139 494 2216 disputare3
526 2138 598 2197 haee
632 2145 730 2197 tamen
763 2140 886 2216 septima
916 2140 973 2197 erit
1005 2136 1158 2197 sabbatum
1192 2147 1334 2217 nostrum,

331 2228 416 2286 euius
449 2226 515 2285 hnis
548 2243 605 2284 non
639 2228 696 2285 erit
722 2244 858 2305 vespera,
891 2225 942 2285 sed
971 2225 1135 2286 dominicus
1163 2226 1225 2285 dies
1255 2226 1334 2285 relat

331 2323 451 2373 octavus
478 2322 630 2392 aeternus,
659 2316 709 2391 qni
733 2313 842 2373 Christi
869 2316 1088 2374 resurreetione
1117 2323 1248 2374 samatus
1279 2324 1333 2394 est,
1353 2328 1385 2375 tu

331 2410 479 2462 aeternam
511 2420 571 2461 non
599 2401 694 2461 solum
722 2404 857 2481 spiritus,
888 2420 990 2461 verum
1021 2404 1108 2462 etiam
1132 2405 1265 2481 eorporis
1288 2421 1333 2462 re-

330 2492 430 2568 quiem
453 2491 663 2568 praefigurans.
709 2487 752 2549 lbi
776 2490 943 2551 vacabimus
966 2499 996 2550 et
1019 2489 1195 2570 videbimus,
1225 2489 1334 2549 videbi-

331 2597 397 2638 mus
421 2586 451 2638 et
474 2577 649 2657 amabimus,
677 2576 839 2637 amabimus
866 2588 896 2637 et
919 2578 1109 2638 laudabimus.
1156 2578 1232 2637 Eece
1256 2579 1333 2656 qnod

331 2670 389 2727 erit
415 2668 445 2726 in
475 2667 532 2725 bne
561 2668 622 2725 sine
650 2666 717 2725 line.
762 2665 834 2725 Nam
863 2668 929 2744 quis
957 2666 1031 2725 alius
1060 2675 1160 2726 noster
1195 2675 1242 2726 est
1267 2668 1334 2726 linis

333 2757 388 2814 nisi
411 2757 565 2834 pervenire
590 2754 624 2814 ad
649 2772 781 2834 regnum,
804 2756 888 2813 errius
912 2754 1010 2814 nullus
1034 2764 1080 2814 est
1101 2751 1189 2814 linis?
1353 2768 1386 2814 to

420 2841 526 2902 Videor
550 2843 621 2903 mihi
644 2841 774 2903 debitum
798 2844 925 2919 ingentis
948 2842 1036 2902 huius
1059 2846 1157 2921 operis
1181 2844 1334 2904 adiuvante

333 2928 456 2989 Doinino
476 2930 648 2990 reddidisse.
686 2929 800 3000 Quibus
819 2948 924 3007 parum
942 2930 987 2990 vel
1007 2931 1115 3009 quibus
1135 2934 1256 2991 nimium
1280 2940 1335 3011 est,

333 3016 403 3075 inihi
420 3019 587 3095 ignoscant3
607 3018 714 3094 quibus
734 3026 832 3077 antem
850 3020 921 3077 satis
945 3028 998 3099 est,
1022 3037 1081 3079 non
1100 3020 1180 3092 mihi,
1203 3019 1254 3079 sed
1274 3018 1334 3077 lleo

331 3122 448 3162 rneeum
470 3106 577 3182 gratias
601 3106 836 3183 congratulantes
860 3117 953 3188 agant.
999 3109 1099 3166 Amen.
1145 3110 1245 3166 Amen.

402 3214 444 3279 14)
464 3212 524 3263 Aet.
545 3215 568 3275 1,
585 3214 607 3261 t.

329 3303 540 3312 .--—--———-

401 3332 472 3385 bed
491 3349 540 3385 om.
556 3333 594 3401 bil
608 3337 641 3384 25
660 3330 765 3414 nullus]
785 3348 840 3384 non
857 3333 907 3400 ΑΙΙ
921 3337 954 3384 te
974 3347 1064 3385 amen
1084 3349 1173 3387 amen.
1189 3336 1229 3401 R3
1248 3351 1337 3389 amen

329 3404 490 3468 Αθαςοιη
492 3402 573 3455 'abe
590 3405 600 3471 h
617 3403 838 3470 subscriptiones:
860 3402 977 3470 explicit
993 3402 1067 3455 liber
1083 3402 1160 3456 XXII
1177 3405 1235 3473 (vig
1236 3406 1338 3458 esimue

330 3474 466 3526 secundus
485 3472 512 3539 a)
532 3473 623 3525 saneti
637 3472 780 3555 augustini
799 3472 834 3525 de
853 3473 970 3526 ciuitate
984 3473 1015 3525 di
1030 3474 1092 3539 Ra3
1111 3474 1227 3561 explieit
1241 3479 1338 3529 eontra

329 3559 454 3613 paganos
475 3542 547 3596 liber
564 3544 710 3597 vicesimus
730 3544 867 3597 secundus
886 3543 976 3597 aureli
994 3515 1138 3615 augushini
1156 3546 1203 3615 epi
1219 3547 1339 3615 ypponi-

329 3631 464 3701 regiensis
483 3631 607 3685 ciuitotie
626 3632 672 3684 dei
690 3633 730 3697 243
754 3631 870 3699 explicit
886 3631 958 3685 liber
975 3630 1054 3684 XXII
1071 3633 1111 3686 sei
1130 3634 1274 3703 augustini
1291 3635 1339 3703 epi

330 3704 377 3826 lt
391 3701 757 3853 ἰῖῗιῒὲθρὲζιὲιξῖιῗέἐῗ
773 3702 1199 3843 i¹b2³1p1hh¹¹asi⁰32ffl⁰
1222 3705 1339 3759 anas
