3284 4459
314 499 378 564 358
591 509 592 514 ’
714 511 737 551 s,
750 509 915 554 cucusum
1019 471 1024 478 ¹

313 651 462 710 habitatio
489 663 608 708 seusam
635 649 729 707 multa
756 647 959 720 coercentem?
1002 645 1134 725 Impetus
1161 664 1252 725 porro
1275 647 1324 708 vel

313 739 462 816 appetitus
490 737 627 816 aetionis,
659 736 684 794 si
713 733 769 793 hoc
797 733 884 793 modo
914 742 995 795 reete
1023 733 1126 795 Latine
1158 733 1324 837 appellatur

314 843 363 905 ea,
395 841 483 902 quam
515 822 620 883 Graeci
651 829 756 882 vocant
788 815 898 902 ὁρμήν,
929 825 998 900 quia
1030 830 1061 882 et
1092 826 1186 903 ipsam
1217 824 1324 902 primis

314 922 438 974 naturae
470 910 613 990 deputant
639 909 743 990 bonis,
775 928 872 969 nonne
899 912 964 988 ipse
996 918 1057 991 est,
1090 929 1149 990 quo
1176 920 1325 990 geruntur

280 1004 405 1065 aetiam
423 1002 594 1060 insanorum
613 998 655 1058 illi
674 996 856 1058 miserabiles
875 1006 973 1059 motus
996 1006 1027 1059 et
1048 957 1133 1081 iacta,
1156 1017 1232 1078 quae
1254 999 1324 1060 bor-

315 1107 427 1169 remus,
450 1088 566 1167 quando
590 1089 771 1167 pervertitur
794 1104 901 1146 sensus
923 1089 1058 1166 ratioque
1081 1085 1218 1167 sopitur?

404 1175 498 1237 Porro
517 1178 580 1255 ipsa
599 1178 702 1254 virtus,
726 1192 800 1252 quae
824 1193 883 1234 non
906 1182 952 1235 est
974 1178 1053 1236 inter
1074 1178 1169 1256 prima
1193 1184 1325 1256 naturae,

316 1268 455 1346 quoniam
477 1267 520 1325 eis
543 1271 645 1343 postea
669 1263 803 1323 doctrina
827 1263 1034 1325 introducente
1053 1267 1233 1345 supervenit,
1256 1283 1326 1326 cum

316 1355 375 1415 sibi
397 1353 544 1414 bonorum
568 1352 684 1413 culmen
713 1351 841 1411 vindicet
863 1351 1072 1434 humanorum,
1099 1352 1171 1432 quid
1194 1352 1243 1414 hic
1266 1356 1328 1432 agit

265 1457 298 1506 ιο
316 1445 375 1504 nisi
399 1449 543 1550 perpetua
565 1439 641 1500 bella
664 1457 732 1502 eum
755 1442 843 1521 vidie,
865 1459 921 1500 nee
944 1440 1152 1523 exterioribus,
1174 1441 1227 1502 sed
1249 1442 1326 1502 inte·

316 1529 458 1610 rioribus,
481 1547 536 1588 nee
554 1528 666 1608 alienis,
689 1527 741 1588 scd
759 1527 845 1607 plane
864 1531 1022 1591 nostriset
1040 1532 1178 1611 propriis,
1200 1532 1327 1590 maxime

316 1619 380 1699 illa,
403 1635 477 1696 quae
500 1616 612 1677 Graece
635 1611 829 1698 σωφροσύνη,
851 1614 954 1677 Latine
977 1619 1170 1697 temperantia
1194 1621 1326 1679 nomina·

317 1714 382 1786 tur,
410 1723 468 1783 qua
491 1705 622 1765 carnales
645 1705 799 1765 frenantur
827 1703 977 1787 libidines,
1004 1724 1042 1766 na
1064 1707 1096 1767 iu
1119 1724 1253 1786 quaeque
1276 1706 1328 1766 fla-

317 1795 389 1874 gitia
413 1801 541 1853 mentem
564 1796 799 1853 consentientem
821 1790 961 1854 trahant?
983 1792 1085 1873 Neque
1109 1797 1189 1855 enim
1213 1793 1329 1855 nullum

267 1895 300 1946 ιι
318 1889 367 1943 est
389 1883 506 1962 vitium,
534 1899 615 1962 cum,
643 1882 720 1942 sicut
748 1880 819 1941 dicit
846 1880 1010 1961 apostolus,
1037 1900 1113 1944 caro
1140 1886 1330 1960 compescit

319 1973 467 2032 adversus
493 1973 650 2046 spiritum
682 1971 731 2029 cui
759 1971 829 2029 vitio
862 1972 1009 2031 contraria
1042 1973 1136 2032 virtus
1164 1979 1223 2051 est,
1250 1988 1329 2052 eum,

320 2061 398 2119 sicut
425 2056 504 2119 idem
531 2057 615 2139 dicit,
646 2061 772 2134 spiritus
801 2061 990 2136 concupiscit
1017 2061 1164 2120 adversus
1193 2076 1329 2121 caraem.

319 2147 407 2210 Haec
430 2149 517 2222 enim,
540 2148 645 2226 inquit,
668 2149 795 2207 inuicem
813 2149 1027 2222 adversantur,
1050 2154 1084 2208 ut
1106 2164 1167 2209 aaa
1190 2164 1227 2209 ea
1249 2165 1332 2222 quae

319 2239 397 2297 uult
372 2241 410 2296 tes
434 2234 569 2311 faciatis.
616 2233 691 2304 Quid
715 2242 814 2294 autem
837 2234 934 2295 iacere
959 2235 1106 2315 volumus,
1135 2253 1203 2297 cnm
1226 2235 1332 2314 perfiet

267 2337 302 2388 ιο
319 2324 457 2385 volumus
480 2324 537 2383 tine
561 2324 669 2383 summi
692 2321 775 2404 boni,
798 2324 856 2383 nisi
879 2331 913 2383 ut
936 2341 1004 2383 earo
1027 2323 1169 2384 adversus
1192 2325 1332 2403 spiritum

320 2430 381 2474 non
401 2413 599 2491 concupiscat,
622 2429 677 2471 nec
696 2413 782 2471 sitin
802 2410 888 2471 nobis
909 2410 967 2472 hoc
989 2413 1101 2493 vitium,
1125 2421 1228 2473 eontra
1250 2411 1331 2490 qnod

321 2503 446 2579 spiritus
464 2496 675 2578 concupiscat?
712 2498 828 2570 Quod
819 2517 851 2559 ιιι
874 2497 928 2559 hae
951 2501 1018 2580 rita,
1041 2503 1174 2578 quamvis
1197 2500 1331 2581 velimus,

321 2591 462 2666 quoniam
490 2587 587 2647 iacere
615 2605 675 2646 non
702 2586 846 2668 valemus,
874 2587 902 2648 id
927 2587 1062 2648 saltem
1053 2607 1084 2648 m
1106 2589 1254 2650 adiutorio
1277 2548 1332 2648 [ιιι

321 2676 460 2755 facimus,
488 2693 526 2735 ne
549 2677 631 2735 carni
653 2677 876 2754 concupiscenti
899 2674 1040 2737 adversus
1063 2679 1201 2756 spiritum
1224 2678 1332 2754 spiritu

269 2775 304 2825 ιιι
323 2722 535 2823 succumbente
550 2763 689 2823 cedamus
706 2770 736 2822 et
754 2763 789 2822 ad
808 2763 1040 2843 perpetrandum
1057 2773 1212 2844 peceatum
1230 2774 1333 2826 nostra

323 2852 519 2912 consensione
537 2850 752 2930 pertrahamur.
797 2851 881 2913 absit
901 2870 973 2932 ergo
992 2861 1034 2934 ut,
1057 2852 1228 2931 quamdiu
1220 2871 1252 2913 ιιι
1275 2852 1333 2912 hoe

323 2937 401 3000 bello
428 2940 569 2999 intestino
597 2956 712 3018 sumus,
744 2941 801 3000 iam
834 2958 889 3001 nos
920 2940 1146 3021 beatitudinem,
1178 2940 1213 3001 ad
1243 2958 1333 3019 quam

324 3026 469 3088 vincendo
492 3025 627 3087 volumus
654 3031 823 3109 pervenire,
851 3029 972 3108 adeptos
997 3047 1062 3089 esse
1085 3030 1249 3090 credamus.
1294 3027 1334 3090 Et

325 3117 393 3194 quis
423 3123 468 3176 est
496 3132 591 3219 usque
622 3114 693 3175 adeo
717 3118 847 3198 sapiens,
877 3125 911 3178 ut
934 3123 1037 3178 eontra
1059 3115 1196 3179 libidines
1219 3116 1335 3178 nullum

272 3202 432 3268 schabest
454 3205 578 3264 omuino
598 3201 789 3264 conflictum?

416 3290 492 3362 Οιιιιι
514 3291 563 3351 illa
587 3295 693 3371 virtus,
723 3310 798 3371 quae
820 3292 979 3372 prudentia
1003 3293 1127 3375 dicitur,
1149 3311 1248 3354 nonne
1272 3300 1335 3354 tota

326 3379 474 3458 vigilantia
498 3397 551 3440 sua
574 3379 650 3440 bona
674 3379 816 3441 discernit
838 3399 855 3440 a
878 3380 975 3462 malis,
1004 3389 1038 3442 ut
1060 3379 1172 3442 inillis
1148 3383 1335 3461 '·appeten

399 3491 884 3562 1.)Sap915.19).‚.delola

326 3593 541 3604 ———--

399 3636 414 3683 3
425 3633 542 3686 ΟΡΜΗΝ
554 3631 581 3686 Α
591 3631 601 3703 ιι
614 3638 646 3685 12
657 3633 872 3686 cmceocrrot
881 3633 909 3688 A
919 3633 928 3702 ιι
941 3636 974 3687 18
983 3648 1141 3703 quaeeumq
1140 3649 1176 3688 ue
1185 3633 1273 3691 uultis
1282 3637 1341 3706 ap!

328 3708 362 3758 19
375 3701 427 3755 alla
440 3701 552 3754 faorubs
563 3701 611 3755 Aa
626 3704 636 3770 ΙΙ
649 3707 683 3754 20
697 3701 751 3756 fine
761 3703 825 3767 Ra
838 3703 893 3756 fine
909 3703 1073 3771 (lineolam
1069 3651 1339 3776 perqeeooaidc)p;

326 3773 412 3828 finem
430 3772 578 3840 AGabpa
596 3773 605 3840 ΙΙ
624 3778 658 3825 24
676 3771 794 3826 facimus
813 3706 951 3843 ἸιΑιορς
970 3773 1107 3828 faciemus
1128 3775 1241 3846 Gabqo
