3284 4459
335 510 379 573 46
741 522 943 564 saueusrnn

334 659 447 719 donum
465 677 530 719 esse
549 660 729 740 nuptiarum,
751 675 824 737 quas
847 657 926 718 licus
949 665 1016 717 ante
1039 666 1195 736 peccatum
1217 656 1346 718 bominis

336 746 372 807 ab
399 748 484 807 initio
511 748 680 827 constituit,
709 745 837 806 creando
866 745 1029 805 masculum
1056 752 1087 806 et
1109 746 1263 827 seminam,
1293 749 1348 825 qni

336 853 425 895 sexus
457 835 576 896 evidens
609 837 711 913 utique
741 836 771 894 in
802 852 891 894 carne
921 842 975 894 est
1021 832 1097 894 Huic
1127 836 1237 913 quippe
1260 836 1348 913 operi

336 923 390 984 liei
413 925 501 984 etiam
524 922 690 984 benedictio
718 924 781 1001 ipsa
805 921 961 982 subiuncta
984 931 1038 982 est.
1083 920 1157 982 Nam
1180 940 1249 983 cum
1272 924 1347 982 scri-

301 1024 317 1073 5
335 1021 423 1091 ptura
446 1011 582 1073 dixisset:
611 1011 783 1071 Musonium
807 1018 837 1071 et
856 1008 1002 1085 seminam
1021 1009 1100 1085 fecit
1120 1028 1180 1090 eas,
1203 1012 1348 1071 continuo

337 1098 481 1161 subdidit:
504 1101 544 1160 Et
566 1102 723 1160 benedixit
743 1116 793 1161 eos
811 1100 895 1159 liceis
917 1102 1037 1160 dicens:
1063 1099 1197 1160 Crescite
1219 1106 1252 1160 et
1270 1102 1348 1160 mai·

337 1191 518 1265 tipiicamini
538 1196 568 1249 et
590 1192 707 1264 impieta
729 1195 846 1248 terram
869 1195 899 1248 et
921 1190 1119 1248 dominamini
1139 1190 1221 1262 eins,
1243 1195 1275 1248 et
1297 1205 1348 1247 ce·

338 1286 408 1337 tera.
454 1274 535 1347 Quae
558 1278 656 1335 omnia
679 1293 856 1354 quamquam
883 1292 943 1336 nou
966 1278 1209 1335 inconvenienter
1231 1278 1349 1355 possint

338 1367 426 1424 etiam
454 1364 490 1423 ad
518 1364 700 1425 intellectum
724 1362 887 1442 spiritaiem
910 1363 1030 1444 referri,
1061 1362 1223 1424 masculum
1247 1371 1349 1424 tamen

286 1467 320 1515 10
340 1461 370 1513 et
393 1453 531 1512 feminam
549 1469 609 1511 non
633 1454 710 1512 sicut
732 1452 828 1512 simile
846 1451 955 1530 aliquid
979 1453 1068 1511 etiam
1089 1454 1121 1512 in
1143 1449 1262 1512 homine
1286 1469 1349 1511 nno

340 1541 472 1619 intellegi
495 1547 602 1619 potest,
626 1542 693 1619 quia
717 1539 854 1601 videlicet
875 1542 906 1599 iu
929 1557 965 1599 eo
988 1539 1066 1600 alind
1089 1540 1237 1618 estquod
1260 1534 1348 1620 regii,

342 1628 421 1690 alind
453 1627 531 1708 quod
564 1630 692 1709 regitur3
723 1627 774 1689 sed
808 1630 886 1688 sieut
917 1627 1136 1688 evidentissime
1166 1635 1288 1707 apparet
1314 1629 1348 1688 in

340 1717 449 1778 diversi
474 1734 563 1777 serus
586 1716 777 1796 corporibus,
800 1716 964 1775 masculum
987 1725 1018 1776 et
1040 1716 1179 1775 laminam
1202 1718 1242 1775 ita
1264 1733 1348 1775 crea·

339 1813 399 1884 tes,
428 1814 461 1865 ut
491 1804 605 1883 prolem
633 1805 800 1884 generando
828 1812 999 1865 crescerent
1026 1812 1057 1864 et
1079 1804 1349 1883 multiplicarentur

287 1908 320 1956 15
340 1900 370 1953 et
401 1893 559 1972 implerent
591 1902 718 1973 terram,
749 1910 870 1971 magnae
901 1889 1092 1953 absurditatis
1122 1900 1168 1952 est
1196 1892 1348 1953 reluctari.

339 1980 442 2060 Neque
462 1982 539 2041 enim
559 1981 595 2041 de
619 1983 725 2061 spiritu
749 1983 800 2059 qui
823 1983 949 2059 imperat
971 1988 1001 2040 et
1025 1995 1114 2040 carne
1136 1998 1211 2059 quae
1235 1979 1349 2042 obtem·

338 2078 432 2148 perat,
455 2080 505 2131 aut
523 2070 559 2129 de
579 2072 676 2129 animo
695 2068 831 2129 rationali
849 2070 900 2147 qui
923 2070 1000 2147 regit
1022 2076 1053 2128 et
1074 2068 1243 2129 inrationali
1264 2071 1348 2147 cupi·

339 2157 429 2219 ditate
448 2176 524 2236 quae
542 2160 666 2238 regitur,
689 2167 740 2217 aut
758 2158 794 2217 de
817 2158 927 2217 virtute
950 2156 1174 2235 contemplativa
1198 2175 1272 2236 quae
1297 2176 1348 2217 ex·

339 2245 420 2307 cellit
438 2255 467 2307 et
486 2246 523 2306 de
541 2248 633 2306 activa
657 2263 732 2323 quae
756 2242 905 2321 subditur,
928 2253 979 2304 aut
1001 2244 1038 2305 de
1061 2244 1214 2306 intellectu
1231 2246 1348 2326 *mentis

287 2350 321 2397 20
339 2342 370 2395 et
392 2352 482 2394 sensu
510 2336 659 2413 corporis,
689 2332 740 2393 sed
768 2340 870 2411 aperte
893 2332 930 2393 de
953 2333 1071 2393 vinculo
1095 2333 1256 2415 coniugali,
1286 2351 1348 2412 quo

338 2424 464 2483 invicem
491 2420 548 2483 sibi
576 2430 701 2499 uterque
730 2438 818 2481 sexus
846 2419 1056 2502 obstringitur,
1084 2421 1226 2482 liominus
1254 2423 1347 2482 iuter·

338 2517 459 2589 rogatus
478 2518 579 2571 utrum
598 2509 702 2570 liceret
720 2526 906 2587 quacumque
930 2526 1018 2569 causa
1041 2510 1190 2570 dimittere
1214 2526 1348 2591 uxorem,

339 2600 478 2677 quoniam
500 2606 622 2677 propter
641 2598 780 2657 duritiam
804 2596 904 2657 cordis
926 2596 1126 2657 israelitarum
1144 2596 1259 2676 lloyses
1282 2597 1348 2659 dari

338 2688 474 2766 permisit
496 2685 627 2746 libellum
650 2686 783 2766 repudii,
815 2683 969 2764 respondit
992 2695 1080 2764 atque
1103 2688 1155 2746 ait:
1185 2686 1252 2746 Non
1275 2689 1348 2760 lepi-

287 2788 321 2838 tn
339 2779 402 2849 stis,
425 2778 506 2849 qaia,
530 2776 584 2849 qni
598 2772 676 2849 fecit
692 2776 731 2834 ab
750 2778 845 2848 initio,
869 2777 1036 2834 maceniam
1059 2780 1090 2834 et
1106 2772 1252 2849 feminam
1272 2772 1350 2849 fecii

340 2880 390 2923 eos
413 2871 444 2923 et
465 2866 562 2923 dixit:
595 2863 725 2937 Propter
754 2864 811 2923 isac
835 2863 964 2922 dimittet
984 2864 1070 2922 domo
1089 2869 1210 2938 patrem
1233 2868 1263 2923 et
1284 2878 1348 2922 ma·

340 2959 417 3011 trem
444 2958 473 3012 et
500 2952 681 3011 adhaerebit
706 2953 801 3011 uxori
831 2967 919 3022 snae,
947 2956 977 3009 et
999 2958 1090 3010 erant
1111 2953 1172 3011 dna
1196 2953 1227 3010 in
1251 2968 1349 3011 coine

340 3041 422 3099 aaa?
468 3040 576 3113 Itaque
604 3042 664 3098 iam
687 3056 746 3099 nan
769 3045 840 3098 sant
862 3040 935 3117 dno,
964 3040 1020 3097 sed
1040 3056 1104 3099 nna
1126 3056 1210 3099 cara.
1260 3040 1351 3111 (laod

341 3144 414 3201 erpo
446 3128 529 3187 Dens
561 3130 732 3199 coniunxit,
765 3127 852 3187 bomo
883 3141 944 3186 non
973 3132 1103 3201 separet.
1150 3124 1271 3186 Certum
1303 3134 1351 3187 est

287 3231 322 3279 30
341 3216 432 3293 igitur
462 3214 625 3275 masculum
655 3222 685 3274 et
715 3215 854 3275 laminam
883 3214 925 3273 ita
955 3214 1093 3291 primitus
1120 3216 1286 3294 institutos,
1315 3222 1351 3275 ut

341 3321 420 3363 nunc
450 3302 586 3362 homines
615 3302 690 3363 duos
720 3303 830 3363 diversi
859 3318 948 3361 sexus
977 3301 1111 3362 videmus
1143 3311 1173 3362 et
1205 3305 1350 3384 novimus,

342 3406 434 3451 trusum
462 3399 561 3451 autem
590 3390 649 3451 dici
679 3390 723 3451 vel
750 3398 873 3469 propter
896 3391 1136 3453 coniunctionem
1158 3390 1204 3450 vel
1227 3400 1350 3469 propter

410 3564 437 3630 i)
457 3559 523 3617 Gen.
545 3567 569 3630 1,
588 3566 636 3629 ²⁷3
655 3562 698 3617 28.
735 3561 780 3629 29)
799 3560 849 3615 Mt.
870 3566 912 3628 19,
930 3565 948 3613 4
966 3578 1025 3630 sqq.

413 3792 447 3841 ii
466 3802 545 3855 quac.
566 3801 599 3839 ex
618 3800 702 3837 causa
720 3784 751 3837 ia
