3284 4459
534 532 575 572 nn
589 532 734 573 emmaus
747 532 801 572 om
812 533 839 574 n.
854 533 918 574 xm.
932 532 956 574 c.
969 533 1003 573 aa.
1195 518 1260 581 549

252 670 330 729 banc
358 670 522 728 orationem
550 668 736 727 occasionem
762 666 1029 745 perpetrandorum
1059 666 1166 727 cotidie
1197 685 1259 727 sce-

252 757 348 818 lerum
365 764 523 835 quiaerunt,
544 754 647 815 dicunt
665 753 821 814 Dominum
841 755 1021 833 significasse
1046 757 1132 815 etiam
1157 773 1260 833 magua

254 854 389 926 peccata,
417 846 554 923 quoniam
583 861 642 903 non
665 843 752 903 dixit:
778 842 934 923 „Dimittet
956 842 1039 902 vobis
1061 839 1185 923 parva“,
1209 842 1261 903 sed

250 941 384 1011 peccata
402 940 518 993 restro:
541 930 581 990 ibi
604 948 659 990 nos
682 930 904 991 considerantes
928 930 1063 1008 qualibus
1086 931 1262 1009 loquebatur

255 1031 285 1082 et
313 1020 467 1082 audientes
495 1020 608 1080 dictum
632 1026 763 1095 peccota
790 1026 892 1080 nestra
918 1018 991 1078 nihil
1018 1019 1096 1079 aliud
1120 1020 1297 1083 debemust)

256 1112 426 1170 existimare
454 1127 540 1187 quam
570 1126 676 1188 parva,
708 1109 846 1186 quoniam
877 1106 979 1167 talium
1007 1110 1063 1167 iam
1092 1126 1151 1168 non
1179 1116 1264 1169 erant

256 1216 370 1276 magna.
415 1196 524 1257 Verum
548 1204 645 1256 tamen
669 1214 724 1256 nec
747 1198 810 1274 ipsa
835 1214 950 1276 magna,
974 1214 988 1255 a
1013 1194 1121 1274 quibus
1144 1199 1263 1256 omnino

255 1288 378 1348 mutatis
406 1287 438 1345 in
465 1285 571 1345 melius
600 1284 733 1343 moribus
761 1284 960 1343 recedendum
989 1293 1047 1365 est,
1074 1283 1263 1345 dimittuntur

256 1373 424 1455 orantibus,
452 1376 510 1434 nisi
537 1373 587 1432 fiat
610 1372 688 1450 quod
712 1372 753 1432 ibi
776 1372 898 1432 dicitur:
927 1372 1015 1433 Sicut
1037 1381 1067 1434 et
1088 1390 1142 1434 nos
1164 1376 1262 1433 dimit-

255 1467 345 1523 timus
368 1463 554 1524 debitoribus
576 1464 694 1521 nostris.
740 1460 773 1520 Si
796 1462 875 1533 eninr
899 1462 1019 1521 minima
1042 1469 1175 1541 peccata,
1198 1464 1316 1525 siue10

256 1549 365 1629 quibus
389 1568 448 1611 uon
472 1559 518 1610 est
542 1551 629 1609 etiam
652 1551 710 1610 vita
732 1551 895 1630 iustorum,
918 1548 1003 1609 aliter
1026 1568 1085 1609 non
1109 1551 1263 1610 remittun-

255 1647 319 1699 tur:
349 1648 458 1717 quanto
486 1640 579 1716 magis
607 1628 765 1697 multis‘et
792 1639 905 1715 magnis
936 1636 1109 1698 criminibus
1131 1637 1264 1716 involuti,

255 1728 369 1787 etiamsi
398 1745 431 1787 ea
459 1734 632 1805 perpetrare
660 1727 718 1785 iam
741 1725 891 1805 desinant,
918 1725 1028 1786 nullam
1051 1726 1264 1804 indulgentiam

255 1823 489 1894 consequuntur,
512 1816 538 1874 si
560 1814 596 1874 ad
619 1812 829 1875 remittendum
852 1813 930 1894 aliis,
954 1815 1032 1892 quod
1055 1817 1085 1875 in
1109 1833 1160 1875 eos
1184 1817 1263 1893 quis-

255 1921 313 1982 que
341 1905 521 1983 peccaverit,
549 1901 744 1962 inexorabiles
767 1902 892 1982 inerint,
916 1920 984 1962 cum
1007 1902 1085 1962 dicat
1107 1902 1262 1964 Dominus:
1283 1918 1316 1965 15
1355 1956 1357 1963 .

255 1992 293 2052 Si
313 2000 414 2052 autem
441 2008 501 2052 non
529 1993 704 2051 dimiseritis
726 1992 908 2065 bominibus,
935 2009 1032 2065 neque
1051 1998 1142 2067 poter
1165 1999 1264 2053 vester

256 2083 386 2141 dimittet
412 2081 503 2140 vobit.
549 2078 592 2138 Ad
620 2077 677 2138 hoc
705 2080 784 2137 enim
811 2078 888 2139 valet
916 2078 994 2157 quod
1022 2082 1110 2139 etiam
1140 2079 1263 2140 lacobus

255 2168 406 2247 apostolus
429 2169 469 2227 ait
491 2167 634 2227 iudicium
657 2167 791 2228 loturum
815 2168 879 2227 sine
903 2168 1104 2227 misericordia
1127 2167 1182 2247 illi,
1213 2169 1264 2245 qui

255 2273 315 2315 non
335 2257 406 2315 lecit
424 2254 666 2315 misericordiam.
711 2252 817 2313 Venire
837 2257 946 2334 quippe
970 2253 1058 2315 debet
1079 2257 1111 2314 in
1133 2264 1264 2316 mentem

256 2346 346 2404 etiam
369 2360 473 2403 servus
496 2341 557 2421 ille,
581 2344 630 2402 cui
653 2340 781 2402 debitori
803 2342 941 2403 domiuus
964 2346 1028 2403 eius
1051 2342 1191 2404 relaxavit
1214 2343 1262 2402 de·
1282 2356 1316 2405 20

254 2449 321 2492 cern
340 2430 418 2491 milia
437 2430 626 2511 talentorum,
649 2448 724 2508 quae
742 2439 846 2509 postea
863 2433 951 2491 iussit
969 2439 1002 2492 ut
1025 2431 1172 2510 redderet,
1195 2433 1264 2510 quia

254 2523 318 2599 ipse
346 2536 406 2579 non
434 2520 574 2579 misertus
602 2526 647 2578 est
675 2520 811 2578 conservi
834 2521 894 2599 sui,
922 2522 972 2598 qui
996 2521 1024 2579 ei
1047 2517 1173 2579 debebat
1195 2538 1263 2579 cen·

255 2618 319 2669 tum
342 2607 488 2668 denarios.
533 2606 566 2667 ln
589 2605 636 2666 bis
660 2624 740 2687 ergo,
764 2609 814 2684 qui
838 2606 889 2667 lilii
913 2614 983 2667 sunl
1007 2609 1211 2685 promissionis
1234 2614 1265 2667 el

254 2713 322 2755 vasa
350 2695 585 2776 misericordiae,
612 2694 689 2754 valet
717 2694 794 2772 quod
824 2698 864 2755 ait
886 2696 964 2755 idem
987 2694 1137 2773 apostolus
1161 2714 1263 2756 conse·

256 2792 383 2862 quenter
420 2783 596 2862 adiungens:
647 2784 867 2859 Supereaeultat
905 2790 1006 2844 nartem
1050 2787 1264 2846 misericordia
1282 2796 1317 2846 25

256 2875 379 2946 iudicio,
403 2874 541 2950 quoniam
560 2880 590 2932 et
607 2871 650 2932 illi
668 2873 748 2950 iusti,
772 2874 823 2948 qui
846 2879 926 2931 tanta
945 2874 1099 2932 sanctitate
1119 2874 1265 2954 vixerunt,

255 2969 289 3020 ut
307 2960 380 3020 alios
398 2977 517 3039 quoque
537 2962 682 3039 recipiant
700 2961 730 3019 in
754 2958 943 3020 tabernacula
967 2968 1094 3040 aeterna,
1117 2979 1134 3021 a
1156 2960 1264 3040 quibus

255 3050 341 3109 amici
364 3049 433 3108 iacti
455 3055 527 3108 sunl
549 3047 585 3108 de
609 3064 773 3107 mammona
795 3049 976 3128 iniquitatis,
1003 3057 1037 3109 ut
1060 3049 1132 3109 tales
1156 3058 1264 3128 essent,

255 3136 457 3197 misericordia
488 3134 605 3196 liberati
637 3142 708 3194 sum
737 3134 773 3194 ab
803 3153 855 3215 eo,
885 3138 937 3214 qui
964 3138 1103 3197 iustificat
1132 3138 1265 3215 impium,

254 3228 403 3303 imputans
435 3221 603 3284 mercedem
636 3222 798 3282 secundum
832 3226 972 3305 gratiam,
1009 3242 1068 3285 non
1102 3224 1265 3284 secundum
1284 3237 1319 3285 30

254 3312 395 3373 debitum.
441 3311 475 3372 ln
494 3329 598 3372 eorum
617 3312 726 3390 quippe
750 3329 875 3370 numero
899 3321 944 3371 est
967 3312 1126 3392 apostolus,
1149 3314 1200 3390 qni
1223 3312 1265 3372 di-

254 3403 308 3460 cit:
331 3402 580 3461 Misericordiam
602 3406 782 3459 consecutus
803 3416 878 3473 sum,
901 3407 936 3460 dt
955 3402 1056 3473 fidelis
1079 3417 1181 3460 essem.

326 3521 369 3587 17)
387 3517 437 3571 Mt.
458 3521 540 3584 c‚1s.
579 3516 792 3586 19)Iac.2‚13.
832 3518 875 3585 aa)
894 3516 944 3569 Ma.
962 3520 1116 3585 ramsqq.
1155 3515 1267 3585 rcfluo.

253 3594 336 3657 213.
387 3590 431 3657 ae)
450 3587 495 3641 Lo.
517 3592 559 3655 rc,
574 3593 598 3642 o.
650 3589 694 3654 aa)
714 3594 738 3640 1.
758 3585 818 3640 dor.
840 3591 864 3654 r,
879 3592 920 3640 25.

325 3727 359 3774 14
382 3721 589 3787 consequantur
606 3719 646 3784 Aa
668 3721 803 3788 -quentur
826 3738 844 3775 a
864 3722 873 3788 ΙΙ
893 3718 923 3771 in
947 3734 994 3773 eos
1019 3718 1060 3775 12²
1083 3719 1123 3789 (in
1146 3736 1195 3773 om.
1216 3720 1268 3788 ΕΙ)

255 3794 325 3848 Gur
344 3795 501 3859 (548,16);
523 3790 554 3844 in
575 3790 616 3845 eie
634 3790 753 3862 App&
777 3791 831 3857 eis,
850 3807 900 3845 cm.
920 3790 962 3857 in,
982 3808 995 3846 c
1013 3794 1022 3861 ΙΙ
1040 3796 1073 3843 2'1
1094 3806 1111 3843 a
1129 3806 1178 3846 om.
1199 3790 1268 3845 be'n
