3284 4459
333 503 396 566 160
731 515 752 558 s,
766 513 933 558 aooosrnu
1003 521 1006 530 ‚

331 650 470 714 ieiicitate
498 650 640 712 sublimis.
691 649 764 710 Nam
793 659 935 729 quantum
963 649 998 710 ad
1027 649 1245 712 multitudinem
1273 669 1340 732 per-

332 741 421 819 tinet,
453 739 522 818 qnid
552 746 628 800 sunt
660 737 761 799 stellae
793 738 866 798 caeli
898 738 933 798 ad
962 739 1101 799 harenam
1130 735 1251 800 terrae?
1283 741 1341 802 nisi

332 829 398 906 quis
421 835 452 888 et
473 828 560 888 istam
588 829 836 906 comparationem
867 829 897 887 in
921 835 1036 888 tantum
1059 845 1125 887 csse
1148 826 1274 889 similem
1297 827 1341 888 di-

332 923 387 996 cat,
410 917 440 975 in
459 924 601 994 quantum
620 918 709 976 etiam
732 915 832 976 stellae
856 915 1037 976 dinumerari
1060 933 1120 975 non
1144 915 1249 996 valent,
1272 919 1342 995 quia

296 1015 387 1065 onec
410 1021 513 1064 omnes
531 1022 581 1065 eas
604 1003 696 1064 videri
718 1021 805 1082 posse
830 1003 1011 1064 credendum
1034 1013 1088 1064 est.
1133 1003 1206 1065 Nam
1230 1013 1342 1083 quanto

332 1094 458 1171 quisque
491 1094 607 1153 acutius
638 1094 786 1172 intuetur,
817 1100 900 1153 tanto
932 1092 1033 1171 plnres
1064 1092 1151 1153 videt.
1197 1091 1280 1154 Unde
1310 1103 1342 1154 et

331 1183 475 1242 acerrime
503 1179 694 1242 cernentibus
721 1179 834 1258 aliquas
863 1180 994 1241 occultas
1022 1199 1086 1242 esse
1110 1183 1216 1243 merito
1240 1184 1341 1242 existi·

331 1277 441 1349 matur,
468 1271 599 1349 exceptis
626 1271 670 1329 eis
693 1268 854 1348 sideribus,
883 1287 958 1347 quae
981 1271 1012 1329 in
1035 1268 1089 1328 aiia
1112 1277 1196 1348 parte
1219 1269 1341 1330 orbis'a

330 1356 417 1418 nobis
447 1359 643 1418 remotissima
672 1359 745 1418 oriri
772 1366 802 1417 et
832 1357 968 1418 occidere
998 1356 1201 1437 perhibentur.
1254 1357 1341 1418 Post-

280 1456 313 1504 ro
331 1444 415 1506 remo
446 1448 626 1525 quicumque
653 1447 826 1506 raniversum
855 1445 1007 1507 stellarum
1035 1463 1192 1506 numerum
1215 1464 1341 1526 conpre-

332 1533 470 1595 hendisse
499 1542 529 1594 et
557 1536 770 1614 conscripsisse
797 1536 958 1614 iactantur,
982 1536 1059 1595 sicut
1082 1535 1189 1594 Aratus
1212 1533 1257 1596 rel
1279 1533 1341 1595 Eu·

332 1621 427 1683 doxus
458 1621 504 1682 rei
536 1624 562 1682 si
593 1624 645 1700 qni
676 1621 724 1682 aiii
757 1631 840 1704 sunt,
872 1641 924 1682 eos
955 1621 1024 1683 libri
1056 1621 1144 1682 buius
1178 1626 1347 1685 contemnit·

331 1712 499 1771 auctoritas.
544 1709 599 1770 Hic
623 1728 693 1770 sane
715 1709 763 1770 iha
786 1713 934 1771 sententia
956 1713 1092 1790 ponitur,
1115 1713 1200 1772 cuius
1223 1721 1342 1791 aposto·

331 1798 378 1860 lus
401 1801 535 1859 meminit
557 1806 680 1878 propter
702 1797 755 1858 Dei
778 1801 902 1878 gratiam
925 1799 1199 1860 commendandam:
1235 1801 1341 1861 Credi·

279 1898 312 1945 ro
331 1889 378 1948 dit
398 1889 554 1948 Abraham
573 1887 645 1961 Deo,
668 1894 699 1947 et
720 1889 896 1963 deputatum
919 1894 964 1948 est
986 1890 1032 1949 uti
1052 1890 1096 1948 od
1117 1891 1278 1958 iustitiam
1300 1907 1342 1950 ne

331 1977 518 2035 circumcisio
545 1975 722 2054 gloriaretur
749 1984 913 2054 gentesque
940 1977 1162 2037 incircumcisas
1187 1976 1226 2037 ad
1250 1976 1341 2038 fldem

331 2062 441 2123 Christi
473 2063 562 2124 noiiet
589 2064 711 2125 admitti.
757 2063 819 2124 Hoc
843 2059 921 2124 enim
946 2065 1062 2143 quando
1086 2065 1195 2126 iactum
1219 2072 1277 2145 est,
1305 2074 1347 2142 ut¹

331 2152 464 2213 eredenti
494 2152 626 2213 Abrahae
654 2151 847 2231 deputaretur
875 2152 947 2213 tides
971 2152 1006 2213 ad
1029 2155 1184 2234 iustitiam,
1201 2150 1346 2214 'nondum'

330 2241 428 2302 fraenat
449 2243 652 2302 circumcisus.

277 2445 311 2494 eo
643 2439 646 2442 ’
705 2427 821 2496 (iarun
845 2429 962 2496 XXIV.
1027 2446 1028 2450 ’

330 2561 377 2621 De
398 2555 623 2645 sipmfieott‘otte
644 2561 803 2647 sacrificii,
826 2535 909 2634 quod
929 2555 1086 2647 Abraham
1110 2555 1225 2634 offerre
1244 2525 1340 2638 pree·
1416 2549 1418 2552 ⁴
1466 2539 1467 2602 Ᾰ

348 2657 452 2725 ceptus
475 2654 528 2723 est,
551 2665 619 2708 eum
637 2649 948 2798 poposcgzessetgpde
970 2647 1018 2708 bic
1040 2665 1120 2722 quae
1143 2650 1324 2710 crediderat
1466 2639 1467 2664 ¹

287 2917 290 2920 ,
419 2857 452 2918 in
482 2857 586 2920 eodem
614 2859 678 2920 visu
706 2858 975 2938 cumdoqneretur
1003 2861 1031 2920 ei
1054 2858 1147 2939 Deus,
1167 2862 1257 2922 etiam
1282 2861 1347 2930 hoo,

277 2957 311 3006 25
330 2948 372 3015 ait
394 2945 430 3007 ad
452 2946 549 3008 ihum:
582 2947 648 3022 Eoo
670 2948 765 3022 Deus,
792 2950 847 3022 qut
869 2949 1015 3016 eduxite
1038 2949 1076 3010 de
1098 2951 1224 3022 regione
1249 2950 1345 3020 Chat-1

330 3036 490 3110 daeorom,
521 3042 557 3096 ut
583 3037 650 3096 dem
677 3037 734 3096 titt
759 3044 875 3096 terram
902 3037 996 3109 hene,
1028 3043 1064 3096 ut
1088 3037 1241 3098 heressis
1263 3041 1339 3100 eius.

330 3121 387 3184 Ubi
417 3141 486 3184 cum
515 3125 728 3202 interrogasset
760 3122 907 3184 Abraham
937 3123 1107 3194 secundum
1135 3124 1205 3203 qnid
1237 3127 1340 3208 sciret,

331 3211 411 3289 qnod
420 3210 513 3272 heres
528 3213 593 3280 eius
612 3214 678 3291 erit,
700 3211 774 3271 dixit
792 3210 834 3271 iili
848 3210 941 3277 Deus:
964 3213 1078 3290 Accipe
1092 3215 1167 3274 mihi
1179 3215 1340 3278 iuvencam

287 3340 291 3355 ,
316 3302 453 3372 ,trimam
470 3306 646 3377 etcapram
663 3303 785 3370 trimam
807 3307 838 3360 et
853 3303 984 3366 arietem
1000 3303 1122 3362 trimum
1140 3308 1170 3362 et
1187 3309 1345 3380 tortorem

278 3399 312 3448 so
331 3395 362 3460 et
382 3389 557 3457 columbam.
602 3388 856 3463 acceptatorem
884 3391 929 3449 tut
954 3389 1031 3451 haee
1060 3391 1161 3452 omnio
1183 3397 1214 3452 et
1235 3392 1340 3453 diuisit

404 3501 447 3569 15)
466 3499 526 3566 Gal.
546 3506 571 3567 3,
586 3506 615 3568 ὃς
633 3501 713 3556 Rom.
732 3509 803 3570 4,3ς
821 3503 889 3561 Gen.
910 3509 952 3571 15,
967 3510 991 3560 6.
1029 3508 1073 3576 27)
1091 3505 1162 3576 Aug.
1178 3505 1290 3571 Quaesb.
1310 3507 1343 3561 in

330 3569 415 3640 Heph.
436 3575 495 3638 117,
511 3570 646 3639 rczyoh.
716 3579 720 3587 ’

404 3700 418 3747 ‘t
438 3693 636 3820 01111111ὲῆ11
653 3695 753 3750 mouit
768 3698 872 3752 boone
889 3699 921 3783 ip
939 3699 966 3753 A
979 3702 988 3770 lt
1004 3707 1034 3754 11
1055 3671 1085 3754 et
1100 3717 1207 3785 consor.
1225 3717 1276 3756 om.
1293 3703 1343 3774 Π

332 3771 370 3890 bg
385 3765 537 3891 fffgoffir
586 3765 659 3837 ψῃ
672 3765 789 3861 ῌοῇπιιὲς
809 3771 962 3862 apponitur
979 3771 1009 3825 b¹
1021 3773 1030 3840 11
1044 3775 1079 3864 aa
1097 3769 1275 3862 rupepculsm
1291 3774 1347 3862 idq
