3284 4459
341 493 406 558 308
745 502 947 546 sanoosmu

343 650 400 725 tur,
424 639 475 701 ubi
493 648 523 700 et
541 639 613 700 haec
636 637 790 718 prophetia
812 647 1061 698 commemoratur
1083 656 1120 698 ex
1142 648 1236 719 parte,
1257 657 1347 719 quao-

343 739 417 790 tum.
437 727 480 788 iili
511 727 576 788 loco
608 727 746 787 sufficere
774 727 869 785 visum
899 734 953 786 est
998 725 1062 785 Alio
1090 725 1155 786 loco
1185 726 1221 786 ad
1250 730 1347 806 ipsum

342 817 493 878 Christum
511 818 542 876 in
561 817 668 894 spiritu
686 813 859 893 prophetiae
877 813 1002 892 loquens
1023 813 1061 874 de
1084 817 1259 876 remissione
1282 835 1348 896 pec·

342 914 477 966 catorum
500 921 554 983 per
577 905 641 964 eius
664 904 851 981 sanguinem:
877 901 920 962 in
943 919 1074 978 qaoqae,
1096 904 1202 982 inquit,
1225 907 1257 965 in
1278 922 1347 965 san·

307 996 434 1069 apstine
452 995 621 1053 testamenti
638 993 685 1050 tui
701 993 827 1051 emisisti
843 992 959 1050 vinctos
981 998 1048 1050 taos
1071 992 1110 1051 de
1131 993 1211 1066 ioca,
1235 995 1267 1052 in
1290 1009 1348 1067 qno

341 1099 401 1142 non
423 1088 469 1143 est
490 1098 580 1156 aqua.
626 1078 702 1149 Quid
726 1095 780 1157 per
803 1077 883 1138 hunc
905 1076 1001 1137 lacum
1024 1077 1094 1139 velit
1116 1079 1259 1159 intellegi,
1282 1098 1348 1158 pos-

342 1178 412 1230 sunt
434 1168 549 1228 diversa
572 1169 676 1228 sentiri
704 1167 791 1226 etiarn
815 1166 979 1226 secundum
1002 1175 1114 1226 rectam
1137 1166 1232 1228 fidem.
1278 1168 1349 1228 hiihi

342 1267 440 1318 tamen
459 1256 576 1317 videtur
595 1273 654 1315 uon
672 1273 708 1315 eo
727 1253 887 1332 significari
910 1253 1024 1335 nehus,
1047 1256 1104 1314 nisi
1127 1253 1272 1315 humanae
1297 1259 1348 1316 rni-

342 1348 436 1407 seriae
468 1343 700 1424 profunditatem
732 1345 841 1402 siccam
872 1341 1000 1421 quodam
1029 1342 1116 1403 modo
1149 1352 1180 1404 et
1208 1343 1349 1424 sterilem,

291 1446 324 1494 10
343 1433 395 1495 uhi
418 1451 477 1494 non
501 1440 571 1492 sunt
593 1431 703 1492 fluenta
725 1431 871 1511 iustitiae,
894 1429 946 1489 sed
969 1431 1134 1508 iniquitatis
1157 1431 1261 1492 lutum.
1307 1431 1348 1492 De

342 1521 399 1582 hoc
427 1523 534 1600 qnippe
563 1522 652 1580 etiarn
679 1521 710 1580 in
736 1517 849 1598 psalmo
881 1517 1003 1579 dicitur:
1035 1519 1076 1578 Et
1102 1521 1211 1580 eduxit
1236 1537 1285 1594 ma
1312 1522 1350 1583 de

342 1613 412 1671 lacu
436 1611 577 1670 miseriae
599 1614 630 1669 et
651 1609 689 1669 de
711 1609 772 1668 luto
795 1609 867 1668 limi.

430 1696 584 1758 Malachiae
612 1693 792 1775 prophetans
815 1693 983 1774 ecclesiam,
1010 1713 1098 1773 quam
1120 1713 1175 1774 per
1198 1694 1349 1757 Christum

342 1787 492 1846 cernimus
510 1793 707 1865 propagatam,
730 1782 845 1843 ludaeis
865 1783 1049 1862 apertissime
1069 1782 1141 1843 dicit
1163 1801 1199 1843 ex
1222 1801 1349 1862 persona

292 1887 323 1934 15
342 1872 409 1934 Dei:
433 1875 499 1935 Non
516 1879 562 1934 est
578 1874 653 1933 mihi
669 1875 806 1933 voluntas
825 1874 857 1932 in
875 1869 966 1945 nobes,
989 1878 1020 1931 et
1040 1888 1149 1932 manas
1171 1889 1231 1932 non
1253 1890 1349 1933 susce·
1464 1898 1465 1909 κ

338 1965 423 2038 piam
456 1963 493 2024 de
527 1978 619 2021 mann
650 1968 761 2022 nestra.
806 1961 853 2020 An
884 1967 953 2021 orta
981 1962 1060 2020 enim
1086 1962 1158 2020 solis
1184 1977 1280 2035 usqae
1308 1962 1351 2021 ad

342 2067 483 2112 occasum
510 2066 652 2124 mannam
679 2065 785 2109 nomen
808 2047 905 2108 meam
928 2050 959 2107 in
979 2049 1134 2122 pentibus,
1162 2054 1192 2108 et
1214 2051 1245 2108 in
1269 2052 1352 2109 omni

342 2141 407 2200 ioco
429 2139 659 2211 sacrificabitur
681 2145 711 2198 et
733 2137 882 2211 offeretur
907 2138 1023 2196 nomini
1043 2153 1108 2197 meo
1130 2138 1241 2197 oblatio
1264 2154 1349 2207 man·

343 2229 401 2299 da;
423 2230 495 2303 qaia
517 2243 659 2301 mannam
677 2243 783 2286 nomen
806 2241 903 2284 meam
926 2227 958 2285 in
978 2225 1127 2298 pentibus,
1151 2225 1227 2284 dicit
1248 2225 1349 2286 Domi-

290 2328 323 2376 20
343 2334 407 2376 nas.
453 2314 516 2374 iioc
544 2314 720 2375 sacrificium
747 2330 801 2392 per
831 2310 1029 2372 sacerdotium
1051 2310 1163 2372 Christi
1184 2313 1360 2376 secundum-

343 2400 477 2464 ordihem
508 2400 723 2463 Melchisedech
752 2418 820 2460 cum
857 2401 888 2460 in
921 2401 1001 2459 omni
1033 2399 1098 2459 loco
1130 2418 1147 2461 a
1178 2399 1248 2461 solis
1280 2410 1350 2463 ortu

342 2509 437 2570 usqne
466 2489 501 2550 ad
529 2507 666 2550 occasum
689 2487 750 2548 Deo
772 2490 831 2547 iam
858 2487 1008 2549 videamus
1031 2488 1145 2568 offerri,
1171 2489 1350 2550 sacrificium

343 2587 441 2639 autem
460 2577 644 2657 iudaeorum,
663 2575 771 2654 quihus
791 2575 902 2636 dictum
921 2585 979 2636 est:
1003 2577 1071 2637 Non
1089 2583 1135 2637 est
1149 2578 1224 2637 mihi
1245 2580 1350 2638 noian-

343 2673 390 2726 tas
419 2670 450 2727 in
476 2668 571 2741 nohis,
599 2682 655 2727 nec
683 2667 834 2740 accipiam
865 2681 974 2725 manas
1000 2665 1039 2725 de
1067 2666 1205 2725 manibus
1232 2670 1351 2740 nestris,

291 2765 324 2815 ao
344 2771 476 2814 cessasse
499 2771 606 2832 negare
631 2769 689 2812 non
716 2754 845 2830 possint:
869 2751 939 2830 qnid
963 2751 1058 2812 adhuc
1081 2760 1237 2832 expectant
1259 2753 1351 2813 alium

343 2840 503 2920 Christum,
526 2839 678 2915 cambac,
702 2838 780 2918 quod
799 2840 1008 2919 prophetatum
1026 2839 1128 2920 legunt
1146 2850 1177 2900 et
1194 2841 1352 2920 impletum

342 2929 451 3009 vident,
475 2927 591 3008 impleri
615 2946 674 2988 non
697 2931 830 3008 potuerit
853 2931 910 2988 nisi
933 2924 1129 3008 peripsum?
1170 2927 1246 2988 Dicit
1269 2932 1353 2992 enim

342 3017 429 3098 paulo
459 3027 527 3096 post
554 3016 590 3077 de
613 3019 677 3096 ipso
705 3033 742 3076 ex
764 3034 891 3095 persona
914 3014 980 3077 Dei:
1012 3015 1230 3078 Testamentum
1252 3035 1353 3080 meam

342 3114 412 3168 erat
429 3123 497 3166 cam
516 3123 550 3167 eo
573 3109 652 3166 vitae
675 3110 705 3166 et
722 3107 819 3180 pacis,
843 3112 872 3165 et
894 3106 967 3186 dedi
987 3109 1024 3177 ei,
1046 3113 1081 3164 nt
1102 3109 1209 3168 timore
1231 3111 1354 3170 timeret

290 3207 324 3256 30
343 3212 402 3268 me,
431 3202 460 3254 et
487 3211 508 3254 a
531 3192 617 3269 socie
643 3195 771 3254 nominis
793 3196 854 3271 mei
874 3200 1077 3255 reverenciam
1123 3195 1190 3255 Lea
1211 3199 1354 3258 veritatis

343 3289 413 3343 erat
435 3285 466 3344 in
489 3299 543 3344 ore
561 3285 663 3358 ipsias,
687 3284 719 3342 in
736 3298 818 3358 pace
837 3283 974 3356 diriperes
996 3282 1161 3343 ambulavit
1182 3300 1297 3344 mecam
1321 3293 1355 3346 et
1464 3312 1465 3343 t

342 3374 449 3432 maltos
472 3373 621 3432 convertit
643 3369 682 3430 ab
705 3371 882 3444 iniquitate;
911 3372 1053 3445 qnoniam
1076 3371 1158 3430 labia
1180 3375 1354 3434 sacerdotis

349 3560 352 3566 ·
414 3545 441 3608 a)
460 3540 541 3594 nach.
561 3545 586 3607 o,
606 3544 647 3594 11.
687 3541 730 3606 ra)
749 3538 793 3593 Pa.
813 3545 856 3606 aa,
875 3545 900 3594 a.
936 3538 1224 3611 20)Ma1.1,10aq.

370 3818 372 3823 ,
413 3762 1354 3838 1amagnumesiaottaoposaint1ide3possuan3possunio
1464 3792 1465 3819 t
