3284 4459
345 506 411 568 462
756 516 777 559 s.
791 518 956 561 accuso-nrt

346 661 376 713 et
402 655 432 713 in
461 653 545 714 malis
574 652 706 715 membra
737 652 783 713 vei
817 653 958 714 cadavera
986 656 1189 717 nominantur:
1218 657 1354 734 proiecto

345 750 411 821 post
438 743 688 802 resurrectionem
715 742 829 821 carnis,
855 744 941 802 curius
968 741 1041 802 fides
1069 742 1115 803 his
1144 760 1244 804 rerum
1269 763 1353 804 vuca-

345 827 423 889 buiis
445 832 565 889 omnino
587 830 735 910 firmatur,
763 829 848 904 iilud,
877 849 936 909 quo
964 829 1032 890 boni
1057 840 1086 892 et
1110 831 1178 891 mali
1202 834 1264 892 suis
1288 833 1352 893 tini-

345 916 401 977 bus
424 917 611 1000 dirimentur,
634 919 767 979 iuturum
791 936 857 979 csse
880 918 1021 979 iudicium
1045 918 1220 981 declaratur.

310 1212 326 1261 o
727 1194 846 1262 Oarur
865 1196 968 1261 XXII.

350 1326 454 1397 Qualis
470 1324 581 1400 futuru
598 1329 639 1385 stt
656 1328 788 1399 egressio
808 1333 985 1386 sauctorum
1008 1328 1052 1387 ad
1072 1328 1218 1387 videndas
1237 1344 1355 1403 poenas

771 1417 928 1474 mulorum.
955 1464 957 1469 .

434 1536 491 1597 Sed
516 1555 575 1616 quo
600 1537 686 1597 modo
710 1536 900 1616 egredientur
928 1535 998 1596 boni
1020 1536 1056 1597 ad
1081 1536 1219 1597 videndas
1243 1555 1354 1617 poenas

346 1621 511 1685 malorum?
555 1623 704 1703 Numquid
733 1626 868 1703 corporis
896 1632 978 1685 motu
1008 1624 1108 1685 beatas
1131 1625 1195 1685 illas
1219 1626 1354 1687 relicturi

295 1727 327 1773 ιο
346 1720 416 1773 sunt
445 1712 530 1773 sedes
563 1721 594 1773 et
621 1712 656 1773 ad
685 1712 748 1773 loca
776 1712 907 1791 poenalia
935 1716 1118 1792 perrecturi,
1147 1723 1182 1775 ut
1209 1714 1354 1775 malorum

346 1809 493 1862 tormenta
528 1803 712 1880 conspiciant
748 1804 915 1880 praesentia
952 1798 1121 1880 corporali?
1165 1801 1262 1881 Absit3
1299 1803 1352 1862 sed

346 1887 535 1967 egredientur
562 1908 617 1969 per
647 1891 808 1950 scientiam.
855 1888 917 1949 Hoc
940 1892 1019 1950 enim
1042 1888 1132 1950 verbo
1156 1891 1353 1969 significatum

346 1985 392 2037 est
414 1995 466 2037 cos
489 1980 541 2057 qui
559 1976 772 2038 cruciabuntur
795 1985 879 2037 extra
902 1978 1026 2038 iuturus.
1072 1977 1199 2057 Propter
1222 1978 1300 2057 quod
1323 1988 1354 2040 et

346 2064 489 2126 dominus
518 2084 551 2126 ea
581 2065 645 2126 loca
674 2066 811 2126 tenebras
839 2068 1003 2127 exteriores
1028 2076 1123 2146 vocat,
1151 2066 1259 2145 quibus
1283 2085 1353 2127 con·

295 2166 327 2213 15
346 2156 455 2214 trarius
479 2164 525 2214 est
547 2154 595 2215 iile
619 2157 780 2233 ingressus,
803 2154 840 2214 de
864 2172 923 2232 quo
946 2154 1055 2215 dicitur
1078 2172 1163 2214 servo
1187 2154 1278 2217 bono:
1301 2156 1352 2217 Irr-

345 2250 397 2303 tra
424 2246 455 2303 in
482 2246 630 2318 gaudium
653 2243 775 2304 Domini
800 2246 862 2313 tui;
889 2261 926 2302 ne
955 2241 1024 2303 illuc
1052 2242 1119 2302 mali
1142 2250 1285 2321 putentur
1308 2245 1352 2303 in-

346 2331 438 2411 gredi,
462 2340 495 2392 ut
513 2333 653 2406 sciantur,
676 2330 728 2391 sed
747 2330 783 2391 ad
801 2330 867 2390 illos
885 2333 984 2408 potius
1004 2330 1083 2391 velut
1102 2332 1202 2409 egredi
1221 2332 1352 2412 scientia,

346 2438 403 2499 qua
419 2438 482 2480 eos
514 2421 662 2499 cognituri
694 2427 777 2498 sunt,
809 2417 892 2499 boni,
926 2420 993 2497 quia
1027 2420 1055 2479 id
1085 2419 1165 2497 quud
1195 2428 1278 2479 extra
1307 2430 1354 2480 est

346 2510 494 2586 cognituri
522 2517 600 2569 sunt.
646 2508 704 2578 Qui
732 2510 810 2566 enim
839 2515 927 2566 erunt
957 2509 987 2567 in
1011 2510 1127 2587 poenis,
1155 2507 1225 2586 quid
1249 2518 1353 2587 agatur

190 2586 194 2593 ’
293 2597 427 2655 adiutus
454 2597 484 2656 in
511 2595 617 2673 gaudio
645 2594 762 2655 Itomini
789 2597 936 2675 nescient3
965 2596 1016 2673 qui
1043 2613 1112 2655 vero
1137 2604 1225 2656 eruut
1248 2597 1279 2655 in
1302 2596 1353 2656 ilio

345 2684 470 2764 gaudio,
501 2682 573 2761 quid
605 2692 708 2761 agatur
740 2684 812 2743 ioris
843 2684 874 2742 in
907 2682 964 2743 iliis
992 2683 1123 2743 tenebris
1154 2684 1353 2745 exterioribus

346 2772 448 2831 scient
493 2770 562 2831 ideo
595 2770 706 2832 dictum
738 2780 797 2832 est:
830 2772 1053 2845 Egredientur,
1086 2774 1153 2850 quia
1182 2790 1233 2832 eos
1264 2774 1354 2833 etiam

346 2876 421 2937 quac
454 2858 526 2919 ioris
558 2858 594 2918 ab
622 2860 665 2919 eis
693 2868 781 2920 erunt
810 2862 911 2937 utique
941 2877 999 2918 non
1030 2858 1172 2920 latebunt.
1219 2859 1251 2920 Si
1274 2863 1354 2921 enim

345 2947 418 3006 haec
450 2946 611 3025 prophetae
643 2947 773 3008 nondum
802 2948 877 3007 iacta
905 2965 992 3007 nosse
1018 2956 1181 3026 potuerunt
1211 2967 1264 3026 per
1287 2948 1355 3030 hoc,

294 3048 327 3096 25
346 3034 425 3115 quod
449 3043 513 3095 erat
535 3034 631 3114 Deus,
659 3035 962 3114 quantulumcumque
985 3044 1064 3117 erat,
1093 3037 1123 3095 in
1146 3054 1249 3096 eorum
1275 3055 1354 3097 mor·

345 3123 447 3184 talium
475 3122 637 3185 mentibus:
669 3141 727 3202 quo
757 3123 843 3184 modo
871 3125 1042 3184 inmortales
1069 3126 1163 3184 sancti
1191 3128 1248 3184 iam
1277 3125 1355 3185 iacta

346 3221 417 3272 tunc
440 3214 583 3291 nescient,
606 3229 673 3271 cum
697 3211 775 3273 Deus
799 3214 857 3272 erit
879 3213 976 3271 omnia
999 3214 1029 3271 in
1052 3209 1212 3274 omnibus?
1258 3212 1355 3274 Stabit

347 3318 416 3379 ergo
444 3302 474 3361 in
501 3298 550 3360 ilia
577 3299 759 3360 beatitudine
786 3308 956 3361 sanctorum
984 3316 1085 3360 semen
1109 3309 1139 3360 et
1161 3316 1283 3381 nomen3
1308 3320 1353 3363 se·

346 3405 414 3449 men
437 3388 551 3449 scilicet
574 3387 610 3447 de
633 3405 692 3467 quo
716 3387 860 3448 Iohannes
884 3390 937 3449 ait:
961 3388 1001 3448 Et
1022 3405 1121 3449 semen
1145 3393 1210 3449 eius
1234 3393 1265 3450 in
1289 3392 1354 3466 ipso

419 3561 462 3625 ιι)
479 3559 530 3612 uec.
550 3564 593 3625 aa,
612 3564 654 3613 ao.
693 3557 794 3625 1o)1u.
813 3563 856 3611 21.
893 3560 938 3625 aa)
961 3563 982 3612 1.
1002 3557 1062 3613 dor.
1084 3564 1124 3623 ro,
1143 3564 1186 3613 aa.

419 3792 451 3840 23
471 3799 541 3852 quae
560 3784 588 3838 R
606 3785 670 3849 (21;
687 3785 754 3848 26);
774 3781 823 3848 qui
842 3782 1053 3853 Acnaoeppv
1073 3788 1148 3851 (461,
1161 3789 1210 3852 10)
