3284 4459
570 513 610 552 ore
624 511 768 553 omunmu
781 514 835 553 om
848 513 874 552 n.
888 513 963 553 xxn.
977 512 1001 553 o.
1016 514 1050 555 11.
1237 498 1303 563 585

293 649 454 707 momentis
483 649 562 707 enim
584 648 730 728 propriis,
756 654 790 707 ut
812 645 947 706 ordinem
971 665 1058 707 suum
1080 654 1216 728 teneant,
1244 650 1303 708 sin·

293 736 361 815 gula
381 736 527 795 elementa
545 734 700 795 librantur.
746 733 822 795 Ecce
847 734 982 813 qualibus
1005 738 1186 815 argumentis
1209 737 1302 795 omni-

294 826 444 904 potentiae
464 823 517 883 nei
535 822 662 883 bumana
681 824 857 884 contradicit
873 824 1038 903 infirmitas,
1061 842 1149 902 quarn
1172 825 1304 903 possidet

294 915 416 973 vanitas.
463 910 539 983 Quid
568 930 638 990 ergo
669 912 780 971 iaciunt
806 914 837 971 in
865 930 933 971 aere
961 920 1079 972 terrena
1102 920 1147 973 tot
1169 930 1303 993 corpora,

295 1019 366 1062 cnm
390 1019 407 1061 a
429 1009 510 1061 terra
532 1002 571 1059 sit
593 1017 644 1059 aer
667 995 796 1060 tertius?
840 999 905 1059 Nisi
927 1000 1019 1080 iorte,
1042 1002 1094 1079 qui
1115 1019 1170 1080 per
1193 1000 1303 1079 pluma·
1322 1015 1338 1064 5

293 1108 363 1151 rum
391 1097 423 1150 et
449 1106 614 1168 pennarum
642 1086 789 1148 levitatem
817 1088 936 1148 donavit
963 1090 1059 1148 avium
1086 1092 1214 1149 terrenis
1238 1108 1302 1151 cor·

294 1177 427 1257 poribus,
450 1185 484 1237 ut
501 1185 659 1256 portentur
681 1178 712 1236 in
735 1194 812 1256 aere,
836 1176 1041 1237 inmortalibus
1064 1177 1149 1238 lactis
1173 1180 1303 1256 corpori·

294 1266 351 1327 bus
374 1266 527 1325 bominum
552 1282 610 1324 non
634 1266 744 1344 poterit
767 1264 877 1324 donare
901 1266 1053 1339 virtutem,
1080 1283 1138 1343 qua
1162 1268 1249 1325 etiam
1272 1268 1303 1326 in

293 1372 411 1415 summo
430 1352 510 1414 caelo
529 1352 662 1413 babitare
685 1353 807 1413 valeant.
853 1352 994 1413 Animalia
1016 1371 1135 1431 qnoque
1158 1356 1220 1432 ipsa
1245 1362 1302 1414 ter·

294 1461 384 1523 rena,
417 1460 491 1521 quae
524 1441 622 1501 volare
650 1459 709 1501 non
739 1450 879 1523 possunt,
909 1443 941 1501 iu
969 1440 1076 1520 quibus
1109 1450 1139 1501 et
1168 1442 1357 1508 bomines1o

295 1539 374 1612 sunt,
397 1532 475 1591 sicut
498 1529 553 1591 sub
577 1548 652 1608 aqua
674 1531 781 1609 pisces,
804 1548 879 1608 quae
903 1538 973 1589 sunt
995 1548 1138 1608 aquarum
1161 1530 1304 1610 animalia,

294 1622 334 1679 ita
358 1618 413 1679 sub
437 1627 517 1679 terra
536 1620 634 1678 vivere
658 1617 833 1678 debuerunt.
880 1616 940 1678 Cur
963 1636 1034 1697 ergo
1057 1637 1117 1678 non
1141 1618 1243 1679 saltem
1267 1618 1303 1679 de

295 1708 434 1787 seeundo,
457 1706 486 1767 id
507 1713 553 1767 est
571 1706 607 1767 de
627 1709 720 1787 aquis,
743 1706 794 1766 sed
814 1707 850 1767 dc
870 1706 1015 1767 elemento
1038 1710 1127 1768 tertio
1150 1715 1304 1768 terrenum

295 1796 400 1855 animal
424 1798 518 1875 carpit
540 1795 617 1854 banc
639 1791 750 1855 vitam?
795 1794 902 1874 Qume,
926 1812 993 1855 cum
1016 1798 1163 1873 pertineat
1186 1796 1222 1856 ad
1244 1804 1303 1857 ter·

295 1902 366 1964 ram,
389 1886 420 1943 in
444 1883 584 1962 secundo,
608 1883 686 1961 quod
711 1891 934 1962 superterram
958 1891 1013 1964 est,
1036 1884 1181 1944 elemento
1205 1886 1304 1945 vivere
1325 1900 1356 1949 15

295 1974 320 2032 si
339 1980 471 2052 cogatur,
494 1973 634 2031 continuo
654 1971 816 2030 suffocatur
836 1978 866 2031 et
889 1977 922 2031 ut
945 1973 1022 2031 vivat
1044 1974 1113 2032 vivit
1136 1975 1167 2032 iu
1190 1968 1304 2034 tertio?

293 2065 338 2120 An
363 2068 443 2120 errat
460 2060 509 2119 bic
528 2057 601 2119 ordo
626 2059 848 2139 elementorum,
871 2058 917 2119 vel
940 2060 1039 2137 potius
1062 2078 1121 2119 non
1144 2062 1175 2119 in
1199 2070 1303 2122 natura

293 2167 404 2228 rerum,
428 2147 480 2207 sed
503 2150 533 2207 in
557 2149 682 2207 istorum
705 2146 1009 2225 argumentationibus
1033 2144 1153 2208 delicit?
1193 2148 1304 2210 Omitto

294 2236 404 2317 dicere,
427 2236 582 2314 quodiam
605 2237 636 2295 in
659 2236 748 2295 tertio
772 2235 887 2295 decimo
910 2234 986 2294 libro
1009 2233 1078 2317 dixi,
1102 2254 1189 2314 quam
1212 2237 1303 2298 multa

294 2326 392 2403 gravia
419 2331 539 2384 terrena
567 2326 626 2383 sint
654 2342 792 2403 corpora,
819 2326 898 2383 sicut
925 2322 1092 2405 plumbum,
1122 2331 1152 2384 et
1179 2326 1303 2385 formam
1323 2341 1357 2391 20

294 2424 393 2473 tamen
425 2410 462 2471 ab
495 2412 606 2471 artifice
644 2414 800 2491 accipiant,
834 2429 892 2489 qna
928 2420 1029 2471 natare
1061 2412 1177 2472 valeant
1213 2432 1303 2492 super

294 2519 413 2581 aquam3
443 2508 474 2560 et
501 2509 535 2561 ut
562 2502 686 2578 accipiat
714 2500 883 2578 qualitatem
908 2517 1017 2578 corpus
1040 2499 1217 2581 humanum,
1247 2520 1304 2580 qua

294 2590 367 2649 ferri
389 2590 420 2648 in
444 2588 558 2648 caelum
582 2595 611 2648 et
634 2606 700 2648 esse
723 2590 819 2667 possit
841 2590 872 2647 iu
896 2587 993 2668 caelo,
1017 2590 1212 2668 omnipotenti
1235 2592 1303 2650 arti·

293 2678 342 2737 dci
365 2671 600 2737 contradicitur?

385 2764 445 2825 lam
464 2783 534 2824 vero
553 2771 655 2824 contra
674 2763 754 2846 illud,
778 2764 858 2843 quod
881 2766 938 2825 iam
961 2764 1022 2825 dixi
1045 2768 1192 2848 superius,
1216 2770 1303 2828 etiam
1323 2780 1356 2831 no

294 2856 385 2916 istum
418 2852 640 2913 considerantes
672 2861 759 2931 atque
790 2861 952 2913 tractantes
982 2854 1196 2915 elementorum
1226 2857 1304 2917 ordi-

296 2960 377 3022 nem,
404 2959 463 3019 quo
491 2940 656 3021 confidunt,
684 2960 743 3001 non
769 2943 925 3001 inveniunt
952 2944 1071 3001 omnino
1096 2943 1174 3021 quod
1198 2944 1304 3005 dicant.

296 3030 345 3091 Sic
376 3039 422 3089 est
449 3031 528 3088 enim
556 3028 626 3089 binc
649 3046 768 3089 sursum
795 3047 900 3089 versus
922 3038 1003 3090 terra
1025 3033 1133 3111 prima,
1161 3050 1236 3110 aqua
1259 3051 1303 3092 se·

296 3116 407 3198 cunda,
430 3118 537 3178 tertius
565 3133 633 3197 aer,
664 3126 801 3196 quartum
825 3117 954 3198 caelum,
977 3126 1011 3179 ut
1033 3137 1123 3197 super
1146 3123 1244 3180 omnia
1267 3122 1305 3180 sit

295 3209 408 3266 animae
437 3214 549 3265 natura.
595 3202 669 3263 Nam
697 3212 728 3266 et
749 3204 924 3265 Aristoteles
947 3208 1083 3285 quintum
1107 3225 1216 3287 corpus
1240 3220 1357 3270 ea1n30

295 3295 368 3355 dixit
400 3311 466 3353 esse
497 3301 528 3353 et
550 3292 633 3352 Plato
656 3292 779 3352 nullum.
825 3292 857 3353 Si
881 3295 1016 3371 quintum
1040 3303 1128 3375 esset,
1151 3304 1231 3355 certe
1256 3314 1304 3357 sn·

295 3385 397 3461 perius
424 3388 504 3441 esset
531 3382 654 3461 ceteris3
685 3399 753 3440 cum
776 3399 846 3440 vero
871 3381 984 3441 nullum
1009 3389 1068 3463 est,
1095 3383 1188 3443 multo
1212 3386 1304 3463 magis

296 3479 416 3549 superat
438 3471 544 3529 omnia.
589 3467 623 3529 ln
653 3477 773 3529 terreno
797 3488 867 3549 ergo
892 3469 962 3547 quid
986 3470 1055 3530 iacit
1078 3468 1226 3550 corpore?
1270 3472 1304 3532 ln

368 3586 411 3652 19)
431 3582 458 3637 G.
480 3589 521 3639 18.
568 3587 612 3655 30)
632 3584 686 3639 Cic.
707 3585 943 3654 Tusc.1,10,22.
987 3587 1058 3655 Aug.
1079 3584 1178 3641 Genea.
1198 3586 1234 3639 ad
1252 3584 1308 3639 litt.

298 3657 321 3719 r,
336 3657 369 3705 ει
389 3656 427 3722 (p.
442 3660 503 3722 arr,
519 3661 552 3709 ιε
571 3655 673 3726 byca).

296 3736 510 3747 ————

369 3782 401 3830 18
421 3777 525 3832 defecit
543 3779 605 3833 R¹b
623 3781 632 3848 ΙΙ
651 3784 685 3834 26
703 3779 761 3833 iam
780 3780 839 3833 dixi
858 3780 1018 3849 RAnaep3
1038 3779 1096 3833 dixi
1117 3780 1207 3852 Gbyo
