3284 4459
567 515 608 556 un
622 513 764 556 munaum
777 516 830 556 nm
843 517 871 557 n.
885 517 934 557 xv.
948 517 971 558 o.
985 520 1017 558 m.
1255 505 1299 570 95

293 649 403 730 liuguap
425 648 454 709 id
479 658 524 710 est
546 649 692 729 Hebraea,
715 649 846 712 masculo
870 659 900 711 et
922 651 1055 713 feminae.
1100 651 1174 712 Nam
1196 655 1239 714 sie
1262 653 1299 714 de

292 738 343 798 illo
373 739 516 816 sumptum
550 746 608 798 est:
640 739 811 800 Masculum
838 747 868 801 et
897 739 1044 816 seminam
1073 739 1150 815 fecit
1178 744 1244 803 illos
1271 750 1302 804 et

294 828 452 888 benedixit
483 829 546 887 illos
582 834 613 887 et
648 830 872 902 eopnominauit
906 846 1013 890 nomen
1047 846 1150 890 eorum
1192 830 1299 891 Adam.

285 914 378 976 'Umle
402 932 461 974 uon
484 913 642 992 ambigitur
670 917 712 975 sic
740 914 913 994 appellatam
935 917 1027 977 luisse
1049 917 1188 978 seminam
1210 917 1301 987 Eram

293 1004 418 1083 proprio
434 1005 561 1084 nomine,
583 1012 618 1063 nt
635 1014 733 1064 tamen
751 1004 852 1085 Adam,
874 1004 953 1083 quod
972 1007 1185 1084 interpretatur
1204 1006 1301 1087 bomo,
1320 1019 1336 1068 o

294 1109 403 1152 nomeu
435 1099 514 1151 esset
550 1090 713 1152 amborum.
766 1091 847 1152 Eoos
883 1101 982 1153 autem
1013 1095 1056 1154 sic
1088 1096 1301 1173 interpretatur

294 1181 392 1260 homo,
415 1188 448 1239 ut
461 1179 518 1239 hoo
536 1197 595 1240 nou
614 1198 701 1258 posse
725 1181 864 1240 feminam
886 1184 1051 1260 nuncupari
1073 1184 1162 1261 periti
1184 1183 1300 1261 linguae

296 1267 374 1328 illius
402 1267 588 1348 adsererent,
620 1277 768 1347 tamquam
796 1269 875 1329 filius
897 1272 1140 1347 resurrectionis,
1166 1269 1219 1331 ubi
1240 1289 1301 1332 non

298 1358 409 1416 nubent
430 1369 527 1430 neque
548 1373 662 1418 uxores
681 1359 800 1419 ducent.
846 1356 911 1416 Non
935 1360 1014 1418 euim
1037 1360 1094 1419 erit
1115 1357 1158 1419 ibi
1180 1377 1301 1438 genera·

296 1446 437 1525 tio,·cum
460 1443 529 1504 illuc
552 1443 726 1523 perduxerit
748 1448 942 1524 regeneratio.
988 1445 1086 1517 Quare
1109 1455 1140 1507 et
1161 1448 1218 1507 hoc
1241 1466 1301 1507 noo
1321 1461 1356 1511 ιο

295 1536 444 1593 incassum
474 1532 635 1593 notandum
663 1532 804 1614 arbitror,
831 1533 910 1612 qnod
932 1536 964 1595 in
986 1536 1030 1595 eis
1052 1535 1302 1617 generationibus,

295 1639 371 1700 quae
398 1629 598 1699 propagantur
626 1640 661 1681 ex
689 1621 739 1681 illo
769 1624 820 1700 qui
853 1630 899 1682 est
925 1622 1089 1702 appellatus
1116 1623 1201 1698 Seth,
1233 1642 1301 1685 eum

294 1711 433 1788 genuisse
456 1708 532 1769 filios
554 1709 687 1788 filiasque
711 1709 861 1791 dicautur,
884 1711 963 1770 nulla
985 1710 1027 1772 ibi
1050 1714 1148 1791 genita
1171 1715 1301 1773 nomina-

295 1800 348 1859 tim
373 1798 480 1856 semina
504 1815 643 1876 expressa
666 1806 727 1878 est3
750 1800 781 1858 in
804 1798 851 1857 his
874 1807 982 1879 autem,
1005 1818 1080 1878 quae
1102 1810 1301 1880 propagantur

294 1906 332 1947 ex
355 1885 440 1966 Cain,
467 1887 498 1945 in
527 1887 590 1964 ipso
614 1886 684 1966 fine,
710 1905 776 1964 ,quo
805 1904 900 1965 usque
923 1889 1117 1968 pertendunt,
1144 1891 1300 1949 novissima
1321 1900 1354 1949 15

296 1976 406 2035 semina
437 1975 534 2052 genita
567 1976 743 2034 nominatur.
790 1973 840 2034 Sic
869 1977 949 2035 enim
978 1974 1099 2054 legitur:
1129 1977 1304 2038 Mattusact

294 2065 402 2139 penuit
433 2062 581 2132 Lameeb;
613 2070 641 2123 et
672 2066 798 2139 sumpsit
826 2065 887 2124 sibi
911 2063 1043 2125 Lamech
1072 2067 1149 2125 duas
1179 2083 1302 2138 uxores,

295 2168 403 2212 nomen
420 2153 476 2211 uni
492 2150 561 2210 Ada
583 2157 614 2211 et
635 2169 741 2212 nomen
763 2154 918 2212 secundae
935 2153 1025 2225 Sella,
1048 2160 1078 2213 et
1095 2158 1216 2229 peperit
1233 2154 1302 2213 Atia

296 2241 396 2309 Iobel;
417 2240 469 2299 bic
486 2246 554 2299 erat
568 2245 660 2315 pater
682 2241 884 2300 habitantium
907 2243 938 2300 in
961 2242 1169 2301 tabernaculis
1187 2260 1301 2317 pecua-

296 2331 422 2394 riorum.
481 2327 521 2386 Et
552 2345 658 2388 nomen
691 2326 805 2403 fratris
842 2331 908 2388 eius
939 2329 1043 2398 Iobal;
1077 2331 1129 2389 bic
1156 2327 1220 2404 suit
1250 2333 1304 2404 qui
1321 2343 1357 2392 to

296 2417 427 2477 ostendit
444 2418 622 2491 psalterium
650 2425 682 2476 et
703 2418 862 2476 citharam.
908 2417 990 2477 Sella
1013 2423 1113 2477 autem
1132 2421 1253 2493 peperit
1274 2426 1304 2479 et

296 2509 363 2580 ipsa
397 2503 522 2574 lbobeh
554 2511 584 2564 et
614 2511 685 2564 erat
714 2508 873 2565 malleator
904 2509 1047 2565 aerarius
1079 2509 1249 2567 aeramenti
1275 2513 1305 2567 et

293 2592 385 2670 ferri.
431 2592 528 2653 Soror
560 2599 659 2652 autem
690 2592 801 2654 lbobel
826 2595 976 2654 Noemma.
1022 2593 1085 2654 lloc
1113 2612 1208 2673 usque
1235 2612 1303 2674 por-

297 2688 395 2740 rectae
428 2686 498 2740 sunt
513 2682 734 2760 ,generationes
761 2699 797 2740 ex
827 2681 910 2762 Cain,
943 2700 1017 2760 quae
1044 2691 1115 2742 sunl
1142 2700 1244 2742 omnes
1267 2681 1303 2742 ab

296 2769 389 2829 Adam
412 2777 478 2828 osto
501 2768 693 2830 adnumerato
716 2771 780 2848 ipso
803 2768 908 2849 Adam,
936 2778 1049 2849 septem
1073 2770 1186 2831 scilieet
1208 2788 1303 2848 usque
1322 2781 1358 2831 25

297 2857 333 2917 ad
361 2855 502 2935 lamech,
533 2859 582 2934 qui
605 2856 731 2917 duarum
754 2860 877 2918 maritus
901 2876 1028 2918 uxorum
1050 2859 1120 2938 tuit,
1149 2867 1180 2918 et
1202 2866 1303 2937 octava

296 2953 344 3006 est
372 2947 522 3023 generatio
551 2947 581 3003 io
609 2944 677 3004 tiliis
705 2947 782 3024 eius,
809 2948 840 3005 in
869 2945 977 3024 quibus
1004 2955 1251 3006 commemoratur
1274 2956 1305 3005 et

298 3035 415 3093 lemine.
460 3031 516 3092 Ubi
536 3031 684 3115 eleganter
703 3034 898 3111 significatum
918 3043 963 3095 est
985 3042 1134 3094 terrenam
1157 3036 1303 3095 civitatem

285 3139 393 3204 'usque
417 3122 448 3180 in
471 3121 518 3179 sui
536 3121 624 3180 smem
647 3121 779 3181 carnales
801 3120 969 3181 habituram
991 3124 1206 3203 generationes,
1229 3140 1304 3201 quae

369 3247 396 3314 3)
415 3243 482 3298 Gen.
503 3248 528 3310 5,
542 3249 566 3296 2.
622 3244 648 3312 9)
667 3242 713 3295 Le.
733 3247 776 3308 20,
790 3247 833 3294 35.
889 3243 932 3309 23)
952 3239 1019 3295 Gen'.
1038 3246 1183 3309 4,1tsqq.

370 3371 403 3420 10
420 3377 478 3420 nou
494 3367 528 3420 ut
544 3367 613 3434 puto
634 3362 764 3431 V'Gub3
782 3380 840 3416 uon
852 3366 922 3431 puto
937 3363 1000 3434 R²ll
1015 3369 1048 3418 lb
1061 3364 1232 3432 pertendunt
1249 3366 1307 3420 VR

297 3439 420 3506 AFepr
447 3438 494 3504 (ef.
517 3439 585 3501 139,
598 3438 662 3501 29);
688 3434 893 3502 pertendunlur
920 3434 980 3502 Gb3
1007 3435 1213 3503 protenduntur
1237 3453 1278 3489 aa
1298 3438 1309 3503 ll

298 3513 332 3562 16
350 3505 522 3562 matthnuael
541 3508 587 3577 Vll
602 3510 636 3558 20
654 3504 731 3558 iobal
750 3505 894 3571 aarum
915 3504 997 3559 isbal
1017 3508 1053 3572 V;
1072 3504 1152 3559 iubel
1172 3506 1284 3573 Gapro
1298 3508 1307 3574 ΙΙ

298 3576 490 3703 rutra
504 3574 844 3718 reinnerus
855 3575 989 3714 uerte
1104 3575 1306 3700 mem

296 3653 509 3776 thgFGaber
519 3717 643 3787 (νεαρῆς
658 3733 712 3772 uer.
724 3720 796 3772 eim.
806 3719 846 3787 ol}
861 3723 894 3770 23
903 3690 1004 3772 noema
1013 3688 1119 3787 abpo'll
1131 3717 1185 3771 hoc
1198 3718 1308 3773 ruer

300 3827 347 3894 (cs.
366 3827 558 3893 161,1o,·12;
578 3824 623 3878 uo
639 3826 656 3878 e
674 3841 696 3878 ο.
710 3827 770 3892 un
789 3800 844 3877 nlo
862 3833 892 3890 η
910 3822 966 3876 nuo
984 3822 1151 3891 noaoepv
1167 3824 1270 3889 norm.
