3284 4459
338 503 404 567 284
739 516 760 558 e
774 517 941 558 euoosunu

720 680 841 747 anur
859 682 962 748 XXII.

344 795 431 866 Quod
447 812 481 855 eo
500 801 633 869 tempore
650 793 747 853 Roma
765 797 805 854 sit
823 796 954 866 condito,
978 810 1036 868 qno
1060 809 1188 866 reanum
1207 793 1347 868 Assyrio-

392 899 460 942 rum
484 884 641 943 intercidit
663 889 693 942 et
714 899 772 958 qao
797 883 950 943 Ezechias
972 883 1125 956 rcpaabat
1147 884 1179 941 in
1203 881 1292 941 Indo.

426 987 469 1048 Ne
502 987 602 1048 multis
634 1005 750 1067 morer,
783 987 900 1048 condita
932 997 979 1047 est
1010 989 1112 1046 civitas
1142 986 1233 1046 Roma
1266 986 1347 1048 velut

305 1088 320 1136 5
340 1075 430 1136 altera
453 1074 582 1154 Babylon
610 1085 640 1135 et
668 1075 747 1136 ,velut
774 1077 883 1155 prioris
905 1075 964 1135 lilia
986 1073 1157 1153 Rabylonis,
1179 1093 1234 1153 per
1258 1093 1348 1152 quam

340 1164 399 1224 Deo
418 1163 528 1244 placuit
551 1163 654 1224 orbem
672 1163 819 1224 debellare
838 1171 985 1224 terrarum
1003 1171 1034 1222 et
1057 1165 1087 1222 in
1111 1181 1198 1224 unam
1222 1166 1345 1224 societa-

339 1262 400 1314 tem
413 1256 458 1313 rei
472 1251 606 1332 publicae
620 1251 776 1330 legumque
796 1251 972 1331 perductum
991 1250 1076 1330 longe
1096 1251 1211 1329 lateque
1230 1269 1347 1330 pacare.

339 1340 431 1402 Erant
459 1343 537 1401 enim
565 1343 622 1400 iam
652 1341 754 1419 populi
780 1338 868 1400 validi
895 1349 926 1399 et
953 1341 1046 1400 sortes
1075 1348 1107 1399 et
1129 1341 1218 1398 armis
1242 1349 1348 1417 gentes
1462 1348 1463 1351 ’

339 1432 524 1509 exercitatae,
548 1447 622 1507 quae
651 1447 710 1490 nou
738 1428 821 1488 facile
847 1429 996 1507 cederent,
1018 1436 1049 1488 et
1072 1445 1145 1506 quas
1167 1446 1243 1506 opus
1266 1438 1347 1488 esset

289 1530 321 1577 10
339 1516 509 1596 ingentibus
531 1517 671 1596 periculis
695 1526 725 1578 et
753 1519 913 1577 vastatione
936 1519 1086 1594 utrmque
1110 1534 1168 1575 non
1191 1534 1280 1595 parva
1303 1527 1346 1577 at·

340 1625 397 1684 que
421 1605 569 1666 horrendo
593 1605 692 1666 labore
720 1607 863 1684 superari.
908 1598 1122 1682 Nam'quando
1145 1623 1270 1682 regnum
1293 1606 1346 1664 As·

341 1696 487 1773 syriorum
510 1701 602 1754 totam
623 1712 716 1772 paene
736 1694 834 1754 Asiam
857 1692 1033 1773 subiugavit,
1056 1692 1126 1753 licet
1148 1692 1283 1752 bellando
1307 1696 1349 1753 sit

340 1783 463 1863 lactum,
493 1799 552 1844 non
579 1790 677 1843 tamen
705 1781 831 1842 multum
858 1784 972 1860 asperis
1000 1790 1031 1841 et
1060 1780 1229 1842 difficilibus
1259 1780 1349 1841 bellis

341 1871 405 1931 fieri
437 1873 552 1950 potuit,
589 1871 657 1948 quia
693 1870 784 1932 rudes
815 1869 911 1930 adhuc
942 1869 977 1930 ad
1010 1868 1208 1930 resistendum
1241 1878 1349 1949 gentes

290 1972 321 2018 15
341 1968 426 2019 erant
449 1977 504 2019 nec
527 1967 587 2018 tam
610 1957 718 2018 multae
741 1957 786 2017 vel
810 1975 940 2036 magnae.
986 1957 1160 2035 Siquidem
1183 1965 1251 2035 post
1273 1957 1346 2018 illud

341 2050 499 2108 maximum
531 2056 619 2124 atque
651 2045 816 2107 universale
848 2045 1003 2125 diluvium,
1036 2063 1104 2106 cum
1131 2049 1161 2106 in
1192 2064 1259 2106 arca
1282 2045 1348 2106 Noe

340 2145 408 2196 octo
427 2135 481 2196 soli
500 2135 634 2194 homines
653 2143 819 2213 evaserunt,
837 2136 906 2194 anni
925 2152 983 2194 nou
1002 2133 1094 2194 multo
1114 2133 1238 2213 amplius
1257 2152 1347 2213 quam

342 2223 418 2284 mille
442 2225 633 2304 transierant,
661 2221 777 2300 quando
801 2220 896 2282 Ninus
918 2222 1016 2282 Asiam
1038 2231 1131 2283 totam
1153 2231 1277 2301 excepta
1298 2221 1346 2282 ln·

342 2311 389 2372 dia
421 2311 594 2388 subiugavit.
648 2310 741 2370 Roma
772 2327 842 2369 vero
878 2319 923 2371 tot
954 2319 1057 2389 gentes
1089 2319 1120 2371 et
1152 2308 1283 2371 Orientis
1315 2319 1348 2372 et

288 2411 321 2460 to
342 2399 526 2477 Occidentis,
549 2416 621 2478 ques
645 2401 768 2477 imperio
792 2397 924 2458 Romano
948 2398 1079 2459 subditas
1103 2401 1262 2478 cernimus,
1285 2417 1346 2458 non

342 2507 376 2549 ea
394 2488 545 2548 celeritate
564 2505 598 2546 ac
617 2487 754 2546 facilitate
777 2486 955 2568 perdomuit,
977 2490 1116 2565 quoniam
1138 2486 1277 2566 paulatim
1300 2489 1345 2546 in·

341 2575 502 2636 crescendo
522 2574 658 2636 robustas
682 2593 731 2634 eas
755 2581 785 2634 et
807 2573 970 2655 bellicosae,
993 2593 1110 2654 quaqua
1132 2593 1251 2635 versum
1274 2575 1345 2635 dila·

342 2663 473 2744 tabatur,
495 2665 615 2723 invenit.
661 2663 806 2741 Tempore
830 2665 929 2743 igitur,
952 2681 1011 2741 quo
1034 2663 1126 2723 Roma
1150 2662 1267 2724 condita
1290 2672 1348 2743 est,

339 2751 467 2830 populus
486 2750 576 2812 lsrael
596 2750 719 2811 habebat
736 2753 767 2810 in
792 2760 871 2811 terra
893 2753 1097 2830 promissionis
1119 2769 1212 2812 annos
1235 2754 1345 2831 septin-

288 2851 321 2900 25
341 2848 445 2918 gentos
464 2839 566 2900 decem
585 2848 614 2899 et
632 2850 707 2900 octo.
745 2838 788 2900 Ex
807 2839 915 2918 quibus
934 2842 1036 2918 viginti
1058 2849 1172 2918 septem
1194 2842 1349 2918 pertinent

341 2927 376 2988 ad
395 2927 493 2990 lesum
508 2927 595 3009 Nave,
619 2927 724 2988 deinde
744 2927 779 2988 ad
798 2937 916 3006 tempus
938 2927 1070 2990 iudicum
1092 2930 1220 2988 trecenti
1242 2930 1346 3008 viginti

341 3034 454 3078 novem.
499 3015 544 3076 Ex
573 3034 631 3095 quo
661 3024 759 3078 autem
788 3033 875 3094 reges
907 3016 948 3076 ibi
976 3035 1041 3077 esse
1071 3025 1246 3097 coeperant,
1276 3019 1346 3077 anni

341 3114 425 3165 erant
452 3107 578 3166 trecenti
606 3107 754 3183 sexaginta
782 3104 849 3165 duo
894 3104 933 3166 Et
955 3121 1008 3164 rex
1030 3114 1102 3165 tunc
1125 3107 1242 3164 eratin
1265 3104 1348 3184 luda,

341 3196 426 3254 caius
451 3211 557 3253 nomeu
580 3203 644 3254 erat
666 3192 760 3252 Acbaz
783 3191 841 3272 vel,
872 3195 949 3254 siout
971 3193 1020 3252 alii
1043 3201 1219 3272 conputant,
1242 3195 1292 3271 qui
1316 3196 1346 3254 ei

288 3295 322 3344 30
341 3283 484 3343 successit
506 3280 660 3360 Ezechiae,
687 3299 775 3359 quem
803 3282 922 3358 quidem
945 3290 1061 3342 constat
1083 3282 1225 3360 optimum
1249 3290 1280 3341 et
1301 3283 1344 3360 pi·

339 3373 474 3431 issimum
497 3388 598 3448 regem
622 3369 737 3429 Romuli
761 3387 900 3448 regnasse
924 3367 1115 3448 temporibus
1160 3368 1193 3429 ln
1217 3389 1250 3430 ea
1274 3388 1346 3429 vcro

340 3456 466 3518 Hebraei
494 3456 597 3536 populi
624 3467 720 3538 parte,
753 3475 828 3536 quae
856 3456 1056 3538 appellabatur
1084 3456 1190 3538 lsrael,
1220 3476 1345 3536 regnare

341 3554 478 3624 coeperat
501 3544 586 3606 Osee.

338 3663 551 3674 .....-.-.-...—.—-

412 3717 444 3764 15
464 3710 507 3764 vel
525 3713 585 3764 bam
602 3726 751 3780 magnaeo
764 3713 773 3780 ll
789 3716 821 3765 19
841 3713 870 3764 et
887 3718 952 3766 ante
970 3710 1092 3765 Orientis
1110 3727 1161 3764 om.
1176 3711 1349 3782 Affecti,-

339 3785 464 3841 exhibent
482 3783 529 3837 Ro
547 3783 556 3850 ΙΙ
575 3786 608 3834 nt
627 3780 742 3835 increnc.
762 3782 802 3847 R;
822 3796 905 3835 cresc.
923 3781 981 3835 reli.
999 3797 1017 3836 o
1033 3783 1043 3849 ΙΙ
1062 3786 1095 3834 32
1114 3780 1281 3837 Hebraicio

489 4093 621 4154 A
