<?xml version="1.0" encoding="UTF-8"?>
<!DOCTYPE html PUBLIC "-//W3C//DTD XHTML 1.0 Transitional//EN"
    "http://www.w3.org/TR/xhtml1/DTD/xhtml1-transitional.dtd">
<html xmlns="http://www.w3.org/1999/xhtml" xml:lang="en" lang="en">
 <head>
  <title>
</title>
<meta http-equiv="Content-Type" content="text/html;charset=utf-8" />
  <meta name='ocr-system' content='tesseract 3.04.00' />
  <meta name='ocr-capabilities' content='ocr_page ocr_carea ocr_par ocr_line ocrx_word'/>
</head>
<body>
  <div class='ocr_page' id='page_1' title='image "./sanctiaureliiau11augugoog_0587.png"; bbox 0 0 3284 4459; ppageno 0'>
   <div class='ocr_carea' id='block_1_1' title="bbox 554 508 1292 572">
    <p class='ocr_par' dir='ltr' id='par_1_1' title="bbox 554 508 1292 572">
     <span class='ocr_line' id='line_1_1' title="bbox 554 508 1292 572; baseline 0.015 -11"><span class='ocrx_word' id='word_1_1' title='bbox 554 520 595 561; x_wconf 80' lang='lat' dir='ltr'><strong>nu</strong></span> <span class='ocrx_word' id='word_1_2' title='bbox 608 519 750 561; x_wconf 72' lang='lat' dir='ltr'><strong>omum</strong></span> <span class='ocrx_word' id='word_1_3' title='bbox 763 520 818 561; x_wconf 81' lang='lat' dir='ltr'><strong>nm</strong></span> <span class='ocrx_word' id='word_1_4' title='bbox 830 520 856 561; x_wconf 76' lang='lat' dir='ltr'><strong>n</strong></span> <span class='ocrx_word' id='word_1_5' title='bbox 870 520 945 562; x_wconf 80' lang='lat' dir='ltr'><strong>xxm.</strong></span> <span class='ocrx_word' id='word_1_6' title='bbox 959 520 982 563; x_wconf 90' lang='lat' dir='ltr'><strong>o.</strong></span> <span class='ocrx_word' id='word_1_7' title='bbox 995 522 1015 563; x_wconf 83' lang='lat' dir='ltr'><strong>a.</strong></span> <span class='ocrx_word' id='word_1_8' title='bbox 1227 508 1292 572; x_wconf 85' lang='lat'><strong>569</strong></span> 
     </span>
    </p>
   </div>
   <div class='ocr_carea' id='block_1_2' title="bbox 285 653 1373 3563">
    <p class='ocr_par' dir='ltr' id='par_1_2' title="bbox 285 653 1373 3563">
     <span class='ocr_line' id='line_1_2' title="bbox 286 653 1291 735; baseline 0.001 -19"><span class='ocrx_word' id='word_1_9' title='bbox 286 654 352 716; x_wconf 91' lang='lat' dir='ltr'><strong>bilis</strong></span> <span class='ocrx_word' id='word_1_10' title='bbox 379 654 555 735; x_wconf 89' lang='lat' dir='ltr'><strong>putabatur,</strong></span> <span class='ocrx_word' id='word_1_11' title='bbox 584 655 743 733; x_wconf 84' lang='lat' dir='ltr'><strong>aperirent</strong></span> <span class='ocrx_word' id='word_1_12' title='bbox 788 653 870 726; x_wconf 83' lang='lat' dir='ltr'>Quae</span> <span class='ocrx_word' id='word_1_13' title='bbox 897 673 947 717; x_wconf 90' lang='lat' dir='ltr'><strong>res</strong></span> <span class='ocrx_word' id='word_1_14' title='bbox 974 654 1061 717; x_wconf 91' lang='lat' dir='ltr'><strong>dilata</strong></span> <span class='ocrx_word' id='word_1_15' title='bbox 1088 662 1135 717; x_wconf 92' lang='lat' dir='ltr'><strong>est</strong></span> <span class='ocrx_word' id='word_1_16' title='bbox 1162 657 1195 717; x_wconf 89' lang='lat' dir='ltr'><strong>ln</strong></span> <span class='ocrx_word' id='word_1_17' title='bbox 1222 674 1291 717; x_wconf 91' lang='lat' dir='ltr'><strong>con-</strong></span> 
     </span>
     <span class='ocr_line' id='line_1_3' title="bbox 286 742 1291 826; baseline 0.001 -22"><span class='ocrx_word' id='word_1_18' title='bbox 286 751 461 823; x_wconf 82' lang='lat' dir='ltr'><strong>sequentem</strong></span> <span class='ocrx_word' id='word_1_19' title='bbox 478 743 564 804; x_wconf 90' lang='lat' dir='ltr'><strong>diem.</strong></span> <span class='ocrx_word' id='word_1_20' title='bbox 602 742 660 803; x_wconf 85' lang='lat' dir='ltr'><strong>Sed</strong></span> <span class='ocrx_word' id='word_1_21' title='bbox 680 761 748 803; x_wconf 94' lang='lat' dir='ltr'><strong>cum</strong></span> <span class='ocrx_word' id='word_1_22' title='bbox 767 742 899 803; x_wconf 89' lang='lat' dir='ltr'><strong>abissent</strong></span> <span class='ocrx_word' id='word_1_23' title='bbox 915 743 967 826; x_wconf 88' lang='lat' dir='ltr'><strong>illi,</strong></span> <span class='ocrx_word' id='word_1_24' title='bbox 989 761 1026 804; x_wconf 89' lang='lat' dir='ltr'><strong>cx</strong></span> <span class='ocrx_word' id='word_1_25' title='bbox 1044 762 1178 805; x_wconf 88' lang='lat' dir='ltr'><strong>maerore</strong></span> <span class='ocrx_word' id='word_1_26' title='bbox 1200 746 1291 805; x_wconf 90' lang='lat' dir='ltr'><strong>nimio</strong></span> 
     </span>
     <span class='ocr_line' id='line_1_4' title="bbox 285 830 1291 914; baseline 0.002 -21"><span class='ocrx_word' id='word_1_27' title='bbox 285 833 398 896; x_wconf 88' lang='lat' dir='ltr'><strong>domini</strong></span> <span class='ocrx_word' id='word_1_28' title='bbox 416 841 514 892; x_wconf 90' lang='lat' dir='ltr'><strong>tantus</strong></span> <span class='ocrx_word' id='word_1_29' title='bbox 533 833 628 892; x_wconf 92' lang='lat' dir='ltr'><strong>estin</strong></span> <span class='ocrx_word' id='word_1_30' title='bbox 646 831 734 891; x_wconf 91' lang='lat' dir='ltr'><strong>domo</strong></span> <span class='ocrx_word' id='word_1_31' title='bbox 756 831 805 892; x_wconf 91' lang='lat' dir='ltr'><strong>illa</strong></span> <span class='ocrx_word' id='word_1_32' title='bbox 828 840 949 893; x_wconf 91' lang='lat' dir='ltr'><strong>exortus</strong></span> <span class='ocrx_word' id='word_1_33' title='bbox 972 830 1065 914; x_wconf 90' lang='lat' dir='ltr'><strong>dolor,</strong></span> <span class='ocrx_word' id='word_1_34' title='bbox 1087 840 1121 894; x_wconf 93' lang='lat' dir='ltr'><strong>ut</strong></span> <span class='ocrx_word' id='word_1_35' title='bbox 1143 840 1291 911; x_wconf 88' lang='lat' dir='ltr'><strong>tamqnam</strong></span> 
     </span>
     <span class='ocr_line' id='line_1_5' title="bbox 286 919 1292 1000; baseline 0 -19"><span class='ocrx_word' id='word_1_36' title='bbox 286 922 401 981; x_wconf 79' lang='lat' dir='ltr'><strong>funeris</strong></span> <span class='ocrx_word' id='word_1_37' title='bbox 429 920 565 1000; x_wconf 89' lang='lat' dir='ltr'><strong>planctus</strong></span> <span class='ocrx_word' id='word_1_38' title='bbox 593 922 641 980; x_wconf 85' lang='lat' dir='ltr'><strong>vix</strong></span> <span class='ocrx_word' id='word_1_39' title='bbox 670 922 907 999; x_wconf 90' lang='lat' dir='ltr'><strong>conprimeretur</strong></span> <span class='ocrx_word' id='word_1_40' title='bbox 936 938 953 980; x_wconf 93' lang='lat' dir='ltr'><strong>a</strong></span> <span class='ocrx_word' id='word_1_41' title='bbox 984 920 1078 981; x_wconf 90' lang='lat' dir='ltr'><strong>nobis.</strong></span> <span class='ocrx_word' id='word_1_42' title='bbox 1129 919 1292 982; x_wconf 82' lang='lat' dir='ltr'><strong>visitabant</strong></span> 
     </span>
     <span class='ocr_line' id='line_1_6' title="bbox 286 1008 1328 1091; baseline -0.001 -22"><span class='ocrx_word' id='word_1_43' title='bbox 286 1027 355 1069; x_wconf 87' lang='lat' dir='ltr'><strong>enm</strong></span> <span class='ocrx_word' id='word_1_44' title='bbox 379 1009 485 1069; x_wconf 77' lang='lat' dir='ltr'><strong>cotidie</strong></span> <span class='ocrx_word' id='word_1_45' title='bbox 508 1010 603 1069; x_wconf 87' lang='lat' dir='ltr'><strong>sancti</strong></span> <span class='ocrx_word' id='word_1_46' title='bbox 625 1010 694 1088; x_wconf 85' lang='lat' dir='ltr'><strong>riri,</strong></span> <span class='ocrx_word' id='word_1_47' title='bbox 722 1010 880 1088; x_wconf 92' lang='lat' dir='ltr'><strong>episcopus</strong></span> <span class='ocrx_word' id='word_1_48' title='bbox 903 1017 974 1069; x_wconf 91' lang='lat' dir='ltr'><strong>tunc</strong></span> <span class='ocrx_word' id='word_1_49' title='bbox 999 1008 1161 1091; x_wconf 88' lang='lat' dir='ltr'><strong>Uzaleusis,</strong></span> <span class='ocrx_word' id='word_1_50' title='bbox 1191 1008 1292 1071; x_wconf 89' lang='lat' dir='ltr'><strong>beatae</strong></span> <span class='ocrx_word' id='word_1_51' title='bbox 1311 1022 1328 1068; x_wconf 78' lang='lat' dir='ltr'><strong>a</strong></span> 
     </span>
     <span class='ocr_line' id='line_1_7' title="bbox 286 1096 1291 1177; baseline 0.001 -20"><span class='ocrx_word' id='word_1_52' title='bbox 286 1099 445 1158; x_wconf 90' lang='lat' dir='ltr'><strong>memoriae</strong></span> <span class='ocrx_word' id='word_1_53' title='bbox 477 1096 673 1176; x_wconf 79' lang='lat' dir='ltr'><strong>Saturninus,</strong></span> <span class='ocrx_word' id='word_1_54' title='bbox 704 1106 735 1157; x_wconf 85' lang='lat' dir='ltr'><strong>et</strong></span> <span class='ocrx_word' id='word_1_55' title='bbox 766 1096 922 1177; x_wconf 78' lang='lat' dir='ltr'><strong>presbyter</strong></span> <span class='ocrx_word' id='word_1_56' title='bbox 954 1096 1082 1158; x_wconf 77' lang='lat' dir='ltr'><strong>Gulosus</strong></span> <span class='ocrx_word' id='word_1_57' title='bbox 1113 1116 1147 1157; x_wconf 95' lang='lat' dir='ltr'><strong>ac</strong></span> <span class='ocrx_word' id='word_1_58' title='bbox 1178 1097 1291 1159; x_wconf 90' lang='lat' dir='ltr'><strong>diaconi</strong></span> 
     </span>
     <span class='ocr_line' id='line_1_8' title="bbox 287 1184 1292 1265; baseline 0 -19"><span class='ocrx_word' id='word_1_59' title='bbox 287 1184 525 1264; x_wconf 74' lang='lat' dir='ltr'><strong>carthaginensis</strong></span> <span class='ocrx_word' id='word_1_60' title='bbox 553 1184 707 1265; x_wconf 81' lang='lat' dir='ltr'><strong>ecclesiae3</strong></span> <span class='ocrx_word' id='word_1_61' title='bbox 730 1186 761 1244; x_wconf 92' lang='lat' dir='ltr'><strong>ln</strong></span> <span class='ocrx_word' id='word_1_62' title='bbox 784 1185 893 1263; x_wconf 88' lang='lat' dir='ltr'><strong>quibus</strong></span> <span class='ocrx_word' id='word_1_63' title='bbox 916 1193 979 1245; x_wconf 91' lang='lat' dir='ltr'><strong>erat</strong></span> <span class='ocrx_word' id='word_1_64' title='bbox 1002 1194 1091 1247; x_wconf 88' lang='lat' dir='ltr'><strong>etex</strong></span> <span class='ocrx_word' id='word_1_65' title='bbox 1115 1185 1223 1264; x_wconf 89' lang='lat' dir='ltr'><strong>quibus</strong></span> <span class='ocrx_word' id='word_1_66' title='bbox 1246 1205 1292 1246; x_wconf 94' lang='lat' dir='ltr'><strong>so·</strong></span> 
     </span>
     <span class='ocr_line' id='line_1_9' title="bbox 286 1272 1292 1353; baseline -0.001 -19"><span class='ocrx_word' id='word_1_67' title='bbox 286 1274 333 1334; x_wconf 92' lang='lat' dir='ltr'><strong>lus</strong></span> <span class='ocrx_word' id='word_1_68' title='bbox 357 1282 402 1334; x_wconf 88' lang='lat' dir='ltr'><strong>est</strong></span> <span class='ocrx_word' id='word_1_69' title='bbox 419 1291 499 1334; x_wconf 90' lang='lat' dir='ltr'><strong>nunc</strong></span> <span class='ocrx_word' id='word_1_70' title='bbox 517 1276 549 1334; x_wconf 93' lang='lat' dir='ltr'><strong>in</strong></span> <span class='ocrx_word' id='word_1_71' title='bbox 567 1272 659 1333; x_wconf 92' lang='lat' dir='ltr'><strong>rebus</strong></span> <span class='ocrx_word' id='word_1_72' title='bbox 676 1273 812 1334; x_wconf 90' lang='lat' dir='ltr'><strong>humanis</strong></span> <span class='ocrx_word' id='word_1_73' title='bbox 831 1275 889 1334; x_wconf 92' lang='lat' dir='ltr'><strong>iam</strong></span> <span class='ocrx_word' id='word_1_74' title='bbox 907 1275 1065 1353; x_wconf 90' lang='lat' dir='ltr'><strong>episcopus</strong></span> <span class='ocrx_word' id='word_1_75' title='bbox 1088 1292 1159 1335; x_wconf 93' lang='lat' dir='ltr'><strong>cum</strong></span> <span class='ocrx_word' id='word_1_76' title='bbox 1179 1274 1292 1334; x_wconf 82' lang='lat' dir='ltr'><strong>honore</strong></span> 
     </span>
     <span class='ocr_line' id='line_1_10' title="bbox 287 1360 1292 1442; baseline 0.002 -21"><span class='ocrx_word' id='word_1_77' title='bbox 287 1380 304 1421; x_wconf 91' lang='lat' dir='ltr'><strong>a</strong></span> <span class='ocrx_word' id='word_1_78' title='bbox 322 1360 407 1423; x_wconf 88' lang='lat' dir='ltr'><strong>nobis</strong></span> <span class='ocrx_word' id='word_1_79' title='bbox 425 1360 525 1423; x_wconf 90' lang='lat' dir='ltr'><strong>debito</strong></span> <span class='ocrx_word' id='word_1_80' title='bbox 542 1360 739 1422; x_wconf 90' lang='lat' dir='ltr'><strong>nominandus</strong></span> <span class='ocrx_word' id='word_1_81' title='bbox 757 1361 904 1442; x_wconf 77' lang='lat' dir='ltr'><strong>Aurelius,</strong></span> <span class='ocrx_word' id='word_1_82' title='bbox 927 1380 995 1422; x_wconf 89' lang='lat' dir='ltr'><strong>cum</strong></span> <span class='ocrx_word' id='word_1_83' title='bbox 1018 1380 1077 1441; x_wconf 88' lang='lat' dir='ltr'><strong>quo</strong></span> <span class='ocrx_word' id='word_1_84' title='bbox 1100 1361 1292 1423; x_wconf 80' lang='lat' dir='ltr'><strong>recordantes</strong></span> 
     </span>
     <span class='ocr_line' id='line_1_11' title="bbox 286 1448 1345 1529; baseline 0.001 -19"><span class='ocrx_word' id='word_1_85' title='bbox 286 1448 429 1511; x_wconf 91' lang='lat' dir='ltr'><strong>mirabilia</strong></span> <span class='ocrx_word' id='word_1_86' title='bbox 460 1467 550 1529; x_wconf 92' lang='lat' dir='ltr'><strong>opera</strong></span> <span class='ocrx_word' id='word_1_87' title='bbox 582 1449 636 1510; x_wconf 86' lang='lat' dir='ltr'><strong>Dei</strong></span> <span class='ocrx_word' id='word_1_88' title='bbox 667 1449 704 1510; x_wconf 89' lang='lat' dir='ltr'><strong>de</strong></span> <span class='ocrx_word' id='word_1_89' title='bbox 736 1449 790 1509; x_wconf 89' lang='lat' dir='ltr'><strong>hac</strong></span> <span class='ocrx_word' id='word_1_90' title='bbox 822 1467 856 1510; x_wconf 92' lang='lat' dir='ltr'><strong>re</strong></span> <span class='ocrx_word' id='word_1_91' title='bbox 887 1468 974 1529; x_wconf 90' lang='lat' dir='ltr'><strong>saepe</strong></span> <span class='ocrx_word' id='word_1_92' title='bbox 1007 1450 1155 1511; x_wconf 90' lang='lat' dir='ltr'><strong>conlocuti</strong></span> <span class='ocrx_word' id='word_1_93' title='bbox 1190 1468 1292 1511; x_wconf 92' lang='lat' dir='ltr'><strong>sumus</strong></span> <span class='ocrx_word' id='word_1_94' title='bbox 1313 1465 1345 1512; x_wconf 95' lang='lat'><strong>10</strong></span> 
     </span>
     <span class='ocr_line' id='line_1_12' title="bbox 287 1536 1293 1620; baseline 0 -21"><span class='ocrx_word' id='word_1_95' title='bbox 287 1557 414 1618; x_wconf 89' lang='lat' dir='ltr'><strong>eumque</strong></span> <span class='ocrx_word' id='word_1_96' title='bbox 431 1537 514 1599; x_wconf 86' lang='lat' dir='ltr'><strong>valde</strong></span> <span class='ocrx_word' id='word_1_97' title='bbox 534 1540 712 1618; x_wconf 86' lang='lat' dir='ltr'><strong>meminisse,</strong></span> <span class='ocrx_word' id='word_1_98' title='bbox 730 1536 809 1615; x_wconf 87' lang='lat' dir='ltr'><strong>quod</strong></span> <span class='ocrx_word' id='word_1_99' title='bbox 828 1555 1102 1620; x_wconf 85' lang='lat' dir='ltr'><strong>commemoramus,</strong></span> <span class='ocrx_word' id='word_1_100' title='bbox 1118 1539 1293 1615; x_wconf 80' lang='lat' dir='ltr'><strong>invenimus.</strong></span> 
     </span>
     <span class='ocr_line' id='line_1_13' title="bbox 287 1625 1295 1708; baseline 0 -20"><span class='ocrx_word' id='word_1_101' title='bbox 287 1627 345 1700; x_wconf 85' lang='lat' dir='ltr'><strong>Qui</strong></span> <span class='ocrx_word' id='word_1_102' title='bbox 368 1645 436 1688; x_wconf 93' lang='lat' dir='ltr'><strong>cum</strong></span> <span class='ocrx_word' id='word_1_103' title='bbox 460 1644 544 1707; x_wconf 89' lang='lat' dir='ltr'><strong>eum,</strong></span> <span class='ocrx_word' id='word_1_104' title='bbox 570 1628 648 1687; x_wconf 88' lang='lat' dir='ltr'><strong>sicut</strong></span> <span class='ocrx_word' id='word_1_105' title='bbox 670 1625 817 1706; x_wconf 91' lang='lat' dir='ltr'><strong>solebant,</strong></span> <span class='ocrx_word' id='word_1_106' title='bbox 845 1644 969 1705; x_wconf 89' lang='lat' dir='ltr'><strong>vespere</strong></span> <span class='ocrx_word' id='word_1_107' title='bbox 991 1628 1159 1708; x_wconf 83' lang='lat' dir='ltr'><strong>visitarent,</strong></span> <span class='ocrx_word' id='word_1_108' title='bbox 1181 1630 1295 1707; x_wconf 87' lang='lat' dir='ltr'><strong>rogavit</strong></span> 
     </span>
     <span class='ocr_line' id='line_1_14' title="bbox 286 1713 1293 1795; baseline 0.001 -19"><span class='ocrx_word' id='word_1_109' title='bbox 286 1734 338 1776; x_wconf 89' lang='lat' dir='ltr'><strong>eos</strong></span> <span class='ocrx_word' id='word_1_110' title='bbox 356 1714 575 1777; x_wconf 81' lang='lat' dir='ltr'><strong>miserabilibus</strong></span> <span class='ocrx_word' id='word_1_111' title='bbox 593 1713 730 1795; x_wconf 85' lang='lat' dir='ltr'><strong>lacrimis,</strong></span> <span class='ocrx_word' id='word_1_112' title='bbox 754 1725 787 1775; x_wconf 92' lang='lat' dir='ltr'><strong>ut</strong></span> <span class='ocrx_word' id='word_1_113' title='bbox 805 1732 890 1775; x_wconf 90' lang='lat' dir='ltr'><strong>mane</strong></span> <span class='ocrx_word' id='word_1_114' title='bbox 909 1714 1102 1793; x_wconf 83' lang='lat' dir='ltr'><strong>dignarentur</strong></span> <span class='ocrx_word' id='word_1_115' title='bbox 1121 1735 1187 1777; x_wconf 89' lang='lat' dir='ltr'><strong>esse</strong></span> <span class='ocrx_word' id='word_1_116' title='bbox 1209 1734 1293 1795; x_wconf 88' lang='lat' dir='ltr'><strong>prae-</strong></span> 
     </span>
     <span class='ocr_line' id='line_1_15' title="bbox 286 1802 1294 1883; baseline 0.001 -18"><span class='ocrx_word' id='word_1_117' title='bbox 286 1814 387 1865; x_wconf 89' lang='lat' dir='ltr'><strong>sentes</strong></span> <span class='ocrx_word' id='word_1_118' title='bbox 410 1822 465 1865; x_wconf 90' lang='lat' dir='ltr'><strong>suo</strong></span> <span class='ocrx_word' id='word_1_119' title='bbox 489 1804 587 1865; x_wconf 84' lang='lat' dir='ltr'><strong>lunari</strong></span> <span class='ocrx_word' id='word_1_120' title='bbox 604 1806 704 1883; x_wconf 92' lang='lat' dir='ltr'><strong>potius</strong></span> <span class='ocrx_word' id='word_1_121' title='bbox 727 1821 814 1881; x_wconf 89' lang='lat' dir='ltr'><strong>quam</strong></span> <span class='ocrx_word' id='word_1_122' title='bbox 839 1802 942 1863; x_wconf 90' lang='lat' dir='ltr'><strong>dolori.</strong></span> <span class='ocrx_word' id='word_1_123' title='bbox 988 1803 1100 1865; x_wconf 86' lang='lat' dir='ltr'><strong>Tantus</strong></span> <span class='ocrx_word' id='word_1_124' title='bbox 1123 1806 1202 1865; x_wconf 91' lang='lat' dir='ltr'><strong>enim</strong></span> <span class='ocrx_word' id='word_1_125' title='bbox 1225 1812 1294 1866; x_wconf 88' lang='lat' dir='ltr'><strong>eum</strong></span> 
     </span>
     <span class='ocr_line' id='line_1_16' title="bbox 287 1890 1346 1972; baseline 0 -19"><span class='ocrx_word' id='word_1_126' title='bbox 287 1902 386 1953; x_wconf 87' lang='lat' dir='ltr'><strong>metus</strong></span> <span class='ocrx_word' id='word_1_127' title='bbox 408 1911 444 1954; x_wconf 89' lang='lat' dir='ltr'><strong>ex</strong></span> <span class='ocrx_word' id='word_1_128' title='bbox 466 1890 617 1972; x_wconf 86' lang='lat' dir='ltr'><strong>prioribus</strong></span> <span class='ocrx_word' id='word_1_129' title='bbox 640 1894 787 1951; x_wconf 88' lang='lat' dir='ltr'><strong>invaserat</strong></span> <span class='ocrx_word' id='word_1_130' title='bbox 810 1892 930 1971; x_wconf 91' lang='lat' dir='ltr'><strong>poenis,</strong></span> <span class='ocrx_word' id='word_1_131' title='bbox 953 1899 987 1953; x_wconf 89' lang='lat' dir='ltr'><strong>ut</strong></span> <span class='ocrx_word' id='word_1_132' title='bbox 1008 1910 1041 1953; x_wconf 89' lang='lat' dir='ltr'><strong>se</strong></span> <span class='ocrx_word' id='word_1_133' title='bbox 1064 1894 1143 1954; x_wconf 92' lang='lat' dir='ltr'><strong>inter</strong></span> <span class='ocrx_word' id='word_1_134' title='bbox 1166 1892 1292 1955; x_wconf 88' lang='lat' dir='ltr'><strong>medico·</strong></span> <span class='ocrx_word' id='word_1_135' title='bbox 1314 1904 1346 1953; x_wconf 79' lang='lat' dir='ltr'><strong>tc</strong></span> 
     </span>
     <span class='ocr_line' id='line_1_17' title="bbox 286 1979 1294 2044; baseline 0.001 -2"><span class='ocrx_word' id='word_1_136' title='bbox 286 1999 354 2042; x_wconf 89' lang='lat' dir='ltr'><strong>rum</strong></span> <span class='ocrx_word' id='word_1_137' title='bbox 371 1998 477 2042; x_wconf 90' lang='lat' dir='ltr'><strong>manus</strong></span> <span class='ocrx_word' id='word_1_138' title='bbox 494 1998 555 2041; x_wconf 90' lang='lat' dir='ltr'><strong>non</strong></span> <span class='ocrx_word' id='word_1_139' title='bbox 573 1979 723 2040; x_wconf 90' lang='lat' dir='ltr'><strong>dubitaret</strong></span> <span class='ocrx_word' id='word_1_140' title='bbox 741 1998 806 2040; x_wconf 92' lang='lat' dir='ltr'><strong>esse</strong></span> <span class='ocrx_word' id='word_1_141' title='bbox 825 1982 1012 2041; x_wconf 91' lang='lat' dir='ltr'><strong>moriturum.</strong></span> <span class='ocrx_word' id='word_1_142' title='bbox 1057 1979 1206 2042; x_wconf 78' lang='lat' dir='ltr'><strong>consolati</strong></span> <span class='ocrx_word' id='word_1_143' title='bbox 1224 1990 1294 2044; x_wconf 90' lang='lat' dir='ltr'><strong>sunt</strong></span> 
     </span>
     <span class='ocr_line' id='line_1_18' title="bbox 287 2067 1293 2148; baseline 0 -18"><span class='ocrx_word' id='word_1_144' title='bbox 287 2088 355 2130; x_wconf 94' lang='lat' dir='ltr'><strong>eum</strong></span> <span class='ocrx_word' id='word_1_145' title='bbox 377 2069 422 2130; x_wconf 92' lang='lat' dir='ltr'><strong>illi</strong></span> <span class='ocrx_word' id='word_1_146' title='bbox 443 2076 474 2130; x_wconf 90' lang='lat' dir='ltr'><strong>et</strong></span> <span class='ocrx_word' id='word_1_147' title='bbox 496 2068 621 2148; x_wconf 86' lang='lat' dir='ltr'><strong>hortati,</strong></span> <span class='ocrx_word' id='word_1_148' title='bbox 643 2070 730 2129; x_wconf 93' lang='lat' dir='ltr'><strong>utin</strong></span> <span class='ocrx_word' id='word_1_149' title='bbox 753 2067 815 2127; x_wconf 84' lang='lat' dir='ltr'><strong>lleo</strong></span> <span class='ocrx_word' id='word_1_150' title='bbox 838 2068 944 2128; x_wconf 83' lang='lat' dir='ltr'><strong>fideret</strong></span> <span class='ocrx_word' id='word_1_151' title='bbox 966 2070 1089 2147; x_wconf 79' lang='lat' dir='ltr'><strong>abusque</strong></span> <span class='ocrx_word' id='word_1_152' title='bbox 1113 2069 1293 2130; x_wconf 84' lang='lat' dir='ltr'><strong>voluntatem</strong></span> 
     </span>
     <span class='ocr_line' id='line_1_19' title="bbox 286 2155 1293 2238; baseline 0.004 -23"><span class='ocrx_word' id='word_1_153' title='bbox 286 2158 411 2219; x_wconf 80' lang='lat' dir='ltr'><strong>viriliter</strong></span> <span class='ocrx_word' id='word_1_154' title='bbox 438 2158 539 2217; x_wconf 83' lang='lat' dir='ltr'><strong>ferret.</strong></span> <span class='ocrx_word' id='word_1_155' title='bbox 583 2155 654 2217; x_wconf 90' lang='lat' dir='ltr'><strong>lude</strong></span> <span class='ocrx_word' id='word_1_156' title='bbox 683 2155 717 2216; x_wconf 90' lang='lat' dir='ltr'><strong>ad</strong></span> <span class='ocrx_word' id='word_1_157' title='bbox 747 2158 910 2217; x_wconf 91' lang='lat' dir='ltr'><strong>orationem</strong></span> <span class='ocrx_word' id='word_1_158' title='bbox 939 2159 1065 2235; x_wconf 89' lang='lat' dir='ltr'><strong>ingressi</strong></span> <span class='ocrx_word' id='word_1_159' title='bbox 1094 2176 1210 2238; x_wconf 82' lang='lat' dir='ltr'><strong>sumus3</strong></span> <span class='ocrx_word' id='word_1_160' title='bbox 1242 2158 1293 2219; x_wconf 93' lang='lat' dir='ltr'><strong>ubi</strong></span> 
     </span>
     <span class='ocr_line' id='line_1_20' title="bbox 287 2243 1292 2323; baseline 0.002 -18"><span class='ocrx_word' id='word_1_161' title='bbox 287 2245 372 2306; x_wconf 93' lang='lat' dir='ltr'><strong>nobis</strong></span> <span class='ocrx_word' id='word_1_162' title='bbox 395 2264 431 2305; x_wconf 89' lang='lat' dir='ltr'><strong>ex</strong></span> <span class='ocrx_word' id='word_1_163' title='bbox 455 2262 536 2305; x_wconf 92' lang='lat' dir='ltr'><strong>more</strong></span> <span class='ocrx_word' id='word_1_164' title='bbox 559 2262 654 2323; x_wconf 90' lang='lat' dir='ltr'><strong>genua</strong></span> <span class='ocrx_word' id='word_1_165' title='bbox 679 2243 835 2323; x_wconf 87' lang='lat' dir='ltr'><strong>ligentibus</strong></span> <span class='ocrx_word' id='word_1_166' title='bbox 859 2253 947 2322; x_wconf 89' lang='lat' dir='ltr'><strong>atque</strong></span> <span class='ocrx_word' id='word_1_167' title='bbox 969 2244 1210 2307; x_wconf 86' lang='lat' dir='ltr'><strong>incumbentibus</strong></span> <span class='ocrx_word' id='word_1_168' title='bbox 1234 2253 1292 2307; x_wconf 90' lang='lat' dir='ltr'><strong>ter·</strong></span> 
     </span>
     <span class='ocr_line' id='line_1_21' title="bbox 287 2332 1347 2413; baseline 0.002 -20"><span class='ocrx_word' id='word_1_169' title='bbox 287 2352 338 2394; x_wconf 91' lang='lat' dir='ltr'><strong>rae</strong></span> <span class='ocrx_word' id='word_1_170' title='bbox 365 2333 413 2394; x_wconf 89' lang='lat' dir='ltr'><strong>ille</strong></span> <span class='ocrx_word' id='word_1_171' title='bbox 440 2352 473 2394; x_wconf 92' lang='lat' dir='ltr'><strong>se</strong></span> <span class='ocrx_word' id='word_1_172' title='bbox 500 2335 541 2394; x_wconf 89' lang='lat' dir='ltr'><strong>ita</strong></span> <span class='ocrx_word' id='word_1_173' title='bbox 568 2334 709 2413; x_wconf 88' lang='lat' dir='ltr'><strong>proiecit,</strong></span> <span class='ocrx_word' id='word_1_174' title='bbox 736 2341 884 2411; x_wconf 88' lang='lat' dir='ltr'><strong>tamquam</strong></span> <span class='ocrx_word' id='word_1_175' title='bbox 913 2333 1018 2393; x_wconf 86' lang='lat' dir='ltr'><strong>luisset</strong></span> <span class='ocrx_word' id='word_1_176' title='bbox 1045 2332 1142 2412; x_wconf 92' lang='lat' dir='ltr'><strong>aliquo</strong></span> <span class='ocrx_word' id='word_1_177' title='bbox 1165 2336 1293 2413; x_wconf 83' lang='lat' dir='ltr'><strong>graviter</strong></span> <span class='ocrx_word' id='word_1_178' title='bbox 1313 2348 1347 2396; x_wconf 77' lang='lat' dir='ltr'><strong>ao</strong></span> 
     </span>
     <span class='ocr_line' id='line_1_22' title="bbox 286 2420 1292 2502; baseline 0 -20"><span class='ocrx_word' id='word_1_179' title='bbox 286 2422 446 2501; x_wconf 84' lang='lat' dir='ltr'><strong>inpellente</strong></span> <span class='ocrx_word' id='word_1_180' title='bbox 468 2428 649 2501; x_wconf 91' lang='lat' dir='ltr'><strong>prostratus,</strong></span> <span class='ocrx_word' id='word_1_181' title='bbox 672 2429 703 2481; x_wconf 92' lang='lat' dir='ltr'><strong>et</strong></span> <span class='ocrx_word' id='word_1_182' title='bbox 725 2422 823 2500; x_wconf 88' lang='lat' dir='ltr'><strong>coepit</strong></span> <span class='ocrx_word' id='word_1_183' title='bbox 846 2438 944 2487; x_wconf 83' lang='lat' dir='ltr'><strong>orare:</strong></span> <span class='ocrx_word' id='word_1_184' title='bbox 968 2420 1076 2499; x_wconf 90' lang='lat' dir='ltr'><strong>quibus</strong></span> <span class='ocrx_word' id='word_1_185' title='bbox 1100 2421 1210 2502; x_wconf 90' lang='lat' dir='ltr'><strong>modis,</strong></span> <span class='ocrx_word' id='word_1_186' title='bbox 1233 2441 1292 2501; x_wconf 90' lang='lat' dir='ltr'><strong>quo</strong></span> 
     </span>
     <span class='ocr_line' id='line_1_23' title="bbox 286 2508 1373 2591; baseline 0.001 -20"><span class='ocrx_word' id='word_1_187' title='bbox 286 2512 410 2591; x_wconf 79' lang='lat' dir='ltr'><strong>ellectu,</strong></span> <span class='ocrx_word' id='word_1_188' title='bbox 440 2528 498 2589; x_wconf 87' lang='lat' dir='ltr'><strong>quo</strong></span> <span class='ocrx_word' id='word_1_189' title='bbox 526 2519 608 2570; x_wconf 92' lang='lat' dir='ltr'><strong>motu</strong></span> <span class='ocrx_word' id='word_1_190' title='bbox 637 2511 739 2582; x_wconf 92' lang='lat' dir='ltr'><strong>animi,</strong></span> <span class='ocrx_word' id='word_1_191' title='bbox 768 2527 826 2587; x_wconf 89' lang='lat' dir='ltr'><strong>quo</strong></span> <span class='ocrx_word' id='word_1_192' title='bbox 849 2508 937 2569; x_wconf 85' lang='lat' dir='ltr'><strong>sstrvio</strong></span> <span class='ocrx_word' id='word_1_193' title='bbox 960 2508 1162 2590; x_wconf 90' lang='lat' dir='ltr'><strong>lacrimarum,</strong></span> <span class='ocrx_word' id='word_1_194' title='bbox 1185 2510 1294 2589; x_wconf 89' lang='lat' dir='ltr'><strong>quibus</strong></span> <span class='ocrx_word' id='word_1_195' title='bbox 1372 2512 1373 2515; x_wconf 72' lang='grc'>’</span> 
     </span>
     <span class='ocr_line' id='line_1_24' title="bbox 285 2596 1294 2679; baseline -0.001 -19"><span class='ocrx_word' id='word_1_196' title='bbox 285 2598 445 2679; x_wconf 82' lang='lat' dir='ltr'><strong>gemitibus</strong></span> <span class='ocrx_word' id='word_1_197' title='bbox 467 2605 556 2677; x_wconf 85' lang='lat' dir='ltr'><strong>atque</strong></span> <span class='ocrx_word' id='word_1_198' title='bbox 578 2596 757 2677; x_wconf 80' lang='lat' dir='ltr'><strong>singultibus</strong></span> <span class='ocrx_word' id='word_1_199' title='bbox 779 2596 1015 2657; x_wconf 82' lang='lat' dir='ltr'><strong>succutientibus</strong></span> <span class='ocrx_word' id='word_1_200' title='bbox 1038 2600 1135 2658; x_wconf 93' lang='lat' dir='ltr'><strong>omnia</strong></span> <span class='ocrx_word' id='word_1_201' title='bbox 1163 2598 1294 2660; x_wconf 91' lang='lat' dir='ltr'><strong>membra</strong></span> 
     </span>
     <span class='ocr_line' id='line_1_25' title="bbox 286 2684 1295 2767; baseline 0.001 -19"><span class='ocrx_word' id='word_1_202' title='bbox 286 2690 352 2748; x_wconf 88' lang='lat' dir='ltr'><strong>eius</strong></span> <span class='ocrx_word' id='word_1_203' title='bbox 373 2697 404 2748; x_wconf 90' lang='lat' dir='ltr'><strong>et</strong></span> <span class='ocrx_word' id='word_1_204' title='bbox 425 2704 519 2766; x_wconf 91' lang='lat' dir='ltr'><strong>paene</strong></span> <span class='ocrx_word' id='word_1_205' title='bbox 536 2684 804 2748; x_wconf 90' lang='lat' dir='ltr'><strong>intercludentibus</strong></span> <span class='ocrx_word' id='word_1_206' title='bbox 822 2687 969 2767; x_wconf 91' lang='lat' dir='ltr'><strong>spiritum,</strong></span> <span class='ocrx_word' id='word_1_207' title='bbox 991 2687 1058 2764; x_wconf 91' lang='lat' dir='ltr'><strong>quis</strong></span> <span class='ocrx_word' id='word_1_208' title='bbox 1077 2685 1144 2747; x_wconf 92' lang='lat' dir='ltr'><strong>ullis</strong></span> <span class='ocrx_word' id='word_1_209' title='bbox 1168 2687 1295 2767; x_wconf 85' lang='lat' dir='ltr'><strong>explicet</strong></span> 
     </span>
     <span class='ocr_line' id='line_1_26' title="bbox 287 2771 1347 2838; baseline 0.002 -2"><span class='ocrx_word' id='word_1_210' title='bbox 287 2771 407 2837; x_wconf 81' lang='lat' dir='ltr'><strong>verbis?</strong></span> <span class='ocrx_word' id='word_1_211' title='bbox 438 2773 544 2837; x_wconf 88' lang='lat' dir='ltr'><strong>Utrum</strong></span> <span class='ocrx_word' id='word_1_212' title='bbox 563 2783 684 2835; x_wconf 92' lang='lat' dir='ltr'><strong>orarent</strong></span> <span class='ocrx_word' id='word_1_213' title='bbox 700 2774 749 2835; x_wconf 89' lang='lat' dir='ltr'><strong>alii</strong></span> <span class='ocrx_word' id='word_1_214' title='bbox 772 2792 827 2833; x_wconf 89' lang='lat' dir='ltr'><strong>uec</strong></span> <span class='ocrx_word' id='word_1_215' title='bbox 845 2775 876 2833; x_wconf 94' lang='lat' dir='ltr'><strong>in</strong></span> <span class='ocrx_word' id='word_1_216' title='bbox 894 2773 966 2833; x_wconf 89' lang='lat' dir='ltr'><strong>haec</strong></span> <span class='ocrx_word' id='word_1_217' title='bbox 985 2792 1089 2835; x_wconf 90' lang='lat' dir='ltr'><strong>eorum</strong></span> <span class='ocrx_word' id='word_1_218' title='bbox 1112 2785 1295 2838; x_wconf 83' lang='lat' dir='ltr'><strong>averteretur</strong></span> <span class='ocrx_word' id='word_1_219' title='bbox 1314 2788 1347 2838; x_wconf 78' lang='lat'><strong>25</strong></span> 
     </span>
     <span class='ocr_line' id='line_1_27' title="bbox 285 2862 1293 2947; baseline 0 -22"><span class='ocrx_word' id='word_1_220' title='bbox 285 2865 421 2942; x_wconf 89' lang='lat' dir='ltr'><strong>intentio,</strong></span> <span class='ocrx_word' id='word_1_221' title='bbox 435 2862 611 2925; x_wconf 87' lang='lat' dir='ltr'><strong>nesciebam.</strong></span> <span class='ocrx_word' id='word_1_222' title='bbox 647 2862 710 2942; x_wconf 84' lang='lat' dir='ltr'><strong>Ego</strong></span> <span class='ocrx_word' id='word_1_223' title='bbox 723 2870 822 2923; x_wconf 92' lang='lat' dir='ltr'><strong>tamen</strong></span> <span class='ocrx_word' id='word_1_224' title='bbox 836 2879 959 2941; x_wconf 91' lang='lat' dir='ltr'><strong>prorsus</strong></span> <span class='ocrx_word' id='word_1_225' title='bbox 974 2881 1059 2923; x_wconf 86' lang='lat' dir='ltr'><strong>orare</strong></span> <span class='ocrx_word' id='word_1_226' title='bbox 1074 2881 1133 2924; x_wconf 91' lang='lat' dir='ltr'><strong>uon</strong></span> <span class='ocrx_word' id='word_1_227' title='bbox 1148 2873 1293 2947; x_wconf 73' lang='lat' dir='ltr'><strong>poteram,</strong></span> 
     </span>
     <span class='ocr_line' id='line_1_28' title="bbox 286 2950 1294 3034; baseline 0.001 -21"><span class='ocrx_word' id='word_1_228' title='bbox 286 2952 344 3014; x_wconf 90' lang='lat' dir='ltr'><strong>boc</strong></span> <span class='ocrx_word' id='word_1_229' title='bbox 371 2951 573 3013; x_wconf 86' lang='lat' dir='ltr'><strong>tantummodo</strong></span> <span class='ocrx_word' id='word_1_230' title='bbox 600 2950 731 3012; x_wconf 83' lang='lat' dir='ltr'><strong>breviter</strong></span> <span class='ocrx_word' id='word_1_231' title='bbox 757 2953 788 3011; x_wconf 94' lang='lat' dir='ltr'><strong>in</strong></span> <span class='ocrx_word' id='word_1_232' title='bbox 823 2950 911 3011; x_wconf 88' lang='lat' dir='ltr'><strong>corde</strong></span> <span class='ocrx_word' id='word_1_233' title='bbox 942 2969 1008 3011; x_wconf 89' lang='lat' dir='ltr'><strong>meo</strong></span> <span class='ocrx_word' id='word_1_234' title='bbox 1038 2950 1112 3014; x_wconf 88' lang='lat' dir='ltr'><strong>dixi:</strong></span> <span class='ocrx_word' id='word_1_235' title='bbox 1142 2952 1294 3034; x_wconf 67' lang='lat' dir='ltr'><strong>„bomine</strong></span> 
     </span>
     <span class='ocr_line' id='line_1_29' title="bbox 287 3034 1294 3120; baseline 0.001 -19"><span class='ocrx_word' id='word_1_236' title='bbox 287 3058 361 3119; x_wconf 89' lang='lat' dir='ltr'><strong>quas</strong></span> <span class='ocrx_word' id='word_1_237' title='bbox 384 3048 504 3101; x_wconf 91' lang='lat' dir='ltr'><strong>tuorum</strong></span> <span class='ocrx_word' id='word_1_238' title='bbox 527 3058 632 3119; x_wconf 89' lang='lat' dir='ltr'><strong>preces</strong></span> <span class='ocrx_word' id='word_1_239' title='bbox 656 3039 786 3120; x_wconf 84' lang='lat' dir='ltr'><strong>exaudis,</strong></span> <span class='ocrx_word' id='word_1_240' title='bbox 809 3042 835 3099; x_wconf 90' lang='lat' dir='ltr'><strong>si</strong></span> <span class='ocrx_word' id='word_1_241' title='bbox 859 3038 910 3098; x_wconf 90' lang='lat' dir='ltr'><strong>bas</strong></span> <span class='ocrx_word' id='word_1_242' title='bbox 934 3058 993 3101; x_wconf 91' lang='lat' dir='ltr'><strong>non</strong></span> <span class='ocrx_word' id='word_1_243' title='bbox 1017 3034 1180 3101; x_wconf 55' lang='lat' dir='ltr'><strong>exaudisd‘</strong></span> <span class='ocrx_word' id='word_1_244' title='bbox 1215 3041 1294 3102; x_wconf 88' lang='lat' dir='ltr'><strong>Nihil</strong></span> 
     </span>
     <span class='ocr_line' id='line_1_30' title="bbox 286 3127 1295 3209; baseline 0 -20"><span class='ocrx_word' id='word_1_245' title='bbox 286 3132 366 3189; x_wconf 89' lang='lat' dir='ltr'><strong>enim</strong></span> <span class='ocrx_word' id='word_1_246' title='bbox 398 3128 470 3189; x_wconf 92' lang='lat' dir='ltr'><strong>mibi</strong></span> <span class='ocrx_word' id='word_1_247' title='bbox 501 3127 653 3188; x_wconf 85' lang='lat' dir='ltr'><strong>videbatur</strong></span> <span class='ocrx_word' id='word_1_248' title='bbox 685 3127 752 3188; x_wconf 92' lang='lat' dir='ltr'><strong>addi</strong></span> <span class='ocrx_word' id='word_1_249' title='bbox 783 3130 840 3188; x_wconf 92' lang='lat' dir='ltr'><strong>iam</strong></span> <span class='ocrx_word' id='word_1_250' title='bbox 868 3146 971 3208; x_wconf 91' lang='lat' dir='ltr'><strong>posse,</strong></span> <span class='ocrx_word' id='word_1_251' title='bbox 998 3130 1057 3189; x_wconf 87' lang='lat' dir='ltr'><strong>nisi</strong></span> <span class='ocrx_word' id='word_1_252' title='bbox 1083 3135 1117 3189; x_wconf 94' lang='lat' dir='ltr'><strong>ut</strong></span> <span class='ocrx_word' id='word_1_253' title='bbox 1146 3131 1295 3209; x_wconf 85' lang='lat' dir='ltr'><strong>expiraret</strong></span> 
     </span>
     <span class='ocr_line' id='line_1_31' title="bbox 287 3215 1347 3296; baseline 0.001 -19"><span class='ocrx_word' id='word_1_254' title='bbox 287 3217 406 3278; x_wconf 87' lang='lat' dir='ltr'><strong>orando.</strong></span> <span class='ocrx_word' id='word_1_255' title='bbox 453 3216 644 3276; x_wconf 75' lang='lat' dir='ltr'><strong>surreximus</strong></span> <span class='ocrx_word' id='word_1_256' title='bbox 667 3225 698 3277; x_wconf 92' lang='lat' dir='ltr'><strong>et</strong></span> <span class='ocrx_word' id='word_1_257' title='bbox 720 3224 841 3295; x_wconf 90' lang='lat' dir='ltr'><strong>accepta</strong></span> <span class='ocrx_word' id='word_1_258' title='bbox 864 3215 900 3275; x_wconf 96' lang='lat' dir='ltr'><strong>ab</strong></span> <span class='ocrx_word' id='word_1_259' title='bbox 924 3219 1063 3296; x_wconf 90' lang='lat' dir='ltr'><strong>episcopo</strong></span> <span class='ocrx_word' id='word_1_260' title='bbox 1086 3215 1291 3278; x_wconf 88' lang='lat' dir='ltr'><strong>benedictione</strong></span> <span class='ocrx_word' id='word_1_261' title='bbox 1313 3231 1347 3278; x_wconf 82' lang='lat'><strong>30</strong></span> 
     </span>
     <span class='ocr_line' id='line_1_32' title="bbox 286 3303 1292 3386; baseline 0 -20"><span class='ocrx_word' id='word_1_262' title='bbox 286 3305 487 3386; x_wconf 91' lang='lat' dir='ltr'><strong>discessimus,</strong></span> <span class='ocrx_word' id='word_1_263' title='bbox 510 3314 631 3383; x_wconf 81' lang='lat' dir='ltr'><strong>rogante</strong></span> <span class='ocrx_word' id='word_1_264' title='bbox 655 3303 704 3364; x_wconf 93' lang='lat' dir='ltr'><strong>illo</strong></span> <span class='ocrx_word' id='word_1_265' title='bbox 728 3314 762 3365; x_wconf 91' lang='lat' dir='ltr'><strong>nt</strong></span> <span class='ocrx_word' id='word_1_266' title='bbox 783 3323 870 3364; x_wconf 88' lang='lat' dir='ltr'><strong>mane</strong></span> <span class='ocrx_word' id='word_1_267' title='bbox 893 3303 1039 3379; x_wconf 88' lang='lat' dir='ltr'><strong>adessent,</strong></span> <span class='ocrx_word' id='word_1_268' title='bbox 1062 3304 1120 3365; x_wconf 91' lang='lat' dir='ltr'><strong>illis</strong></span> <span class='ocrx_word' id='word_1_269' title='bbox 1142 3315 1176 3366; x_wconf 93' lang='lat' dir='ltr'><strong>ut</strong></span> <span class='ocrx_word' id='word_1_270' title='bbox 1198 3323 1292 3385; x_wconf 88' lang='lat' dir='ltr'><strong>aequo</strong></span> 
     </span>
     <span class='ocr_line' id='line_1_33' title="bbox 287 3391 1292 3474; baseline 0.003 -22"><span class='ocrx_word' id='word_1_271' title='bbox 287 3395 384 3454; x_wconf 90' lang='lat' dir='ltr'><strong>animo</strong></span> <span class='ocrx_word' id='word_1_272' title='bbox 403 3402 483 3454; x_wconf 89' lang='lat' dir='ltr'><strong>esset</strong></span> <span class='ocrx_word' id='word_1_273' title='bbox 500 3392 695 3454; x_wconf 89' lang='lat' dir='ltr'><strong>hortantibus.</strong></span> <span class='ocrx_word' id='word_1_274' title='bbox 740 3391 850 3453; x_wconf 89' lang='lat' dir='ltr'><strong>lnluxit</strong></span> <span class='ocrx_word' id='word_1_275' title='bbox 869 3392 932 3452; x_wconf 91' lang='lat' dir='ltr'><strong>dies</strong></span> <span class='ocrx_word' id='word_1_276' title='bbox 952 3394 1002 3471; x_wconf 88' lang='lat' dir='ltr'><strong>qui</strong></span> <span class='ocrx_word' id='word_1_277' title='bbox 1025 3391 1221 3474; x_wconf 87' lang='lat' dir='ltr'><strong>metuebatur,</strong></span> <span class='ocrx_word' id='word_1_278' title='bbox 1244 3395 1292 3455; x_wconf 90' lang='lat' dir='ltr'><strong>ad·</strong></span> 
     </span>
     <span class='ocr_line' id='line_1_34' title="bbox 286 3480 1292 3563; baseline 0.001 -22"><span class='ocrx_word' id='word_1_279' title='bbox 286 3489 371 3542; x_wconf 89' lang='lat' dir='ltr'><strong>erant</strong></span> <span class='ocrx_word' id='word_1_280' title='bbox 393 3484 471 3542; x_wconf 91' lang='lat' dir='ltr'><strong>servi</strong></span> <span class='ocrx_word' id='word_1_281' title='bbox 494 3480 561 3561; x_wconf 86' lang='lat' dir='ltr'><strong>Dei,</strong></span> <span class='ocrx_word' id='word_1_282' title='bbox 591 3483 668 3542; x_wconf 87' lang='lat' dir='ltr'><strong>sicut</strong></span> <span class='ocrx_word' id='word_1_283' title='bbox 690 3500 722 3541; x_wconf 90' lang='lat' dir='ltr'><strong>se</strong></span> <span class='ocrx_word' id='word_1_284' title='bbox 745 3481 900 3541; x_wconf 82' lang='lat' dir='ltr'><strong>adiuturos</strong></span> <span class='ocrx_word' id='word_1_285' title='bbox 924 3498 988 3541; x_wconf 88' lang='lat' dir='ltr'><strong>esse</strong></span> <span class='ocrx_word' id='word_1_286' title='bbox 1013 3483 1226 3563; x_wconf 90' lang='lat' dir='ltr'><strong>promiserant,</strong></span> <span class='ocrx_word' id='word_1_287' title='bbox 1248 3485 1292 3544; x_wconf 88' lang='lat' dir='ltr'><strong>in·</strong></span> 
     </span>
    </p>
   </div>
   <div class='ocr_carea' id='block_1_3' title="bbox 284 3702 1296 3845">
    <p class='ocr_par' dir='ltr' id='par_1_3' title="bbox 284 3702 1296 3845">
     <span class='ocr_line' id='line_1_35' title="bbox 356 3702 1296 3772; baseline -0.005 -13"><span class='ocrx_word' id='word_1_288' title='bbox 356 3711 372 3759; x_wconf 81' lang='grc'><strong>6</strong></span> <span class='ocrx_word' id='word_1_289' title='bbox 388 3703 505 3759; x_wconf 84' lang='lat' dir='ltr'><strong>Gelosus</strong></span> <span class='ocrx_word' id='word_1_290' title='bbox 514 3703 569 3772; x_wconf 87' lang='lat' dir='ltr'><strong>p¹v</strong></span> <span class='ocrx_word' id='word_1_291' title='bbox 582 3706 592 3772; x_wconf 90' lang='grc' dir='ltr'><strong>ΙΙ</strong></span> <span class='ocrx_word' id='word_1_292' title='bbox 607 3709 639 3756; x_wconf 89' lang='grc'><strong>10</strong></span> <span class='ocrx_word' id='word_1_293' title='bbox 653 3718 739 3771; x_wconf 81' lang='lat' dir='ltr'><strong>opere</strong></span> <span class='ocrx_word' id='word_1_294' title='bbox 748 3702 827 3758; x_wconf 65' lang='lat' dir='ltr'><strong>R¹n¹</strong></span> <span class='ocrx_word' id='word_1_295' title='bbox 840 3702 880 3757; x_wconf 81' lang='lat' dir='ltr'><strong>ed.</strong></span> <span class='ocrx_word' id='word_1_296' title='bbox 889 3703 980 3772; x_wconf 77' lang='lat' dir='ltr'><strong>princ.</strong></span> <span class='ocrx_word' id='word_1_297' title='bbox 991 3719 1007 3755; x_wconf 85' lang='lat' dir='ltr'><strong>o</strong></span> <span class='ocrx_word' id='word_1_298' title='bbox 1017 3705 1092 3769; x_wconf 83' lang='lat'><em>(612,</em></span> <span class='ocrx_word' id='word_1_299' title='bbox 1101 3704 1165 3768; x_wconf 80' lang='lat'><strong>26);</strong></span> <span class='ocrx_word' id='word_1_300' title='bbox 1180 3717 1296 3769; x_wconf 86' lang='lat' dir='ltr'><strong>operum</strong></span> 
     </span>
     <span class='ocr_line' id='line_1_36' title="bbox 284 3775 531 3845; baseline -0.016 -12"><span class='ocrx_word' id='word_1_301' title='bbox 284 3775 531 3845; x_wconf 62' lang='lat' dir='ltr'><strong>R’Atre2aoe9p</strong></span> 
     </span>
    </p>
   </div>
   <div class='ocr_carea' id='block_1_4' title="bbox 0 0 1649 4459">
    <p class='ocr_par' dir='ltr' id='par_1_4' title="bbox 0 0 1649 4459">
     <span class='ocr_line' id='line_1_37' title="bbox 0 0 1649 4459; baseline 0 0"><span class='ocrx_word' id='word_1_302' title='bbox 0 0 1649 4459; x_wconf 95' lang='lat' dir='ltr'><strong> </strong></span> 
     </span>
    </p>
   </div>
  </div>
 </body>
</html>
