3284 4459
325 488 389 551 104
725 499 747 542 s.
761 498 927 542 cucusum

324 639 403 716 tusa,
430 637 661 722 utpuniversum
689 651 783 712 genus
806 633 969 695 humanum
991 637 1128 715 exceptis,
1146 643 1213 695 octo
1237 635 1332 696 homi·

321 725 412 785 nibus
435 723 544 785 diluvio
566 725 666 802 perire
689 731 864 782 mereretur.

718 965 835 1032 Carur
853 965 940 1031 xxi„

331 1099 398 1170 Qua
425 1098 546 1156 ratione
572 1101 802 1156 commemorato
825 1095 944 1167 Enoch,
971 1096 1027 1168 qm·
1050 1091 1114 1170 fuit
1137 1097 1221 1168 filias
1247 1095 1333 1167 Cain,

289 1197 307 1245 5
327 1187 417 1247 totius
434 1185 642 1258 qenerationis
661 1185 840 1257 ciuemque
861 1185 906 1243 ad
927 1185 1072 1243 diluvium
1092 1185 1133 1242 sit
1154 1186 1332 1244 continuata

376 1275 535 1342 narratio;
558 1278 787 1331 commemorato
810 1278 911 1331 autem
934 1271 1025 1345 Eoos,
1048 1273 1103 1345 qm·
1120 1270 1184 1346 suit
1201 1274 1285 1346 filius

465 1360 546 1433 Seth,
571 1361 614 1419 ad
635 1362 816 1420 conditionis
838 1361 991 1420 humanae
1009 1363 1196 1436 principiam

727 1451 768 1506 sit
789 1450 928 1508 reditum.

259 1634 262 1642 ,
415 1572 515 1634 Primo
539 1579 638 1632 autem
660 1570 837 1631 intuendum
860 1580 919 1651 est,
942 1589 1030 1649 quem
1053 1571 1088 1631 ad
1112 1572 1241 1652 modum,
1264 1589 1333 1632 cum

278 1675 309 1724 to
328 1681 364 1723 ex
387 1660 460 1721 Cain
488 1663 694 1738 generationes
722 1668 982 1740 enumerarentur,
1013 1669 1241 1720 commemorato
1264 1670 1332 1720 ante

329 1759 445 1811 ceteros
472 1756 609 1829 posteros
636 1749 701 1807 eius
728 1746 791 1827 illo,
818 1749 849 1807 iu
876 1749 962 1808 cuius
994 1749 1113 1808 nomine
1140 1748 1258 1809 condita
1287 1757 1334 1808 est

328 1841 439 1917 civitaS,
462 1837 491 1897 id
511 1845 556 1896 est
574 1835 686 1916 Enoch,
710 1837 841 1895 contexti
863 1844 934 1896 sunt
957 1837 1167 1914 deteriusque
1190 1837 1226 1896 ad
1249 1837 1333 1896 illum

327 1928 425 2006 finem,
448 1925 485 1986 dc
509 1943 568 2002 quo
587 1923 704 1986 locutus
728 1941 803 2002 sum,
826 1923 920 1984 donec
942 1923 1016 1983 illud
1039 1942 1133 2002 genus
1156 1933 1244 2003 atque
1268 1927 1332 1985 uni·

329 2032 414 2074 versa
446 2031 576 2092 propago
609 2011 718 2072 diluvio
751 2011 915 2092 deleretur3
951 2029 1019 2072 cum
1051 2030 1121 2072 vero
1152 2013 1230 2074 tilius
1261 2012 1334 2074 Seth

277 2114 309 2164 15
329 2121 408 2163 uuus
432 2109 679 2161 commemoratus
707 2099 813 2160 fuisset
835 2099 930 2180 EnoS,
959 2101 1090 2160 noudum
1112 2119 1209 2180 usque
1232 2101 1268 2161 ad
1290 2101 1333 2160 di-

329 2191 440 2252 luvium
472 2189 578 2249 additis
612 2189 720 2248 ceteris
753 2187 896 2248 articulus
926 2189 1045 2266 quidam
1072 2190 1273 2268 interponitur
1303 2197 1335 2250 et

328 2279 449 2341 dicitur:
472 2278 532 2338 Hic
551 2278 628 2337 tiber
646 2279 813 2336 nativitatis
831 2279 991 2357 hominum,
1013 2295 1075 2352 quo
1094 2281 1144 2338 die
1157 2277 1235 2353 fecit
1250 2279 1335 2339 Beue

327 2370 439 2442 Adam,
466 2368 510 2426 ad
535 2367 696 2440 imupinem
723 2365 783 2425 Dei
805 2363 883 2439 fecit
908 2368 999 2426 illum.
1043 2366 1215 2427 Masculum
1238 2375 1268 2427 et
1286 2365 1333 2441 se-

328 2460 439 2516 minam
449 2454 527 2530 fecit
541 2456 613 2528 illos,
633 2459 663 2513 et
676 2454 832 2514 benedixit
849 2457 922 2526 illos,
941 2461 972 2514 et
988 2457 1210 2529 copnominavit
1227 2473 1335 2517 nomen

276 2557 309 2605 20
329 2561 433 2605 eorum
451 2545 558 2616 Adam,
581 2559 642 2617 quo
666 2544 716 2602 die
735 2540 813 2616 fecit
835 2545 908 2602 illos.
954 2541 1039 2612 Quod
1062 2541 1135 2602 mihi
1157 2543 1274 2603 videtur
1297 2543 1334 2603 ad

330 2632 387 2692 hoc
409 2632 627 2709 interpositum,
651 2638 685 2689 ut
706 2629 776 2688 hinc
798 2647 905 2699 rursus
928 2631 1074 2708 inciperet
1096 2630 1131 2690 ab
1153 2632 1219 2709 ipso
1242 2631 1335 2691 Adam

330 2721 526 2781 dinumeratio
546 2725 723 2797 temporum,
746 2735 835 2796 quam
853 2717 949 2778 noluit
966 2718 1074 2798 iacere,
1096 2720 1146 2797 qui
1164 2719 1238 2780 haec
1260 2722 1334 2779 scri-

329 2811 405 2889 psit,
427 2810 458 2866 in
481 2808 597 2866 civitate
621 2814 755 2885 terrena3
778 2814 928 2884 tamquam
951 2823 1016 2866 eam
1038 2805 1117 2867 Deus
1141 2809 1183 2866 sic
1206 2825 1334 2867 comme-

329 2904 473 2974 moraret,
500 2902 534 2954 ut
558 2911 618 2954 non
642 2901 825 2972 conputaret.
872 2894 929 2954 Sed
954 2913 1045 2972 quare
1068 2894 1137 2954 hinc
1160 2895 1275 2970 peditur
1297 2897 1334 2956 ad

276 2997 310 3046 25
329 2987 417 3044 istam
446 2982 734 3061 recapitulationem,
762 2991 866 3060 postea
895 3000 981 3060 quam
1012 2992 1259 3044 commemoratus
1288 2993 1336 3044 est

328 3071 407 3133 iilius
440 3070 527 3151 Seth,
559 3069 647 3128 horno
680 3071 731 3147 qui
761 3070 890 3148 speravit
916 3073 1053 3130 invocare
1083 3089 1191 3130 nomen
1217 3071 1336 3133 Domini

329 3159 391 3241 Dei,
415 3161 473 3220 nisi
491 3160 559 3237 quia
578 3160 621 3217 sic
640 3155 795 3236 oportebat
813 3159 884 3217 istas
908 3157 980 3217 duas
1003 3176 1170 3236 proponere
1193 3161 1336 3241 civitates,

328 3247 418 3310 unam
444 3265 499 3326 per
526 3245 703 3306 homicidam
730 3263 826 3323 usque
854 3245 889 3305 ad
919 3245 1095 3306 homicidam
1123 3240 1205 3328 (nam
1229 3258 1259 3308 et
1279 3247 1335 3308 La·

330 3336 416 3396 mech
448 3333 563 3395 duabus
595 3331 738 3394 uxoribus
770 3334 832 3394 suis
864 3352 896 3394 se
925 3342 1113 3413 perpetrasse
1144 3334 1335 3397 homicidium

275 3438 311 3486 ao
333 3416 515 3505 confitetur),
538 3421 659 3482 alteram
677 3439 732 3499 per
751 3439 828 3502 eum,
852 3424 903 3500 qui
921 3424 1050 3501 speravit
1070 3425 1207 3483 invocare
1226 3441 1336 3486 nomeu

315 3594 320 3602 ,
398 3539 442 3603 ao)
461 3533 528 3589 Gen.
548 3538 656 3602 5‚1sq.
694 3535 738 3603 er)
758 3532 826 3588 (aen.
846 3539 871 3601 4,
887 3539 929 3587 aa.
966 3536 1011 3603 eo)
1031 3532 1100 3589 Gen.
1119 3539 1201 3601 asa.

398 3664 413 3713 2
433 3657 481 3712 dil.
495 3657 587 3727 perire
604 3658 757 3712 mereretur
774 3655 887 3712 VAae²
902 3660 1043 3724 (106,10;
1061 3659 1124 3724 142,
1138 3659 1182 3725 9);
1201 3655 1250 3710 dil.
1264 3657 1340 3726 peri-

325 3734 447 3786 meretur
461 3729 610 3798 urcem
627 3729 719 3798 perire
737 3729 892 3782 mereretur
905 3728 954 3783 dil.
968 3745 985 3782 o
998 3731 1008 3798 p
1022 3733 1056 3782 1o
1075 3730 1272 3782 enumerentur
1286 3730 1317 3784 V
1329 3727 1340 3801 Η

328 3811 361 3858 15
380 3802 611 3857 commemoratur
628 3799 716 3854 fuisse
735 3803 766 3856 V
782 3801 792 3869 li
815 3805 849 3853 23
868 3814 902 3854 ea
921 3802 962 3866 V,-
984 3799 1088 3866 Hoffm.
1108 3817 1142 3854 cc
1163 3800 1256 3870 soiop
1273 3800 1341 3854 haee

325 3875 436 3944 recepit:
460 3876 606 3941 tamquam
624 3887 688 3926 eum
707 3872 776 3926 deus
796 3871 837 3924 sic
855 3873 1044 3925 commoneret
