3284 4459
338 481 402 546 278
739 492 938 535 sanaremur

339 633 480 690 maiorem
502 629 649 709 videmus,
678 637 758 689 tanto
787 628 921 689 tenacius
943 626 1096 688 Mediatori
1118 636 1166 689 est
1187 628 1346 689 inhaeren-

339 717 424 798 dum,
455 735 510 796 per
541 733 629 796 quem
657 715 694 776 de
721 713 789 776 imis
821 715 856 776 ad
887 733 1001 775 summa
1030 717 1265 777 conscendimus.
1312 715 1346 777 Si
1455 760 1456 791 ,

340 807 418 865 enim
440 804 602 865 dixerimus
625 821 658 864 ea
681 821 741 865 non
764 821 831 864 esse
853 803 1013 877 credenda,
1042 823 1103 866 non
1125 803 1234 865 desunt
1255 807 1345 865 etiam
1455 838 1456 885 3

340 911 432 973 nunc,
460 895 511 972 qui
538 895 602 954 eius
634 891 712 954 modi
736 891 879 971 quaedam
903 892 947 952 vel
970 893 1135 953 certissima
1157 893 1275 954 audisse
1291 893 1346 971 ,vel

304 983 427 1043 tetiam
458 989 595 1060 expertos
627 998 659 1042 se
691 999 757 1040 esse
790 979 971 1041 adseverent.
1021 978 1094 1040 Nam
1127 989 1157 1041 et
1189 998 1244 1041 nos
1275 999 1345 1042 eum

339 1088 473 1131 essemus
495 1071 527 1131 in
550 1068 631 1130 ltalia
653 1067 845 1129 audiebamus
867 1067 936 1129 talia
958 1068 994 1128 de
1018 1067 1143 1147 quadam
1165 1071 1287 1148 regione
1309 1069 1345 1130 il·

339 1157 434 1219 larum
456 1161 594 1239 partium,
616 1156 667 1218 ubi
690 1156 864 1217 stabularias
887 1156 1026 1218 mulieres
1048 1156 1168 1217 inbutas
1189 1157 1236 1217 bis
1259 1158 1346 1219 malis
1455 1144 1456 1203 7

340 1246 453 1308 artibus
479 1248 510 1308 in
540 1263 626 1306 caseo
653 1245 723 1305 dare
750 1245 846 1306 solere
869 1243 1007 1306 dicebaut
1028 1243 1137 1323 quibus
1160 1245 1269 1306 vellent
1290 1265 1345 1308 seu

340 1344 462 1415 possent
488 1333 663 1413 viatoribus,
689 1333 768 1394 uude
796 1336 827 1394 in
854 1335 985 1394 iumenta
1012 1333 1079 1394 ilico
1102 1341 1292 1394 verterentur
1314 1343 1347 1395 et
1455 1332 1456 1383 l

289 1436 322 1486 10
340 1425 507 1486 necessaria
543 1439 677 1500 quaeque
711 1429 865 1500 portarent
901 1429 1026 1500 postque
1062 1422 1218 1500 perfuncta
1255 1440 1346 1501 opera
1455 1450 1456 1475 2

339 1514 448 1574 iterum
480 1509 516 1571 ad
548 1528 580 1570 se
610 1509 754 1589 redirent3
787 1527 843 1570 nce
869 1517 968 1570 tamen
995 1511 1026 1570 in
1056 1512 1100 1572 eis
1127 1518 1257 1571 mentem
1279 1511 1347 1572 lieri
1455 1578 1456 1583 γ

339 1598 510 1680 bestialem,
546 1597 599 1658 sed
635 1597 805 1658 rationalem
848 1597 1064 1676 humanamque
1099 1600 1230 1677 servari,
1268 1602 1347 1661 sicot
1455 1598 1456 1655 l

340 1686 481 1767 Apuleius
504 1689 534 1746 in
557 1685 653 1767 libris,
682 1703 756 1764 quos
779 1688 854 1746 asini
877 1688 960 1747 aurci
983 1685 1069 1747 titolo
1091 1688 1257 1767 inscripsit,
1287 1687 1346 1749 sibi
1455 1690 1456 1717 ;

340 1778 398 1855 ipsi
427 1775 582 1854 accidisse,
612 1783 645 1836 ut
672 1784 793 1854 accepto
823 1792 935 1834 veneno
958 1773 1086 1835 humano
1109 1777 1207 1835 animo
1229 1793 1345 1854 perma·
1455 1834 1457 1848 ,

290 1875 322 1926 15
342 1871 430 1924 nente
454 1865 554 1924 asinus
576 1863 669 1937 lieret,
693 1871 744 1924 aut
764 1862 903 1923 indicarit
924 1870 976 1924 aut
997 1862 1089 1923 duxit.

348 2011 351 2016 .
429 1951 508 2012 Haec
531 1951 577 2013 vel
598 1951 670 2013 falsa
687 1958 758 2012 sunt
780 1951 825 2011 vel
848 1960 907 2030 tam
929 1952 1078 2032 inusitata,
1101 1960 1134 2012 ut
1156 1954 1262 2014 merito
1285 1969 1347 2014 non

342 2039 509 2102 credantur.
553 2039 734 2100 Firmissime
762 2047 861 2100 tamen
888 2037 1069 2100 credendum
1091 2049 1138 2100 est
1160 2043 1347 2120 omnipoten-

342 2138 403 2190 tem
425 2128 518 2189 Deum
541 2145 627 2207 posse
655 2130 753 2188 omnia
781 2127 878 2186 lacere
902 2145 977 2206 quae
1000 2127 1140 2208 uoluerit,
1167 2131 1229 2189 sive
1252 2129 1346 2190 vindi·
1455 2168 1456 2193 l

343 2217 436 2278 cando
459 2219 520 2277 sive
547 2214 738 2298 praestando,
766 2232 821 2276 nec
844 2215 1003 2276 daemones
1026 2214 1135 2295 aliquid
1159 2220 1277 2297 operari
1300 2236 1346 2278 se-

290 2318 324 2368 20
343 2305 472 2367 cundum
503 2313 623 2366 naturae
654 2321 724 2364 suae
759 2305 919 2382 potentiam
950 2298 1031 2383 (quia
1062 2312 1092 2365 ct
1123 2307 1186 2384 ipsa
1216 2306 1348 2384 angelica

343 2402 479 2457 creatura
510 2401 568 2472 est,
599 2392 670 2454 licet
696 2394 815 2471 proprio
843 2393 913 2452 vitio
941 2393 980 2452 sit
1007 2388 1148 2474 maligna)
1178 2395 1236 2454 nisi
1266 2394 1345 2472 quod
1455 2400 1456 2415 ³

342 2483 390 2544 ille
414 2483 599 2562 permiserit,
626 2483 711 2541 cuius
741 2479 849 2540 iudicia
871 2479 986 2541 occulta
1009 2487 1080 2540 sunt
1102 2481 1209 2563 mrrlta,
1237 2484 1347 2542 iniusta
1455 2550 1456 2557 ἵ

344 2570 431 2632 nulla.
475 2568 537 2630 Nec
560 2586 630 2629 sane
648 2567 806 2629 daemones
828 2576 949 2629 naturas
972 2577 1084 2648 creant,
1106 2571 1132 2629 si
1155 2569 1264 2648 aliquid
1288 2570 1346 2632 tale

344 2660 463 2736 iaciunt,
486 2657 522 2717 de
541 2656 676 2736 qualibus
700 2656 785 2717 lactis
807 2658 863 2717 ista
886 2658 1012 2718 vertitur
1035 2659 1181 2737 quaesti03
1205 2659 1257 2720 sed
1280 2676 1346 2739 spe·

291 2759 324 2810 tt
343 2749 388 2808 cie
411 2754 512 2826 tenus,
539 2762 614 2824 quae
637 2763 654 2803 a
675 2762 746 2804 vero
769 2743 829 2804 Deo
857 2753 927 2806 sunt
949 2754 1061 2826 creata,
1088 2754 1285 2826 commutant,
1313 2755 1346 2809 ut
1455 2720 1456 2803 f

345 2834 498 2896 rideantur
527 2851 592 2893 esse
625 2831 703 2910 quod
733 2850 792 2893 non
821 2841 899 2893 sunt.
943 2831 1009 2893 Non
1035 2835 1136 2912 itaque
1166 2833 1262 2895 solum
1285 2837 1345 2895 ani·
1455 2842 1456 2847 ’

344 2941 434 3004 mum,
457 2920 509 2982 sed
528 2939 565 2982 ne
588 2939 697 3000 corpus
719 2920 842 3000 quidem'
862 2919 920 2981 ulla
943 2922 1057 2981 ratione
1080 2921 1257 2983 crediderim
1279 2923 1346 2984 dae·

345 3029 465 3072 monum
484 3018 547 3071 arte
566 3008 610 3071 vel
628 3017 772 3089 potestate
792 3011 822 3069 in
841 3007 973 3069 membra
996 3017 1026 3070 et
1048 3008 1217 3080 liniamenta
1240 3011 1347 3073 bestia·

345 3100 383 3160 lia
412 3101 556 3161 veraciter
585 3115 672 3176 posse
702 3098 851 3178 converti,
883 3096 934 3158 sed
964 3096 1180 3176 phantasticum
1210 3099 1347 3180 bominis,

291 3203 325 3251 30
345 3187 424 3267 quod
448 3189 535 3248 etiam
558 3185 712 3264 cogitando
735 3187 795 3246 sive
819 3185 990 3246 somniando
1012 3203 1067 3265 per
1089 3204 1191 3247 rerum
1212 3189 1346 3249 innume·

344 3276 446 3337 rabilia
468 3292 577 3355 genera
599 3276 728 3334 variatur
750 3281 789 3354 et,
811 3291 879 3334 cum
902 3291 1011 3352 corpus
1034 3292 1093 3336 non
1117 3277 1164 3354 sit,
1187 3293 1346 3355 corporum

344 3373 442 3426 tamen
475 3362 585 3425 similes
616 3363 690 3423 mira
722 3360 871 3422 celeritate
900 3362 1009 3422 lormas
1038 3364 1132 3442 capit,
1162 3365 1266 3442 sopitis
1296 3372 1346 3426 aut

344 3453 495 3532 oppressis
522 3453 673 3529 corporeis
701 3449 828 3510 bominis
856 3448 992 3509 sensibus
1019 3449 1054 3509 ad
1079 3450 1202 3510 aliorum
1226 3469 1346 3513 sensum
1455 3452 1456 3491 ³

345 3541 444 3601 nescio
468 3558 526 3619 quo
545 3537 683 3598 ineffabili
707 3537 793 3598 modo
816 3539 911 3616 figura
933 3555 1075 3616 corporea
1098 3555 1186 3617 posse
1208 3538 1346 3622 perduci,
1455 3556 1456 3559 ’

413 3759 429 3806 9
447 3752 524 3806 illico
544 3751 603 3820 bpo
616 3755 625 3822 ll
640 3757 673 3805 27
691 3767 728 3805 ne
742 3752 861 3820 RAop3
879 3767 931 3807 nec
945 3752 1086 3824 FGbepo
1099 3755 1109 3823 fl
1123 3758 1157 3807 28
1175 3753 1287 3809 lineam.
1302 3756 1348 3812 e¹o
