3284 4459
567 529 607 570 nn
621 528 765 570 crrrrarn
778 527 834 568 nm
846 529 872 568 n.
886 528 936 568 n
950 527 974 569 c.
988 530 1007 571 s.
1218 515 1284 578 413

276 665 332 724 llic
370 665 510 724 discimus
545 649 615 728 cum
650 665 711 725 suis
753 663 908 742 discipulis
944 664 1141 725 iudicaturum
1177 663 1284 725 lesum.

277 752 363 813 Unde
396 761 425 812 et
455 750 521 812 alibi
550 750 667 812 ludaeis
694 751 780 812 dixit:
812 751 849 812 sn·
875 769 929 827 eqo
960 755 992 812 in
1015 753 1184 813 Beelzebub
1208 756 1284 812 eicio

278 843 453 921 daemonia,
478 842 539 913 filli
559 843 654 900 uestri
675 843 707 900 in
729 857 788 914 quo
811 842 946 901 munt?
992 841 1064 901 Ideo
1088 843 1148 917 ipsi
1168 843 1286 902 iudices

277 936 370 991 erunt
400 932 500 990 vestri.
545 926 606 987 Neo
636 929 774 1007 quoniam
804 945 895 1007 super
924 926 1080 988 duodecim
1110 926 1197 988 sedes
1225 946 1285 989 ses·

278 1035 366 1078 suros
389 1034 455 1077 esse
478 1018 530 1096 ait,
562 1014 719 1076 duodecim
746 1015 825 1076 solos
852 1015 987 1076 homines
1010 1034 1078 1076 cum
1101 1015 1150 1077 illo
1173 1016 1318 1076 iudica-o

278 1115 365 1166 turos
392 1115 496 1184 putare
524 1103 679 1168 debemus.
721 1103 909 1164 lluodenario
936 1105 1046 1183 quippe
1073 1121 1198 1164 numero
1222 1107 1286 1164 nni-

278 1211 364 1254 versa
379 1192 521 1271 quaedam
536 1193 697 1270 significata
715 1201 761 1252 est
774 1193 967 1252 iudicantium
987 1191 1144 1253 multitudo
1163 1201 1287 1271 propter

278 1282 353 1343 duas
375 1290 474 1360 partes
493 1282 610 1341 numeri
632 1283 801 1360 septenarii,
824 1298 883 1358 quo
906 1280 1088 1358 significatur
1111 1279 1286 1359 plerumque

279 1371 470 1449 universitas3
502 1385 578 1448 quae
610 1368 685 1430 duae
716 1375 830 1448 partes,
861 1367 891 1428 id
920 1377 967 1428 est
993 1371 1050 1428 tria
1078 1376 1109 1427 et
1138 1376 1286 1447 quattuor,

279 1458 371 1518 altera
394 1475 448 1536 per
466 1455 587 1517 alteram
610 1456 818 1536 multiplicatae
842 1455 998 1517 duodecim
1022 1457 1142 1535 iaciunt,
1165 1473 1232 1516 narn
1256 1465 1340 1518 etto

280 1555 420 1626 quattuor
444 1553 490 1605 ter
508 1552 539 1605 et
556 1547 612 1606 tria
636 1553 740 1623 quater
764 1543 920 1605 duodecim
944 1553 1027 1624 sunt,
1050 1553 1080 1604 et
1103 1547 1128 1604 si
1151 1562 1209 1623 qua
1232 1544 1287 1604 alia

278 1635 369 1696 huius
387 1632 560 1694 duodenarii
580 1635 704 1713 numeri,
728 1650 802 1711 quae
822 1631 858 1692 ad
877 1633 934 1693 hoc
952 1632 1055 1712 valeat,
1077 1635 1152 1693 ratio
1176 1635 1287 1711 reperi·

279 1732 339 1784 tur.
384 1720 529 1801 Alioquin,
553 1723 691 1799 quoniam
713 1722 744 1780 in
768 1721 866 1781 locum
884 1719 973 1781 ludac
996 1720 1149 1782 traditoris
1170 1730 1287 1800 aposto-

279 1811 342 1871 lum
365 1809 514 1869 Matthiam
541 1808 666 1888 legimus
693 1809 877 1887 ordinatum,
907 1808 1058 1887 apostolus
1080 1808 1205 1890 Paulus,
1235 1811 1288 1887 qui

279 1898 348 1978 plus
380 1897 516 1958 omnibus
547 1897 605 1958 illis
633 1896 787 1977 laboravit,
819 1895 871 1956 uhi
902 1895 939 1957 ad
965 1895 1156 1956 iudicandum
1187 1897 1288 1958 sedeat
1308 1911 1340 1957 15

280 2005 340 2046 non
363 1984 495 2064 habebit3
523 1987 574 2062 qui
601 1986 734 2065 prolecto
758 2002 826 2044 cum
850 1984 915 2044 aliis
937 1987 1048 2045 sanctis
1069 1984 1106 2044 ad
1129 2002 1288 2045 numerum

280 2073 413 2136 iudicum
432 2091 464 2134 sc
484 2076 635 2152 pertinere
654 2073 847 2152 demonstrat,
869 2089 939 2133 cum
958 2072 1041 2133 dicit:
1064 2074 1194 2134 Nescius
1215 2078 1288 2148 quia

280 2165 404 2238 angelos
424 2163 651 2244 'iudicabimusi
687 2160 729 2221 lle
752 2163 825 2240 ipsis
849 2178 967 2240 quoque
990 2159 1155 2221 iudicandis
1176 2162 1208 2222 in
1231 2161 1288 2222 laoc

280 2267 406 2311 numero
438 2249 618 2310 duodenario
652 2248 755 2309 similis
787 2267 875 2310 causa
906 2256 961 2310 est.
1010 2247 1077 2309 Non
1109 2251 1188 2308 enim
1218 2252 1288 2326 quia

280 2339 393 2399 dictum
425 2346 484 2398 est:
516 2338 693 2398 indicantes
723 2339 882 2398 duodecim
915 2338 1015 2399 triam
1045 2337 1159 2409 Israel,
1190 2336 1341 2398 tribuam

280 2426 366 2506 levi,
396 2443 471 2505 quae
498 2428 585 2486 tertia
612 2425 725 2486 decima
748 2433 808 2505 est,
835 2425 872 2485 ab
895 2426 939 2486 eis
961 2424 1117 2486 iudicanda
1140 2441 1200 2485 non
1223 2427 1288 2504 erit,

280 2523 332 2575 aut
354 2514 450 2575 solum
472 2513 553 2574 illum
577 2513 733 2593 populum,
756 2531 815 2573 non
839 2515 927 2574 etiam
950 2521 1054 2591 gentes
1076 2520 1191 2572 ceteras
1212 2513 1288 2572 iudi·

281 2601 399 2663 nabunt.
445 2601 530 2672 Quod
550 2609 648 2662 antem
671 2603 724 2662 ait:
747 2601 785 2662 In
807 2604 1049 2679 regeneratione,
1071 2599 1175 2679 procul
1198 2600 1288 2661 dubio

281 2699 466 2751 mortuorum
496 2691 748 2750 resurrectionem
778 2692 897 2750 nomine
932 2688 1024 2750 voluit
1055 2691 1288 2767 regenerationis

280 2777 420 2858 intellegi.
466 2776 516 2838 Sia
543 2779 623 2837 enim
651 2794 719 2839 caro
743 2787 844 2838 nostra
867 2775 1093 2855 regenerabitur
1114 2793 1169 2855 per
1190 2779 1287 2838 incor-
1307 2789 1341 2838 25

281 2867 464 2945 ruptionem,
490 2882 579 2943 quem
602 2864 638 2925 ad
661 2864 781 2925 modum
805 2873 852 2925 est
873 2867 969 2925 anima
992 2873 1094 2925 nostra
1116 2875 1290 2942 regenerata

282 2973 336 3033 per
358 2953 454 3016 tidem.
715 2963 717 2967 ’

370 3041 460 3103 llulta
482 3049 651 3123 praetereo,
677 3058 753 3121 quae
783 3040 820 3103 de
843 3039 948 3101 ultimo
970 3040 1080 3102 iudicio
1103 3042 1143 3101 ita
1165 3041 1225 3103 dici
1248 3043 1289 3102 ri·

281 3130 404 3211 dentur,
431 3137 476 3191 uo
488 3129 645 3208 diligenter
667 3128 852 3190 considerata
874 3130 1062 3208 reperiantur
1085 3128 1221 3208 ambigua
1243 3127 1290 3190 vel

282 3221 375 3296 magis
393 3217 429 3280 ad
448 3216 527 3278 aliud
549 3220 737 3299 pertinentia,
761 3219 824 3278 sive
846 3215 961 3277 scilicet
983 3216 1019 3276 ad
1042 3233 1110 3277 enm
1130 3215 1289 3277 Salvatoris
1307 3229 1341 3276 3ο

282 3307 458 3380 adrentum,
492 3324 550 3385 quo
579 3323 634 3384 per
666 3313 761 3366 totum
792 3305 849 3366 hoc
878 3312 996 3383 tempus
1025 3306 1056 3364 in
1085 3303 1209 3365 ccclesia
1236 3321 1290 3365 sua

282 3396 381 3474 venit,
420 3394 477 3456 lroc
518 3402 564 3454 est
599 3395 630 3454 in
672 3392 813 3454 membris
855 3394 932 3472 suis,
968 3390 1165 3471 particulatim
1200 3399 1289 3471 atque

281 3481 439 3562 paulatim,
476 3484 614 3560 quoniam
650 3489 713 3542 tcta
749 3499 858 3560 corpus
890 3489 937 3541 est
969 3482 1047 3560 eius,
1079 3481 1140 3540 sire
1172 3478 1208 3540 ad
1240 3499 1289 3540 ex·

282 3571 394 3630 cidium
420 3579 556 3629 terrenae
584 3567 784 3649 Hierusalem,
811 3570 880 3647 quia
909 3575 939 3628 et
966 3566 1003 3639 de
1031 3566 1081 3627 illo
1104 3584 1173 3628 cum
1196 3567 1288 3646 loqui·

282 3666 347 3736 tur,
377 3655 557 3736 plerumque
584 3657 628 3718 sio
659 3655 808 3739 loquitur,
840 3664 990 3736 tamquam
1021 3654 1057 3716 de
1089 3654 1148 3716 ssne
1180 3655 1291 3718 saeculi
1307 3666 1342 3717 eo

348 3767 376 3834 4)
393 3764 443 3820 Mc.
464 3770 507 3832 12,
520 3767 563 3818 tt.
621 3764 665 3832 14)
683 3761 745 3817 Act.
765 3767 791 3830 1,
805 3767 848 3816 26.
904 3765 948 3832 lo)
968 3770 992 3819 1.
1011 3762 1072 3820 (lor.
1092 3768 1191 3832 1⁶,10.

276 3857 491 3867 ——-—--—--

350 3903 383 3951 14
401 3895 529 3950 mathian
546 3883 636 3949 Aeli*
649 3896 658 3961 Ι)
673 3899 705 3945 32
725 3894 811 3960 alque
828 3894 905 3963 paul.
925 3910 976 3949 om.
995 3911 1032 3980 ep
