3284 4459
574 503 614 542 ou
628 501 1025 543 muneremunere.
1230 486 1295 551 479

289 655 382 713 quom
404 641 507 698 veniat
534 639 598 698 dies
620 638 743 697 Domini
769 654 898 711 magnus
920 644 951 698 et
972 640 1122 711 inlustris,
1151 640 1205 711 qui
1226 654 1295 697 con-

289 732 388 789 vertet
409 743 464 788 eor
478 729 581 803 potres
600 727 643 786 od
660 728 758 798 fitium
780 732 812 785 et
833 742 888 786 cor
910 726 1039 789 hominis
1062 728 1105 786 od
1121 728 1297 802 proximum

288 832 390 889 mum,
418 833 457 876 ne
480 813 564 890 sorte
591 816 906 889 contemperantiam
928 820 1044 875 terram
1063 816 1194 890 penitas.
1239 812 1297 873 Per

290 903 371 965 huuc
398 901 512 964 Heliam
540 920 678 981 magnum
705 900 927 979 mirabilemque
961 901 1134 980 prophetam
1164 904 1296 981 exposita

291 991 349 1052 sihi
371 991 436 1071 lege
464 991 567 1051 ultimo
595 1000 728 1069 tempore
756 997 824 1049 ante
851 988 994 1050 iudicium
1017 989 1139 1049 ludaeos
1157 992 1188 1050 in
1213 989 1330 1051 Chri-5

290 1088 370 1140 stum
389 1098 502 1160 rerum,
523 1079 619 1139 idest
639 1080 670 1139 iu
690 1076 840 1139 Christum
864 1086 1008 1151 nostrum,
1032 1096 1098 1137 esse
1121 1078 1297 1155 crediturne,

291 1167 518 1230 celeberrimum
554 1175 601 1229 est
635 1169 667 1229 iu
703 1164 890 1227 sermonibus
926 1164 1125 1243 cordibusque
1157 1165 1295 1226 fidelium.

291 1256 358 1336 lpse
382 1259 490 1336 quippe
509 1263 576 1316 ente
596 1254 752 1316 adventum
771 1254 878 1316 iudicis
898 1254 1056 1315 Salvatoris
1076 1271 1134 1313 non
1159 1256 1296 1314 inmerito

290 1352 428 1425 speratur
457 1362 523 1405 esse
552 1352 710 1423 venturus,
742 1345 794 1421 qui
823 1345 910 1403 etiam
940 1360 1018 1402 nunc
1049 1343 1146 1402 vivere
1170 1360 1229 1403 uon
1252 1344 1295 1401 in·

291 1435 397 1494 merito
420 1432 560 1495 creditur.
607 1430 705 1492 Curru
731 1449 857 1509 namque
886 1433 974 1509 igneo
996 1439 1099 1509 raptus
1122 1437 1168 1489 est
1191 1429 1227 1490 de
1251 1447 1295 1489 re·
1317 1441 1350 1491 10

290 1520 347 1582 hus
366 1521 511 1601 humanis,
534 1519 612 1599 quod
631 1518 849 1579 evidentissime
873 1528 973 1578 sancta
992 1520 1140 1597 scriptura
1164 1526 1296 1579 testatur.

291 1609 366 1669 Cum
398 1610 512 1669 venerit
544 1626 629 1688 ergo,
660 1607 834 1687 exponendo
864 1608 958 1685 legem
988 1605 1176 1687 spiritaliter,
1209 1623 1297 1684 qrram

282 1686 371 1758 'nunc
394 1696 494 1757 ludaei
521 1696 678 1757 carnaliter
706 1698 836 1775 sapiunt,
868 1702 1022 1757 convertet
1049 1713 1103 1757 cor
1127 1698 1229 1771 patria
1256 1696 1299 1755 ad

287 1790 394 1861 filium,
417 1784 447 1845 id
465 1793 511 1846 est
527 1802 580 1845 cor
603 1792 720 1864 patrum
739 1784 775 1844 ad
795 1784 884 1863 filios3
908 1783 1086 1862 singularem
1111 1785 1219 1863 quippe
1242 1800 1296 1862 pro

291 1892 416 1935 numero
443 1873 550 1953 plurali
577 1874 756 1951 interpretes
784 1874 969 1951 septuaginta
997 1880 1176 1952 posuerunt3
1200 1881 1229 1932 et
1253 1880 1298 1931 est
1319 1880 1350 1930 15

291 1980 411 2042 sensus,
435 1971 468 2022 ut
491 1964 579 2022 etiam
602 1960 654 2021 titii
677 1963 720 2021 sic
743 1960 914 2038 intellegant
936 1959 1044 2041 legem,
1067 1959 1097 2019 id
1121 1967 1167 2019 est
1189 1959 1298 2039 ludaei,

293 2068 381 2129 quem
404 2049 578 2110 admodum
599 2067 663 2109 eam
686 2058 786 2128 patres
809 2047 1026 2129 intellexerunt,
1050 2048 1078 2109 id
1104 2056 1150 2108 est
1171 2047 1297 2127 prophe-

291 2148 348 2218 tae,
370 2140 401 2199 in
425 2138 532 2217 quihus
556 2148 619 2198 erat
642 2145 672 2197 et
694 2140 757 2215 ipse
780 2136 909 2215 Moyses3
938 2138 979 2195 sie
1003 2138 1081 2195 enim
1106 2153 1158 2196 cor
1180 2145 1298 2213 patrum

293 2235 483 2288 convertetur
501 2226 537 2287 ad
555 2226 639 2301 filios,
663 2244 730 2285 cum
753 2224 953 2303 intellegentie
976 2231 1094 2303 patrum
1117 2223 1298 2303 perducetur

292 2313 329 2375 ad
364 2314 594 2393 intellegentiam
630 2314 771 2394 liliorum5
807 2319 838 2374 et
870 2329 925 2373 cor
953 2316 1088 2387 filiorum
1121 2314 1165 2371 od
1191 2319 1298 2387 patres
1317 2324 1351 2372 20

292 2420 411 2476 eorum,
443 2401 514 2462 dum
541 2404 572 2461 in
599 2402 645 2482 id,
673 2400 750 2481 quod
779 2408 939 2461 senserunt
966 2400 1022 2481 illi,
1055 2401 1246 2460 consentiunt
1268 2407 1298 2459 et

291 2493 357 2570 isti;
380 2490 432 2551 uhi
451 2489 641 2569 Septuaginta
664 2489 816 2550 dixerunt:
840 2489 879 2549 Et
901 2506 957 2550 cor
978 2490 1106 2550 hominis
1129 2490 1172 2549 ad
1189 2490 1296 2563 proeci-

292 2596 371 2639 mum
393 2595 489 2640 suum.
535 2577 611 2639 Sunt
633 2581 712 2638 enim
735 2580 813 2638 inter
836 2595 868 2637 se
893 2576 973 2637 valde
997 2578 1122 2656 proximi
1145 2585 1245 2655 patres
1268 2583 1298 2635 et

293 2667 353 2727 filii.
398 2666 583 2745 Quamquam
609 2669 641 2727 in
669 2665 766 2725 verbis
794 2667 980 2744 septuaginta
1008 2667 1217 2744 interpretum,
1247 2666 1298 2742 qui

294 2754 467 2834 prophetice
490 2755 678 2833 interpretati
704 2763 787 2833 sunt,
813 2762 913 2832 potest
935 2753 1009 2813 alius
1032 2770 1138 2813 seusus
1161 2753 1297 2831 idemque
1317 2763 1351 2813 ta

294 2840 401 2903 lectior
435 2843 579 2920 inveniri,
614 2849 648 2902 ut
687 2841 874 2921 intellegatur
905 2840 1003 2901 Helias
1035 2859 1088 2901 cor
1119 2840 1173 2901 Dei
1202 2841 1298 2902 Patris

294 2948 493 2992 conversurus
515 2930 551 2991 ad
574 2930 694 3010 Filium3
722 2948 781 2990 uon
804 2931 907 3008 utique
932 2929 1043 3007 agendo
1067 2938 1101 2989 ut
1123 2928 1211 2991 Pater
1233 2929 1297 2989 dili·

293 3028 343 3099 gat
364 3018 480 3094 Filium,
503 3019 555 3079 sed
578 3018 711 3079 docendo
735 3018 813 3097 quod
837 3017 924 3077 Pater
947 3018 1048 3097 diligat
1069 3016 1189 3097 Filium3
1213 3026 1246 3079 ut
1269 3026 1299 3077 et

293 3106 408 3189 ludaei,
435 3124 523 3185 quem
545 3109 629 3187 prius
652 3106 788 3185 oderant,
811 3105 932 3184 diligant
954 3105 1100 3185 eundem,
1124 3108 1175 3183 qui
1197 3114 1298 3165 noster

292 3203 346 3272 est,
361 3194 519 3255 Christum.
547 3195 664 3255 ludaeis
678 3197 757 3255 enim
771 3212 851 3255 nuuc
881 3211 1015 3254 aversum
1039 3211 1091 3253 cor
1114 3192 1202 3253 hahet
1220 3192 1298 3252 Deus
1318 3205 1351 3254 30

294 3302 311 3343 a
339 3282 455 3342 Christo
483 3291 599 3362 nostro,
627 3284 695 3360 quia
723 3281 779 3341 hoc
806 3288 919 3360 putant.
969 3280 1020 3341 Eis
1048 3298 1119 3359 ergo
1148 3290 1219 3341 tunc
1247 3298 1298 3339 cor

294 3372 359 3432 eius
382 3376 571 3431 convertetur
593 3369 630 3430 ad
649 3368 764 3450 Filium,
786 3387 854 3430 cum
876 3371 933 3448 ipsi
956 3386 1098 3430 converso
1118 3369 1207 3429 corde
1226 3367 1298 3429 didi·

362 3484 388 3552 3)
406 3481 472 3535 Met
492 3487 517 3547 4,
532 3487 599 3550 deq.
656 3482 699 3549 11)
718 3487 743 3535 2.
761 3480 830 3550 Rag.
851 3486 932 3548 2,11.

363 3619 377 3668 1
399 3614 538 3668 conuertit
556 3613 584 3668 B
606 3614 720 3683 itemque
738 3615 826 3684 poulo
846 3615 972 3683 postult
997 3612 1046 3681 qui
1064 3611 1211 3677 RAGoe3
1235 3611 1302 3679 quie

289 3692 436 3775 toppum
448 3705 458 3773 [l
472 3708 504 3756 21
520 3701 725 3757 consentiente
738 3704 749 3772 ΙΙ
762 3708 795 3756 te
810 3701 909 3756 lectior
919 3700 994 3769 11πῆ
1009 3700 1092 3771 letior
1106 3698 1149 3767 '7¹3
1164 3698 1252 3753 lector
1263 3701 1301 3767 A3

288 3791 390 3847 lectori
411 3788 469 3857 W
491 3790 593 3844 rectior
611 3805 645 3858 p;
668 3788 783 3843 electior
804 3778 865 3843 Μ]
884 3791 893 3859 ΙΙ
914 3793 948 3842 30
972 3788 1106 3843 christum
1124 3788 1152 3843 R
1171 3791 1207 3856 (1.
1227 3805 1300 3842 man.

290 3884 372 3948 corr.)
392 3866 622 3948 Aaronom&
642 3877 761 3930 cantus
780 3879 808 3933 n
827 3877 874 3945 (ao
892 3877 985 3943 totto)
1008 3876 1033 3931 e
