3284 4459
552 523 592 562 na
606 521 855 564 mundanum
869 524 918 564 xv.
933 524 988 566 or.
1231 512 1273 576 69

259 673 335 736 pace
368 664 507 737 terrena,
541 653 601 716 non
639 657 760 717 caritate
793 657 984 740 consulendi,
1016 659 1068 719 sed
1104 660 1273 722 dominandi

261 743 435 823 cupiditate.
480 743 555 804 Roni
574 746 682 824 quippe
702 744 738 804 ad
755 745 813 805 boe
832 754 958 806 utuntur
976 747 1096 828 mundo,
1118 757 1153 808 ut
1174 748 1273 809 iruan-

261 842 314 894 tur
347 831 423 912 Deo,
454 832 522 892 mali
555 840 653 893 autem
685 841 806 915 contra,
838 842 872 894 ut
903 833 1041 895 fruantur
1072 835 1197 917 mundo,
1228 839 1273 897 uti

261 920 367 981 volunt
396 919 471 1001 Deo;
502 923 553 998 qui
582 929 681 981 tamen
712 939 780 981 eum
810 922 857 982 vel
884 940 950 982 esse
977 923 1023 983 vel
1051 941 1100 984 res
1130 923 1272 985 humanas

261 1026 370 1070 curare
392 1011 450 1069 iam
468 1009 602 1070 credunt.
648 1009 725 1069 Sunt
747 1011 827 1070 enim
850 1009 942 1072 multo
965 1011 1138 1093 deteriores,
1161 1014 1212 1090 qui
1234 1031 1272 1073 ne
1291 1021 1309 1072 5

260 1098 320 1157 hoc
351 1097 470 1176 quidem
501 1097 635 1158 creduut.
688 1095 811 1176 Cognito
841 1101 941 1177 itaque
971 1098 1043 1160 Cain
1073 1101 1152 1178 quod
1182 1119 1272 1180 super
1353 1167 1357 1174 ‚

262 1187 330 1246 eius
347 1187 480 1264 germani
498 1186 684 1265 sacrificium,
706 1203 762 1246 nec
780 1203 871 1265 super
889 1205 977 1247 suum
994 1199 1166 1267 respexerat
1184 1187 1271 1269 licus,

264 1275 368 1352 utique
391 1273 512 1333 fratrem
534 1272 646 1334 bonum
669 1281 799 1334 mutatus
821 1276 949 1356 imitari,
971 1292 1030 1336 non
1053 1276 1149 1336 elatos
1171 1276 1273 1339 debuit

263 1361 414 1422 aemulari,
460 1360 518 1421 Sed
552 1363 743 1422 contristatus
776 1370 822 1423 est
853 1371 884 1424 et
915 1364 1045 1426 concidit
1075 1365 1167 1426 iacies
1199 1367 1272 1427 eius.

263 1449 328 1510 lloe
350 1457 504 1528 peecatum
530 1451 654 1509 maxime
678 1453 776 1528 arguit
797 1449 890 1532 Deus,
918 1454 1068 1513 tristitiam
1091 1451 1128 1513 de
1151 1452 1273 1514 alterius
1292 1465 1326 1515 10

265 1537 409 1618 bonitate,
432 1546 463 1599 et
484 1537 541 1598 hoo
563 1537 672 1598 fratris.
718 1537 780 1598 lloc
804 1541 913 1619 quippe
936 1539 1089 1618 arguendo
1109 1543 1272 1620 interroga·

265 1629 308 1687 vit
328 1625 444 1689 dicens:
478 1627 581 1698 Quare
604 1630 800 1688 contristatus
823 1645 868 1702 es,
896 1635 927 1689 et
947 1647 1045 1704 qnare
1068 1631 1204 1691 concidit
1221 1629 1272 1706 fo·

264 1719 327 1776 cies
345 1717 418 1775 ino?
441 1713 516 1784 Quia
535 1716 614 1774 enim
633 1714 717 1774 fratri
740 1714 897 1797 invidebat,
920 1715 1000 1777 Deus
1023 1717 1139 1778 videbat
1162 1725 1192 1778 et
1214 1718 1271 1778 hoc

263 1802 413 1882 arguebat.
458 1801 531 1864 Nam
559 1801 741 1882 bominibus,
771 1803 879 1881 quibus
906 1804 1111 1867 absconditum
1141 1813 1187 1866 est
1218 1822 1271 1866 eor

176 1963 177 1966 Ἴ
263 1892 395 1971 alterius,
419 1908 484 1950 esse
502 1898 604 1969 posset
622 1889 790 1969 ambiguum
805 1900 836 1952 et
853 1909 977 1972 prorsus
994 1895 1151 1973 incertum,
1169 1901 1270 1955 utrum
1291 1904 1323 1955 15

261 1979 313 2040 illa
331 1980 451 2039 tristitia
469 1978 678 2056 malignitatem
702 1981 848 2054 suumin
871 1998 928 2059 qua
951 1997 984 2041 so
1001 1980 1062 2040 Deo
1085 1981 1272 2060 displicuisse

262 2067 417 2148 didicerat,
439 2084 476 2126 an
499 2067 600 2127 fratris
622 2066 750 2128 doluerit
772 2067 948 2147 bonitatem,
972 2087 1046 2147 quac
1068 2067 1130 2130 Deo
1152 2070 1272 2152 placuit,

263 2173 333 2216 eum
360 2157 390 2214 in
419 2155 595 2214 sacrificium
623 2156 687 2214 eius
716 2157 837 2234 aspexit.
883 2156 941 2217 Sed
969 2159 1114 2217 rationem
1144 2155 1271 2218 reddens

261 2244 357 2324 Deus,
381 2261 435 2304 cur
457 2244 522 2302 eius
544 2241 722 2308 oblationem
744 2247 880 2322 accipere
904 2245 1048 2326 noluerit,
1072 2253 1105 2306 ut
1128 2246 1184 2306 sibi
1206 2249 1270 2326 ipse

261 2334 364 2411 potius
391 2332 496 2392 merito
524 2348 611 2408 quam
639 2333 667 2391 ei
698 2331 789 2392 irater
820 2333 959 2392 inmerito
987 2333 1170 2414 displiceret,
1202 2353 1270 2395 oum
1290 2349 1324 2396 no

262 2426 345 2480 esset
374 2420 504 2479 iniustus
532 2436 590 2478 uon
621 2426 703 2479 recte
736 2419 906 2500 dividendo,
933 2420 989 2480 boc
1020 2429 1068 2481 est
1102 2439 1162 2482 nou
1189 2430 1271 2483 recle

262 2507 402 2586 vivendo,
433 2514 464 2567 et
494 2503 633 2586 indignus
668 2509 753 2568 cuius
785 2506 999 2587 adprobaretur
1030 2508 1152 2591 oblatio,
1184 2526 1272 2588 quam

263 2603 345 2657 esset
357 2597 504 2676 iniustior,
522 2595 600 2674 quod
616 2595 738 2655 fratrem
757 2597 869 2657 iustum
886 2599 977 2676 gratis
996 2597 1116 2678 odisset,
1134 2599 1271 2660 ostendit.

351 2683 418 2744 Non
437 2691 535 2743 tamen
554 2700 622 2744 eum
640 2683 791 2744 dimittens
810 2686 875 2744 sine
898 2685 1034 2745 mandato
1058 2693 1169 2767 sancto,
1191 2688 1270 2748 iusto

263 2781 293 2833 et
316 2771 409 2832 bono:
436 2773 575 2845 Quiesce,
602 2773 710 2851 inquii;
738 2775 832 2833 odie
853 2776 932 2834 enim
954 2776 1112 2835 conversio
1134 2777 1213 2849 eins,
1242 2783 1273 2836 et
1290 2787 1325 2836 io

263 2869 295 2922 in
327 2861 531 2921 dominaberis
565 2863 652 2920 illios.
697 2858 846 2938 Numquid
874 2857 997 2921 fratris?
1042 2860 1134 2922 Absit.
1181 2861 1272 2924 Cuius

262 2951 364 3027 igitur,
387 2949 445 3007 nisi
467 2943 602 3027 peceati?
638 2946 757 3008 Dixerat
780 2951 873 3009 euim:
902 2950 1055 3024 Percosti,
1078 2957 1141 3010 tum
1163 2949 1272 3010 deiude

263 3036 387 3097 addidit:
415 3037 558 3107 Quiesce;
580 3038 624 3098 od
641 3043 670 3096 te
692 3039 770 3096 enirn
794 3041 951 3099 conversio
973 3041 1047 3112 eins,
1071 3044 1101 3100 et
1120 3044 1156 3099 tn
1178 3041 1271 3100 dorni·

262 3127 388 3185 naboris
406 3117 495 3184 illius.
540 3122 644 3184 Potest
662 3123 781 3204 quidem
799 3127 840 3185 ita
858 3125 989 3203 intellegi
1006 3125 1043 3185 ad
1061 3127 1161 3204 ipsum
1178 3126 1271 3188 bomi-

263 3231 331 3272 nem
351 3213 574 3272 conversionem
593 3229 658 3272 esse
681 3209 790 3272 debere
813 3215 937 3292 peccati,
958 3221 993 3274 ut
1014 3212 1089 3273 nulli
1111 3213 1161 3274 alii
1183 3233 1271 3294 quam
1290 3228 1328 3276 uo

263 3299 320 3362 sibi
348 3301 423 3361 sciat
450 3299 583 3360 tribuere
611 3297 720 3360 debere
749 3300 829 3380 quod
855 3308 966 3379 peccat.
1012 3300 1091 3361 Haeo
1119 3310 1166 3362 est
1192 3305 1271 3363 euim

262 3387 391 3448 salubris
416 3389 615 3466 paenitentiae
642 3387 786 3462 medicina
819 3395 849 3449 et
880 3390 982 3449 veniae
1010 3391 1113 3468 petitio
1140 3407 1199 3450 non
1227 3393 1270 3450 iu·

262 3493 409 3554 congrua,
443 3483 489 3555 ut,
516 3474 567 3536 ubi
595 3477 648 3536 ait:
680 3478 730 3537 Ad
755 3483 784 3537 ie
810 3479 890 3537 enirn
917 3481 1074 3538 conomio
1103 3480 1180 3553 eins,
1212 3495 1270 3537 non

262 3563 457 3625 subaudiatur
479 3557 595 3645 ,erit“,
618 3562 669 3624 sed
692 3557 790 3645 ,sit“;
811 3566 1021 3646 praecipientis
1044 3563 1188 3647 videlicet,
1211 3583 1270 3626 nou

261 3705 475 3716 --.-----.-

333 3786 349 3834 5
372 3796 407 3835 ne
428 3779 534 3848 1⁷an
552 3797 604 3836 nec
623 3771 884 3851 nroaoepffl
