3284 4459
349 489 414 556 362
747 503 768 541 s,
786 501 953 543 annosam

349 638 483 699 culorum
501 636 634 698 laborum
654 635 797 716 dolorum,
820 644 902 697 tanto
925 635 1057 696 fideliora
1080 638 1249 697 testimonia
1272 638 1361 695 mise-

349 729 468 787 riarum.
516 724 548 786 Si
575 727 654 784 euim
681 742 767 784 verae
795 726 921 785 virtutes
948 734 1031 806 sunt,
1059 742 1134 802 quae
1163 726 1221 784 uisi
1249 726 1360 805 ineis,

350 814 458 893 quibus
481 831 550 874 vera
572 815 650 874 inest
676 814 785 892 pietas,
816 831 965 874 essenon
989 822 1127 891 possunt:
1150 831 1210 873 non
1234 830 1265 872 se
1289 831 1361 891 pro-

349 903 471 963 fitentur
494 901 551 963 hoo
578 920 679 981 posse,
710 910 742 961 ut
766 900 861 960 nullas
884 903 1018 961 miserias
1040 902 1192 981 patiantur
1214 900 1362 981 homines,

314 993 380 1053 uin
409 989 518 1070 quibus
545 999 615 1050 suut
646 981 758 1071 (neque
787 991 866 1050 enim
896 989 1052 1049 mendaces
1085 997 1156 1050 sunt
1185 1007 1271 1049 verae
1302 991 1361 1050 vir-

349 1087 438 1158 tutes,
462 1086 495 1139 ut
517 1077 573 1138 hoc
597 1073 817 1160 profiteantur),
841 1077 893 1137 sed
918 1088 951 1139 nt
973 1080 1032 1138 vita
1054 1077 1192 1158 bumana,
1215 1095 1291 1156 quae
1315 1086 1362 1138 tot

349 1177 380 1228 et
410 1169 500 1228 tantis
532 1166 620 1227 huius
648 1165 758 1226 saeculi
790 1165 874 1226 maiis
905 1184 970 1226 esso
1001 1167 1118 1244 cogitur
1147 1167 1272 1246 misera,
1304 1185 1359 1245 spe

349 1258 443 1317 futuri
467 1255 575 1316 saeculi
604 1256 641 1314 sit
665 1253 762 1333 beata,
793 1256 871 1315 sicut
894 1263 924 1314 et
947 1254 1032 1315 salva.
1079 1253 1143 1324 Ouo
1167 1253 1254 1314 modo
1278 1256 1361 1314 enim

348 1344 433 1405 beata
463 1352 524 1424 est,
557 1361 630 1421 quae
660 1341 790 1402 nondum
819 1342 897 1402 salva
926 1339 992 1403 est?
1037 1341 1120 1402 Unde
1149 1352 1180 1402 et
1206 1341 1360 1421 apostolus

298 1447 331 1495 to
349 1432 458 1494 Paulus
481 1449 541 1491 non
565 1431 601 1491 de
624 1429 793 1491 hominibus
816 1430 1045 1509 inprudentibus
1069 1430 1291 1512 inpatientibus,
1314 1433 1359 1491 in·

350 1518 583 1599 temperantibus
603 1528 632 1579 et
650 1521 770 1599 iniquis,
793 1519 845 1579 sed
864 1518 900 1578 de
919 1519 974 1599 his,
998 1521 1049 1598 qui
1072 1519 1237 1580 seeundum
1258 1537 1361 1579 veram

349 1611 489 1690 pietatem
516 1611 649 1667 viverent
676 1616 706 1667 et
733 1606 799 1666 ideo
828 1609 966 1688 virtutes,
995 1625 1068 1687 quas
1089 1607 1251 1690 haberent,
1274 1626 1360 1668 veras

348 1695 506 1775 haberent,
532 1699 587 1758 ait:
617 1697 677 1773 Spe
703 1698 782 1756 enim
804 1698 883 1756 salai
900 1695 983 1772 faeti
1003 1714 1114 1757 sumas.
1159 1696 1234 1773 Spes
1257 1702 1361 1757 autem

349 1803 429 1860 puae
446 1786 574 1860 uidetur,
597 1802 656 1845 aon
679 1791 724 1844 est
745 1801 820 1860 spes.
871 1786 959 1856 Quod
979 1787 1058 1845 enim
1081 1787 1164 1845 uidet
1184 1787 1260 1860 quas,
1284 1787 1362 1859 quid

298 1888 330 1936 15
350 1881 380 1934 et
401 1875 525 1949 sperat?
570 1872 606 1933 Si
631 1880 731 1932 autem
758 1874 841 1948 qaod
861 1890 921 1933 non
949 1875 1082 1933 videmus
1103 1890 1275 1954 speramus,
1298 1892 1361 1950 per

344 1963 527 2040 patientiam
559 1968 761 2037 expectamus.
808 1959 892 2021 Sient
924 1979 995 2041 ergo
1028 1979 1080 2039 spe
1113 1960 1201 2041 salvi,
1232 1963 1272 2022 ita
1305 1980 1358 2040 spe

349 2049 428 2110 beati
452 2049 521 2110 iacti
544 2067 660 2129 sumus,
683 2059 714 2109 et
737 2051 814 2108 siout
837 2048 975 2130 salutem,
998 2051 1038 2109 ita
1061 2049 1274 2110 beatitudinem
1298 2068 1359 2111 nou

349 2140 406 2198 iam
439 2145 575 2198 tenemus
607 2145 808 2218 praesentem,
841 2137 894 2197 sed
927 2146 1116 2216 expectamus
1148 2138 1295 2219 suturam,
1328 2148 1359 2199 et

349 2226 406 2286 hoe
425 2229 702 2305 perpetrantium
724 2227 793 2304 quia
815 2228 847 2286 ia
870 2225 953 2285 maiis
977 2244 1089 2307 sumus,
1112 2244 1187 2304 quae
1210 2229 1359 2304 patienter

297 2329 331 2379 20
350 2315 477 2375 tolerare
497 2313 648 2394 debemuS,
671 2313 765 2374 donee
783 2313 819 2373 ad
838 2313 887 2374 illa
907 2316 1058 2374 veniamus
1076 2313 1162 2395 bona,
1186 2313 1237 2374 ubi
1259 2318 1358 2375 omnia

350 2411 457 2484 erunt,
490 2401 598 2482 quibus
625 2401 812 2462 ineffabiliter
839 2401 1036 2482 delectemur,
1067 2402 1141 2462 nibil
1169 2405 1226 2462 erit
1249 2412 1359 2483 autem,

350 2491 430 2571 quod
451 2494 510 2551 iam
529 2489 655 2550 tolerare
674 2489 843 2551 debeamus.
889 2490 968 2550 Talis
991 2490 1080 2573 salus,
1102 2509 1176 2570 quae
1201 2493 1231 2550 in
1255 2492 1358 2552 futuro

350 2583 407 2640 erit
426 2577 553 2659 saeculo,
575 2581 639 2657 ipsa
657 2581 715 2639 erit
737 2579 824 2638 etiam
848 2579 942 2638 finalis
965 2578 1125 2640 beatitudo.
1171 2579 1265 2650 Quam
1289 2578 1358 2640 bea·

350 2668 508 2728 titudinem
537 2668 587 2726 isti
618 2665 800 2746 phdosophi,
834 2668 972 2745 quoniam
998 2685 1058 2728 non
1086 2667 1219 2728 videntes
1251 2667 1360 2729 nolunt

297 2755 486 2835 recredere,
513 2753 561 2814 hio
590 2756 646 2814 sibi
674 2763 818 2815 conantur
846 2754 1031 2815 salsissimam
1059 2754 1218 2838 fabricare,
1246 2765 1358 2835 quanto

350 2842 534 2922 superbiore,
556 2851 638 2903 tanto
662 2841 848 2903 mendaciore
872 2844 989 2904 virtute.

761 3013 879 3080 CAPUT
897 3013 937 3081 V.

350 3128 396 3189 De
417 3129 527 3188 sociali
548 3129 619 3200 vita,
644 3143 730 3201 puae,
754 3143 823 3186 eam
840 3129 972 3186 maxime
994 3128 1165 3203 expetenda
1186 3131 1234 3201 sit,
1257 3132 1360 3190 maltis

578 3215 795 3290 offensionibus
816 3232 908 3290 saepe
928 3215 1122 3275 subvertitur.

297 3334 330 3383 80
439 3320 523 3392 Quod
542 3329 641 3382 autem
660 3319 797 3380 socialem
817 3321 904 3379 vitam
925 3319 1027 3380 volunt
1043 3337 1110 3379 esse
1128 3321 1279 3400 sapientis,
1303 3339 1360 3382 nos

349 3408 442 3469 multo
470 3408 594 3488 amplius
623 3406 828 3487 adprobamus.
873 3406 946 3467 Nam
973 3407 1052 3468 unde
1080 3409 1137 3468 istu
1165 3407 1218 3468 uei
1245 3411 1359 3492 civitas,

417 3515 460 3582 lo)
478 3511 558 3566 Rom.
578 3516 603 3578 8,
618 3517 702 3578 itaq.

419 3659 452 3708 14
465 3653 545 3707 uidet
559 3652 621 3721 quis
635 3668 701 3718 aass3
719 3651 782 3718 quis
796 3650 875 3703 videt
887 3668 903 3704 υ
916 3653 926 3720 i
940 3650 1009 3720 quid
1023 3652 1161 3719 serperet
1175 3649 1275 3721 Βῆῑρς
1290 3652 1362 3719 quid

348 3723 645 3794 speratAGa¹abpa;
658 3722 693 3788 cs.
704 3724 811 3786 96,2o;
825 3722 870 3774 iob.
880 3726 916 3774 10
924 3725 991 3776 e25
999 3722 1067 3776 med.
1081 3723 1091 3790 d
1107 3727 1139 3774 1‘1
1149 3721 1363 3794 beutifieabie¹ti

348 3802 428 3865 20sp.
447 3795 498 3848 ubi
516 3795 581 3846 suni
600 3792 694 3846 omnia
711 3808 764 3861 pp3
784 3793 866 3844 erunt
883 3807 933 3846 om.
954 3792 1016 3857 Ra,
1034 3798 1103 3848 reete
1121 3797 1153 3845 ut
1170 3792 1282 3845 uidetur
