3284 4459
342 474 407 538 476
746 484 947 527 senensem

341 630 372 684 ei
393 640 447 683 ero
470 625 553 683 testis
570 624 659 682 onon
675 638 769 696 super
791 622 944 693 maleficas
967 626 997 681 ei
1018 637 1110 695 super
1133 622 1297 695 adulteros,
1321 629 1353 683 et

341 719 454 791 cetera,
483 708 592 787 quibus
619 707 835 769 damnabilibus
862 709 1042 767 enumeratis
1072 708 1247 769 criminibus
1271 710 1351 770 addi-

341 799 398 859 ait:
430 800 577 871 Quoniam
604 815 660 873 epo
683 799 827 859 Dominus
851 797 932 856 Deus
960 803 1072 871 uester,
1099 804 1130 856 ot
1150 814 1211 857 non
1234 805 1354 870 mutor,-

341 896 490 965 tamquam
508 885 634 946 diceret:
655 884 748 966 „Cum
766 901 819 944 vos
838 886 995 943 mutaverit
1014 892 1045 943 et
1061 886 1093 943 in
1111 884 1245 945 deterius
1263 886 1352 965 culpa

306 983 438 1038 tvestra
462 977 545 1034 etin
569 973 674 1034 meiius
697 975 790 1052 gratia
813 990 887 1052 mea,
910 990 964 1050 ego
988 990 1048 1031 non
1071 968 1197 1033 mutor.“
1229 973 1353 1035 Testem
1459 1016 1460 1057 ,

341 1081 412 1123 vero
442 1081 475 1123 se
502 1060 575 1123 dicit
602 1063 750 1141 futurum,
778 1062 846 1138 quia
873 1062 904 1120 in
932 1058 1041 1119 iudicio
1068 1078 1123 1119 suo
1154 1078 1214 1120 non
1238 1063 1352 1141 indiget
1459 1102 1460 1137 ,

341 1150 476 1232 testibus,
499 1168 627 1229 eumque
650 1150 789 1227 velocem,
812 1150 873 1208 sive
897 1150 965 1227 quia
989 1156 1110 1226 repente
1134 1158 1279 1210 venturus
1302 1160 1350 1211 est
1459 1138 1460 1161 ¹

341 1242 458 1318 eritque
480 1239 622 1299 iudicium
651 1241 717 1317 ipso
739 1239 890 1316 inopinato
914 1238 979 1296 eius
1002 1236 1128 1297 adventu
1152 1237 1354 1319 celerrimum,
1459 1242 1460 1301 1

341 1327 421 1407 quod
452 1327 652 1388 tardissimum
684 1325 854 1405 videbatur,
886 1326 947 1384 sive
974 1325 1051 1403 'quia
1083 1327 1162 1403 ipsas
1195 1330 1353 1388 convincet
1459 1324 1460 1401 Ῠ

291 1431 323 1480 ιο
343 1418 406 1477 sine
431 1415 489 1476 ulla
512 1417 657 1476 sermonis
684 1414 851 1493 prolixitate
879 1415 1085 1473 conscientias.
1131 1414 1168 1474 In
1192 1419 1350 1489 capitatio·
1459 1468 1460 1475 ,

341 1506 431 1565 nibus
453 1506 546 1578 enim,
576 1505 654 1563 sicut
683 1504 909 1582 scriptumest,
937 1504 1023 1577 impii
1050 1504 1250 1577 interropotio
1275 1508 1354 1576 erit,·
1459 1516 1460 1575 ζ

342 1601 373 1652 et
391 1591 555 1670 apostolus:
577 1592 822 1666 Capitutionibns,
841 1591 947 1667 inquit,
967 1592 1184 1651 accusantibus
1198 1595 1247 1651 aei
1258 1596 1352 1653 etiam
1459 1588 1460 1653 j

342 1681 560 1741 excusantibus
586 1683 619 1740 in
646 1681 709 1759 dic,
736 1696 798 1753 aaa
826 1678 976 1738 iudicabit
997 1678 1080 1739 Deus
1109 1683 1230 1741 occultu
1257 1682 1350 1741 nomi·
1459 1682 1460 1699 ¹

341 1785 425 1842 num,
452 1770 619 1828 secundum
646 1770 835 1841 eoanqeiium
861 1782 958 1826 meum
981 1783 1041 1842 per
1064 1767 1164 1827 Iesum
1190 1769 1352 1830 Chrestum.

291 1871 323 1919 15
342 1855 438 1917 Etiam
466 1858 510 1915 sic
538 1873 609 1934 ergo
632 1854 775 1916 Dominus
802 1854 922 1915 futurus
950 1856 1035 1914 testis
1065 1853 1280 1934 intellegendus
1305 1866 1352 1918 est
1459 1932 1460 1937 ἵ

342 1944 435 2023 velox,
458 1961 526 2003 cum
545 1946 609 2004 sine
628 1961 711 2003 mora
728 1951 921 2003 revocaturus
945 1943 1043 2003 estin
1067 1946 1247 2025 memoriam,
1272 1945 1353 2005 unde

342 2034 497 2093 convincat
519 2035 681 2111 puniatque
705 2032 925 2091 conscientiam.
1358 2032 1367 2057 ⁸

706 2236 825 2303 anur
844 2234 977 2302 XXVII.

342 2371 389 2432 De
407 2372 602 2446 separatione
620 2369 766 2428 bonorum
784 2369 988 2439 etmalorum,
1007 2384 1067 2442 per
1085 2383 1175 2441 quam
1198 2371 1353 2429 nouissimi

290 2475 323 2522 uo
603 2458 713 2517 iudicii
734 2457 877 2516 diseretio
901 2455 1088 2514 declaratur.

430 2580 505 2642 illud
525 2581 622 2659 etiam,
645 2579 724 2656 qtrod
743 2577 820 2638 eliud
841 2594 930 2655 agens
954 2578 983 2636 in
1009 2586 1111 2637 octavo
1135 2576 1249 2639 decimo
1272 2578 1351 2640 libro

343 2687 379 2729 ex
401 2672 459 2729 isto
482 2667 627 2747 propheta
649 2668 749 2747 posui,
772 2665 807 2726 ad
831 2665 973 2725 iudicium
997 2666 1187 2725 novissimum
1211 2669 1353 2750 pertinet,
1459 2672 1460 2677 ’

343 2755 393 2816 uhi
417 2759 469 2817 ait:
502 2756 602 2815 Erunt
629 2756 716 2834 mibi,
748 2757 824 2815 aiau
850 2755 995 2814 Dominus
1018 2756 1214 2830 omnipotens,
1245 2759 1276 2817 in
1299 2758 1354 2817 die

343 2862 404 2919 qua
427 2861 481 2919 eqo
501 2842 587 2918 socio
610 2844 643 2902 in
665 2845 909 2917 adquisitionem,
939 2848 969 2901 et
991 2844 1100 2916 clinum
1123 2860 1174 2903 eos
1195 2846 1276 2904 sient
1297 2848 1350 2905 eii-

291 2947 324 2994 25
341 2936 389 3007 ou
406 2934 491 2993 bomo
507 2934 605 3005 filium
623 2946 710 2990 snum
727 2933 782 3006 qui
798 2932 892 2990 serait
909 2931 954 3000 ei;
979 2936 1009 2990 et
1031 2937 1194 2991 convertur
1217 2940 1248 2992 et
1268 2934 1350 2994 uide·
1459 2954 1460 2971 2

344 3023 413 3081 bitis
431 3021 506 3095 quid
522 3022 562 3079 sit
580 3021 660 3079 inter
677 3021 788 3078 iustum
806 3025 838 3079 et
855 3020 998 3097 iniquum,
1022 3026 1052 3078 et
1070 3022 1149 3079 inter
1170 3024 1353 3082 seruientem
1459 3032 1460 3035 ’

343 3110 531 3169 Deoeteum
549 3109 681 3181 quinon
698 3108 799 3166 seruit
850 3106 928 3177 Quin
952 3123 1024 3166 ecce
1046 3108 1111 3167 dies
1133 3111 1215 3168 uenit
1237 3111 1353 3170 ardens

342 3200 423 3258 sicut
449 3196 587 3256 clibanus
613 3201 644 3255 et
670 3194 826 3255 comburet
852 3210 914 3267 eos,
947 3203 978 3255 et
1004 3202 1095 3255 erunt
1121 3212 1221 3257 omnes
1244 3199 1350 3258 alieni·
1459 3226 1460 3243 1

415 3351 459 3414 11)
478 3348 541 3417 sap.
562 3354 587 3415 1,
605 3352 630 3401 o.
669 3348 712 3411 14)
731 3346 810 3401 Rom.
830 3352 855 3413 1,
876 3352 908 3399 11
928 3363 967 3414 sq.
1004 3349 1048 3409 21)
1068 3347 1096 3402 o.
1116 3353 1158 3401 so.

414 3536 447 3584 lu
465 3530 496 3582 in
509 3529 584 3584 diem
596 3531 696 3585 iudicii
710 3531 823 3599 quenda
838 3533 866 3586 A
878 3534 888 3602 tt
902 3537 935 3585 23
954 3532 984 3585 in
999 3532 1044 3586 die
1059 3549 1116 3600 que
1130 3532 1355 3602 RAGnueppu
1459 3526 1460 3533 ¹

341 3606 374 3653 ut
388 3602 503 3655 Hieron.
522 3602 554 3654 in
572 3602 643 3656 Mai.
659 3602 794 3668 (Sabat.);
811 3602 846 3667 cf.
866 3606 979 3667 310,16
995 3604 1004 3671 ss
1023 3609 1056 3655 25
1075 3606 1224 3657 conuerbur
1237 3604 1351 3658 Reus
1459 3624 1460 3659 t

342 3671 436 3738 ub¹cp
453 3676 486 3723 ut
503 3670 631 3737 Hieron.;
650 3672 847 3725 conuertimini
863 3672 926 3742 pb¹3
946 3674 1147 3728 conueriemini
1160 3691 1177 3727 o
1190 3676 1199 3743 Η
1213 3679 1245 3727 27
1266 3675 1352 3728 seruit
1459 3706 1460 3709 =

343 3741 415 3806 R-‚o
432 3755 480 3794 sec.
503 3740 611 3805 Graec.;
629 3742 717 3795 seruit
734 3742 760 3794 ei
780 3744 946 3811 AGaeppo
