3284 4459
336 517 399 582 348
745 529 766 570 s.
780 529 944 572 andnemu

335 668 429 726 virtus
457 672 554 726 autem
582 663 762 724 adsumenda
790 664 922 726 creditur
953 674 1077 744 propter
1102 666 1196 746 iiiam,
1225 667 1255 727 id
1288 676 1346 748 cst,

335 762 369 815 ut
391 753 464 814 nihil
486 755 580 812 virtus
608 762 674 830 agat
697 755 754 814 nisi
777 753 812 813 ad
835 752 1074 832 consequendam
1098 754 1143 814 vel
1167 773 1344 816 conservan-

335 842 401 904 dam
425 843 559 920 corporis
581 840 773 921 voitrptatem3
800 859 876 920 quae
899 844 956 902 vita
979 841 1121 903 deformis
1144 842 1346 924 estquidam,

331 933 444 1009 ,quippe
468 928 519 989 ubi
538 931 631 990 virtus
651 931 742 990 servit
765 928 900 989 dominae
923 929 1066 1009 voluptati
1088 925 1237 1012 (quamvis
1261 932 1346 992 nullo

300 1033 315 1080 5
334 1019 422 1083 modo
441 1017 513 1078 haec
531 1016 655 1080 dicenda
678 1020 717 1078 sit
739 1011 862 1100 virtus);
886 1018 937 1078 sed
960 1028 1059 1079 tamen
1082 1022 1172 1079 etiam
1194 1021 1250 1080 ista
1274 1019 1344 1080 hor-

335 1106 429 1168 ribilis
453 1105 605 1186 turpitudo
633 1104 735 1166 habuit
763 1105 907 1184 quosdam
935 1106 1126 1187 philosophos
1148 1116 1290 1186 patronos
1314 1119 1345 1168 et

335 1195 508 1258 defensores
530 1212 609 1254 auos.
654 1192 763 1254 Virtuti
785 1212 876 1272 porro
899 1193 1034 1273 voluptas
1056 1198 1200 1276 iungitur,
1223 1196 1344 1275 quando

334 1293 440 1346 neutra
463 1300 566 1342 earum
593 1291 716 1361 propter
739 1282 876 1363 aiteram,
903 1283 955 1343 sed
978 1293 1102 1362 propter
1125 1302 1157 1343 se
1180 1277 1260 1363 ipsas'
1284 1302 1344 1343 am-

335 1372 389 1434 bac
419 1378 608 1451 appetuntur.
659 1369 846 1449 Quapropter
876 1373 954 1432 sicut
982 1370 1117 1450 voluptas
1148 1371 1195 1432 vei
1225 1371 1345 1432 subdita

285 1477 317 1524 10
335 1461 382 1522 vei
404 1459 532 1540 praelata
556 1459 601 1519 vel
624 1460 723 1519 iuncta
747 1460 849 1519 virtuti
872 1467 934 1519 tres
957 1468 1054 1520 sectas
1076 1461 1162 1540 iacit,
1184 1463 1225 1521 ita
1248 1463 1346 1542 quies,

335 1552 377 1612 ita
399 1557 574 1627 utrumque,
601 1549 642 1607 ita
672 1548 766 1625 prima
789 1555 911 1607 naturae
935 1547 1005 1607 alias
1028 1556 1128 1608 ternas
1151 1551 1347 1610 inveniuntur

336 1637 462 1698 efficere.
517 1634 575 1695 Pro
612 1637 751 1695 varietate
793 1638 902 1715 quippe
938 1636 1133 1697 humanarum
1170 1639 1346 1716 opinionum

335 1727 438 1786 virtuti
461 1723 616 1802 aliquando
645 1722 829 1802 subduntur,
858 1723 1014 1801 aliquando
1037 1726 1263 1804 praeferuntur,
1292 1725 1344 1785 aii-

336 1813 453 1892 quando
488 1815 670 1892 iunguntur,
710 1829 743 1871 ac
785 1814 828 1872 sic
870 1811 905 1871 ad
943 1811 1158 1874 duodenarium
1193 1823 1346 1874 sectarum

284 1916 493 1965 innumerum
516 1902 696 1980 pervenitur.
743 1898 800 1960 Sed
824 1901 880 1959 iste
902 1918 1022 1978 quoque
1045 1918 1190 1962 ntrmerus
1211 1900 1343 1980 duplica·

336 2000 385 2051 tur
408 1989 536 2052 adhibita
564 2006 621 2049 uua
649 1987 830 2067 differentia,
857 1987 973 2048 socialis
996 1987 1133 2050 videlicet
1155 1991 1245 2070 vitae,
1267 2009 1343 2068 quo-

336 2082 426 2159 niam,
454 2079 588 2157 quisquis
616 2085 747 2140 sectatur
781 2077 908 2156 aliquam
939 2080 1063 2140 istarum
1094 2080 1249 2142 duodecim
1276 2100 1344 2142 sec·

334 2169 418 2245 tam„
446 2167 580 2245 proiecto
608 2173 658 2225 aut
687 2173 809 2243 propter
838 2183 869 2224 ae
898 2172 1011 2224 tantum
1035 2165 1064 2225 id
1093 2168 1154 2243 agit
1180 2169 1345 2227 autetiam

334 2265 456 2335 propter
480 2255 601 2334 socium,
624 2255 673 2313 cui
696 2252 785 2312 debet
806 2252 864 2312 hoc
887 2251 960 2312 veile
983 2252 1062 2331 quod
1086 2253 1150 2314 sihi.
1196 2253 1346 2325 Quocirca

282 2359 317 2408 20
335 2343 490 2405 duodecim
514 2351 584 2402 sunt
602 2359 715 2421 eorum,
738 2343 788 2419 qui
812 2349 935 2419 propter
957 2359 989 2400 se
1013 2349 1128 2402 tantum
1150 2361 1342 2421 unamquam—

336 2450 393 2510 que
418 2429 574 2491 tenendam
596 2436 715 2511 putant,
739 2438 769 2488 et
791 2429 863 2489 aliae
887 2427 1043 2488 duodecim
1067 2448 1185 2511 eorum,
1207 2432 1259 2508 qui
1282 2450 1344 2491 non

336 2518 431 2580 solum
453 2527 575 2598 propter
602 2535 635 2577 se
663 2519 706 2577 sic
729 2515 774 2576 vei
797 2519 840 2575 sic
864 2516 1128 2596 philosophandum
1151 2537 1216 2578 esse
1239 2519 1343 2580 decer·

336 2615 426 2686 namt,
456 2606 620 2666 sedetiam
647 2613 770 2684 propter
799 2603 884 2686 alios,
916 2623 1044 2684 quorum
1066 2605 1177 2667 bonum
1199 2617 1347 2686 appetunt

337 2697 415 2756 sicut
444 2712 539 2754 strum.
585 2693 646 2753 Hac
674 2701 772 2753 autem
802 2700 900 2754 sectae
932 2695 1035 2771 viginti
1063 2703 1203 2772 quattuor
1232 2698 1346 2756 iterum

284 2785 523 2861 ingeminantur
544 2781 641 2844 addita
661 2780 826 2841 differentia
844 2800 881 2841 ex
899 2782 1080 2842 Academicis
1108 2785 1191 2842 novis
1210 2792 1240 2843 et
1265 2784 1347 2845 fiunt

337 2870 529 2949 quadraginta
556 2878 631 2931 octo.
676 2867 795 2930 illarum
819 2871 928 2948 quippe
951 2873 1054 2949 viginti
1077 2879 1217 2949 quattuor
1239 2890 1345 2933 unam·

337 2977 484 3039 quamque
515 2966 662 3019 sectarum
692 2966 790 3036 potest
820 2961 946 3036 quisque
976 2961 1019 3018 sic
1047 2969 1150 3019 tenere
1179 2978 1212 3021 ao
1239 2960 1342 3021 deien-

337 3049 407 3108 dere
441 3055 474 3107 ut
506 3055 632 3127 certam,
669 3064 756 3124 quem
796 3045 831 3105 ad
864 3046 985 3106 modum
1016 3046 1215 3108 defenderunt
1249 3048 1345 3109 Stoici

338 3135 416 3214 quod
439 3135 566 3196 hominis
585 3133 704 3213 bonum,
727 3152 785 3211 quo
808 3133 913 3194 heatus
937 3142 1025 3214 esset,
1047 3137 1078 3194 in
1101 3138 1191 3196 animi
1213 3145 1344 3197 tantum·

284 3237 318 3286 30
337 3223 424 3286 modo
452 3226 560 3290 virtute
589 3225 778 3302 consisterem
805 3232 904 3301 potest
927 3222 1001 3283 alius
1025 3231 1057 3284 ut
1079 3225 1237 3304 incertam,
1264 3227 1346 3285 sicut

338 3312 535 3373 defenderunt
561 3310 727 3371 Academici
755 3313 836 3392 novi,
866 3311 944 3388 quod
973 3313 1016 3370 eis
1043 3313 1100 3370 etsi
1128 3329 1187 3372 non
1217 3321 1346 3393 certum,

337 3411 436 3462 tamen
458 3401 521 3460 veri
548 3397 642 3460 simile
673 3397 835 3459 videbatur.
877 3397 988 3477 -Viginti
1011 3408 1151 3477 quattuor
1174 3418 1244 3479 ergo
1268 3401 1346 3462 fiunt

337 3508 391 3568 per
415 3507 479 3568 eos,
506 3491 558 3566 qui
581 3505 630 3548 eas
653 3485 732 3547 velut
755 3495 852 3548 certas
874 3494 996 3566 propter
1019 3490 1186 3568 veritatem,
1216 3498 1246 3550 et
1269 3489 1342 3550 aliae

338 3579 439 3656 viginti
469 3584 607 3654 quattuor
637 3593 691 3655 per
724 3592 790 3654 eos,
823 3577 874 3652 qui
904 3574 1022 3634 easdem
1052 3579 1184 3653 quamvis
1213 3579 1345 3640 incertas

285 3678 318 3726 35
337 3674 458 3745 propter
491 3667 553 3724 veri
589 3661 811 3723 similitudinem
849 3660 1014 3739 sequendas
1050 3672 1163 3742 putant.
1217 3664 1344 3747 Rursuq

338 3756 405 3834 quia
436 3768 672 3831 unamquamque
708 3752 832 3810 istarum
869 3751 1061 3830 quadraginta
1094 3763 1161 3813 octo
1195 3762 1343 3815 sectarum

408 3907 439 3956 17
460 3903 565 3955 sectam
583 3900 757 3967 lincam
777 3901 951 3953 sectarum

495 4113 613 4154 A.
