3284 4459
340 483 406 550 280
750 494 950 542 sarnacum

341 631 416 709 dixi,
448 632 473 690 si
505 638 603 691 tamen
633 631 743 690 iactum
772 636 827 688 est.
872 627 1045 689 Diomedeas
1074 638 1174 689 autem
1203 628 1349 710 volucres,

342 718 458 797 quando
478 718 597 797 quidem
616 735 710 796 genus
733 734 836 776 earum
858 733 913 794 per
935 719 1156 778 successionem
1177 720 1350 797 propaginis

341 807 448 868 dirrare
468 805 650 886 perhibetur,
673 823 733 866 non
751 807 872 865 mutatis
890 803 1061 866 bominibus
1079 806 1179 888 iactas,
1202 805 1254 866 sed
1279 805 1349 866 sub-

341 896 444 956 tractis
467 893 556 955 credo
580 895 671 954 fuisse
695 895 878 973 suppositas,
900 895 978 953 sicut
1000 911 1086 953 cerva
1109 912 1164 972 pro
1187 893 1350 974 iphigenia,

306 995 322 1042 a
341 985 420 1062 regis
438 982 664 1061 Agamemnonis
684 981 749 1042 iilia.
793 980 897 1058 Neque
920 983 999 1040 enim
1022 980 1215 1043 daemonibus
1238 982 1349 1043 iudicio

342 1071 395 1132 Dei
413 1073 566 1150 permissis
584 1069 673 1131 buius
696 1068 775 1130 modi
798 1071 973 1148 praestigiae
997 1069 1131 1130 difficiles
1154 1089 1220 1130 esse
1244 1078 1350 1150 potue·
1454 1062 1457 1083 ⁹

342 1168 425 1240 runt;
449 1159 501 1220 sed
530 1160 598 1237 quia
625 1157 673 1218 illa
697 1159 777 1235 virgo
800 1165 905 1236 postea
926 1159 989 1217 riva
1012 1166 1130 1236 reperta
1153 1166 1212 1238 est,
1239 1177 1349 1238 suppo·

342 1250 428 1308 sitam
458 1265 514 1326 pro
546 1246 593 1307 illa
625 1263 691 1306 esse
724 1263 841 1306 cervam
872 1244 957 1304 facile
988 1248 1138 1324 cognitum
1168 1256 1222 1308 est.
1269 1247 1350 1306 Socii

342 1354 412 1410 vero
427 1335 575 1396 Diomedis
589 1336 658 1413 quia
677 1351 821 1412 nusquam
842 1332 939 1393 subito
958 1346 1180 1412 conparuerunt
1198 1343 1229 1395 et
1245 1343 1350 1414 postea

290 1423 423 1486 lucullo
446 1423 510 1484 loco
535 1430 748 1502 apparuerunt,
778 1420 971 1500 perdentibus
994 1422 1215 1483 assultoribus
1237 1423 1350 1501 angelis

343 1511 442 1592 malis,
471 1513 502 1572 in
531 1529 579 1571 eas
607 1528 687 1589 aves,
718 1527 792 1587 quae
820 1527 875 1588 pro
903 1509 960 1569 illis
987 1518 1058 1572 sunt
1086 1510 1202 1571 occulte
1224 1529 1261 1570 ex
1284 1511 1351 1571 aliis

343 1599 429 1680 iocis,
450 1597 504 1660 ubi
527 1606 573 1659 cst
595 1599 651 1658 hoc
675 1615 768 1676 genus
791 1599 902 1677 avium,
929 1597 965 1656 ad
988 1613 1022 1658 ea
1045 1598 1110 1658 loca
1131 1599 1291 1677 perductae
1314 1617 1350 1658 ac

343 1693 465 1766 repente
486 1689 663 1767 suppositae,
687 1685 850 1746 creduntur
869 1703 934 1745 esse
957 1689 1109 1746 conversi·
1142 1685 1226 1756 Quod
1250 1696 1350 1748 autem

343 1775 491 1836 Diomedis
520 1774 629 1854 templo
659 1792 765 1852 aquam
787 1775 893 1834 rostris
916 1774 1044 1834 afferunt
1065 1784 1096 1834 et
1117 1783 1291 1856 aspergunt,
1319 1784 1352 1835 et
1452 1792 1456 1854 j

289 1876 322 1925 15
343 1863 419 1942 quod
444 1862 634 1924 blandiuntur
652 1863 840 1940 Graecigenis
863 1869 950 1939 atque
969 1861 1147 1940 alienigenas
1165 1881 1351 1943 persequun-

342 1962 405 2026 tur,
437 1952 604 2012 mirandum
627 1969 687 2012 non
718 1958 765 2013 est
795 1950 860 2010 fieri
892 1949 1068 2010 daemonum
1090 1953 1247 2031 instinctu,
1277 1970 1350 2030 quo-

342 2058 409 2102 rum
432 2042 558 2102 interest
579 2039 759 2119 persuadere
786 2038 875 2099 deum
903 2039 1011 2099 sactum
1036 2057 1106 2098 esse
1130 2039 1290 2100 Diomeden
1313 2040 1350 2100 ad

343 2127 532 2208 decipiendos
555 2127 703 2207 homines,
727 2133 761 2187 ut
783 2125 872 2189 salsos
895 2125 967 2186 deos
991 2144 1059 2186 cum
1081 2129 1143 2190 veri
1166 2127 1219 2187 Dei
1241 2130 1351 2188 iniuria

343 2217 451 2279 multos
470 2216 568 2277 colant
585 2224 616 2276 et
632 2213 802 2286 hominibus
820 2216 955 2294 mortuis,
978 2217 1103 2292 quince
1126 2233 1194 2275 cum
1217 2218 1353 2276 virerent

289 2316 323 2368 20
343 2324 411 2366 vere
444 2307 595 2384 vixerunt,
627 2303 743 2382 templis
776 2301 916 2362 altaribus
923 2350 932 2383 ,
964 2303 1117 2363 sacrificiis
1145 2302 1353 2365 sacerdotibus

343 2387 432 2476 (quae
464 2395 560 2454 omnia
593 2410 660 2451 curn
687 2399 769 2452 recta
797 2399 867 2451 sunt
894 2408 953 2450 non
982 2392 1039 2450 nisi
1066 2393 1119 2452 uni
1141 2390 1202 2452 uec
1232 2394 1296 2452 rivo
1320 2401 1353 2453 et
1455 2402 1456 2457 t

343 2500 412 2542 vero
436 2473 597 2561 debentur)
621 2481 790 2540 inserviant.

736 2647 855 2716 Carnu
874 2649 959 2714 XIX.

348 2779 436 2850 Quod
457 2795 492 2840 eo
511 2785 644 2854 tempore
662 2777 780 2838 Aeneas
802 2779 834 2837 ia
854 2778 975 2838 Italiam
998 2781 1122 2852 venerit,
1146 2797 1204 2854 qao
1224 2779 1352 2841 labdon

290 2879 323 2928 25
600 2868 693 2926 iudea
711 2867 911 2940 praesidebat
932 2866 1088 2927 Hebraeis.

431 2987 473 3048 Eo
498 2999 631 3068 tempore
659 2983 727 3068 post
757 2997 870 3067 captam
894 2987 1012 3048 Troiam
1035 2998 1123 3068 atque
1147 2989 1273 3052 deletam
1296 2992 1351 3052 de-

343 3095 413 3138 neas
444 3095 511 3137 cum
541 3079 643 3155 viginti
673 3075 807 3155 navibuS,
848 3073 955 3155 quibus
986 3076 1179 3155 portabantur
1208 3079 1352 3158 reliquiae

343 3165 548 3246 Troianorum,
566 3168 602 3225 in
621 3164 732 3226 ltaliam
755 3166 845 3244 venit,
868 3173 1009 3242 regnante
1032 3164 1074 3225 ibi
1092 3164 1196 3226 Latino
1220 3177 1250 3228 et
1273 3168 1356 3246 apud.

344 3253 536 3316 Athenienses
564 3252 748 3333 Menestheo,
780 3251 857 3330 apud
886 3251 1038 3332 Sicyonios
1067 3253 1242 3335 Polyphidc,
1274 3256 1353 3334 apud
1455 3250 1456 3305 ἐ

292 3355 325 3404 30
344 3342 479 3421 Assyrios
511 3340 659 3422 Tantane,
692 3341 767 3418 apud
797 3339 947 3401 Hebraeos
980 3349 1078 3401 autem
1110 3341 1199 3402 iudex
1231 3341 1354 3404 Labdon

344 3431 407 3490 tuit.
453 3429 569 3490 Mortuo
599 3437 697 3490 autern
719 3426 823 3489 Latino
848 3430 981 3506 regnavit
1003 3429 1116 3489 deneas
1139 3429 1236 3491 tribus
1260 3434 1355 3512 annis,
1455 3442 1456 3451 ¹

345 3517 455 3579 eisdem
478 3519 509 3578 in
533 3515 710 3597 supradictis
732 3515 806 3576 locis
830 3514 1017 3576 manentibus
1040 3516 1170 3599 regibus,
1193 3520 1251 3579 nisi
1274 3519 1354 3598 quod
1455 3522 1456 3577 ἶ

413 3625 458 3690 27)
476 3619 559 3689 Verg.
578 3620 647 3674 Aen.
669 3624 767 3686 1,381.

343 3713 557 3728 „-.-.-..

415 3753 448 3800 14
459 3743 565 3812 bomplo
576 3741 683 3798 anea
690 3743 782 3811 bepp3
796 3740 932 3810 templum
942 3744 984 3809 A3
993 3741 1024 3795 in
1034 3743 1172 3814 templum
1181 3749 1215 3817 ab
1226 3753 1259 3802 15
1270 3751 1357 3818 abque

345 3818 456 3890 (adque)
474 3831 543 3881 mss;
561 3829 611 3868 aaa.
631 3814 669 3880 an
684 3817 717 3865 ³0
737 3815 843 3866 aniane
861 3829 915 3867 mss
