3284 4459
370 529 433 593 164
767 537 789 581 s.
803 539 970 582 Auousrnu

367 681 451 756 dieo,
474 677 583 754 iuquit:
615 681 823 735 testamentum
847 677 1057 745 confirmatum
1082 691 1102 733 o
1125 675 1188 734 Deo
1209 681 1279 750 posi
1301 691 1375 749 quo-

368 768 544 840 drinpentos
566 766 695 838 triginta
717 778 812 822 ornos
833 761 922 836 saeta
944 765 995 822 lex
1013 779 1072 822 nou
1092 765 1228 834 infirmat
1246 763 1290 822 ad
1306 779 1375 822 eoo-

368 855 521 914 euondom
549 854 787 928 promissionem.
837 848 896 909 lam
925 867 997 928 ergo
1025 851 1074 908 isti
1109 848 1317 928 quadringenti
1346 859 1376 910 et

368 943 487 1019 triginta
517 939 586 1000 anni
613 937 822 1017 quadringenti
848 945 986 1016 poterant
1016 939 1195 1017 nuncupari,
1223 940 1375 1014 quianon

332 1041 349 1090 a
369 1038 438 1090 suut
457 1026 549 1088 multo
569 1027 707 1106 amptius:
730 1035 840 1103 quanto
859 1028 951 1103 magis
970 1043 1037 1085 oum
1057 1024 1168 1104 aliquot
1186 1028 1244 1085 iam
1264 1043 1299 1085 ex
1319 1028 1376 1086 isto

369 1133 493 1177 numero
515 1117 743 1194 praeterissent,
765 1113 883 1192 quando
908 1113 955 1173 ilia
978 1116 1009 1173 in
1033 1115 1097 1173 risu
1121 1112 1322 1174 demonstrata
1348 1123 1378 1174 et

367 1211 444 1272 dieta
476 1219 545 1271 sunt
578 1209 724 1286 Abrahae,
756 1207 801 1269 rel
834 1206 950 1286 quando
977 1205 1059 1266 Isaac
1090 1211 1177 1264 natus
1204 1211 1249 1262 est
1277 1210 1377 1262 oente-

366 1302 449 1360 nario
472 1301 550 1378 patri
580 1317 642 1374 suo,
666 1300 797 1376 aprima
820 1297 1018 1374 promissione
1038 1301 1103 1372 post
1121 1293 1226 1370 viginti
1244 1292 1377 1369 quinque

369 1406 470 1467 annos,
493 1405 561 1448 cum
585 1388 641 1446 iam
661 1404 697 1445 ex
715 1386 781 1444 istis
795 1382 1019 1462 quadringentis
1033 1385 1153 1461 triginta
1169 1381 1378 1460 quadringenti

317 1490 351 1538 10
369 1485 399 1537 et
429 1477 561 1554 quinque
589 1481 790 1550 remanerent,
824 1489 898 1549 quos
922 1470 1001 1531 Deus
1030 1470 1261 1549 quadringentos
1285 1471 1378 1532 voluit

369 1567 531 1624 nominare.
572 1561 610 1621 Et
633 1571 740 1639 cetera,
763 1577 839 1637 quae
863 1568 1030 1637 sequuntur
1052 1561 1082 1618 in
1108 1558 1205 1618 verbis
1228 1577 1378 1638 praenun-

369 1654 470 1712 tiantis
500 1650 567 1730 Dei,
599 1649 698 1710 nuilus
730 1647 909 1708 dubitaverit
939 1647 974 1707 ad
1007 1646 1202 1707 israeliticum
1233 1648 1379 1726 populum

370 1742 528 1820 pertinere.

459 1825 544 1896 Quod
568 1841 637 1884 vero
660 1823 843 1901 adiungitur:
875 1825 947 1884 Cum
971 1829 1071 1883 autem
1094 1826 1155 1882 a'om
1177 1825 1224 1884 sol
1244 1830 1315 1884 erut
1337 1827 1383 1884 od

320 1929 352 1977 15
371 1932 525 1987 oceasum,
549 1916 673 1988 tiammo
694 1912 781 1987 sacto
805 1918 861 1985 est,
894 1917 924 1971 et
946 1928 1018 1972 ecce
1043 1908 1162 1985 fornax
1185 1909 1380 1984 fumabunda

371 2011 401 2064 et
422 2005 577 2078 lampades
600 2004 688 2075 ionis,
711 2017 790 2075 quoe
810 2002 1060 2076 pertransierunt
1079 2015 1138 2074 per
1160 2001 1260 2059 media
1279 2001 1380 2060 diuisa

371 2095 437 2165 illo,
469 2090 615 2169 signifieat
644 2090 701 2148 iam
728 2090 759 2148 in
788 2088 846 2147 hue
874 2085 984 2147 saeculi
1007 2103 1061 2164 per
1084 2088 1182 2164 ignem
1206 2087 1381 2148 iudicandus
1454 2121 1455 2160 ,

371 2197 437 2240 esse
465 2176 605 2238 carnales.
657 2175 740 2236 Sicut
767 2177 847 2235 enirn
874 2174 1003 2235 addictio
1030 2176 1156 2234 civitatis
1184 2173 1251 2253 Dei,
1284 2176 1381 2254 qualis
1454 2165 1455 2183 ¹

371 2277 456 2328 antea
480 2282 640 2344 numquam
659 2265 724 2343 init,
746 2281 820 2341 quae
841 2262 896 2323 suh
911 2262 1092 2322 Antichristo
1112 2263 1211 2322 sutura
1231 2271 1381 2343 speratur,

319 2370 353 2418 20
372 2355 554 2434 significatur
577 2351 735 2413 tenebroso
758 2354 864 2411 timore
888 2350 1019 2410 Abrahae
1044 2352 1121 2410 eirea
1141 2349 1211 2410 solis
1231 2369 1381 2432 occasum,

371 2445 402 2504 id
420 2451 467 2504 est
485 2444 702 2521 propinquante
721 2441 778 2499 iam
798 2441 855 2499 tine
875 2438 1001 2500 saeculi:
1025 2441 1068 2498 sie
1086 2437 1121 2498 ad
1142 2438 1212 2498 sotis
1231 2457 1381 2514 oceasum,

371 2533 400 2592 id
425 2528 527 2591 estad
550 2532 648 2608 ipsum
670 2530 728 2589 iam
751 2527 848 2606 finem,
872 2527 1054 2606 significatur
1076 2527 1133 2586 isto
1156 2529 1224 2604 igne
1248 2526 1312 2587 dies
1335 2531 1382 2588 iu·

372 2619 442 2679 dicii
469 2618 612 2678 dirimens
638 2615 770 2676 carnales
798 2634 852 2694 per
879 2618 978 2694 ignem
1006 2613 1160 2674 salvandos
1190 2623 1220 2674 et
1250 2617 1281 2674 in
1311 2618 1382 2694 igne

373 2705 562 2767 damnandos.
622 2702 733 2764 Deinde
771 2711 980 2764 testamentum
1018 2703 1129 2762 iactum
1165 2700 1200 2761 ad
1233 2702 1382 2764 Abraham

321 2807 354 2855 25
374 2803 484 2855 terram
507 2792 642 2853 Chanaau
670 2794 789 2870 proprie
817 2791 984 2850 manifestat
1007 2799 1037 2850 et
1060 2792 1191 2850 nominat
1214 2792 1245 2850 in
1268 2809 1302 2850 ea
1327 2811 1383 2852 un·

373 2882 468 2942 decim
487 2890 591 2959 gentes
609 2897 626 2940 a
644 2879 763 2939 humine
783 2880 906 2958 Aegypti
929 2896 1023 2955 usque
1047 2877 1083 2937 ad
1107 2877 1217 2937 humen
1242 2896 1382 2957 magnum

374 2968 552 3048 Euphraten.
599 2965 663 3026 Non
688 2985 758 3046 ergo
781 2985 797 3026 a
820 2967 941 3027 flumine
965 2983 1070 3044 magno
1094 2966 1230 3045 Aegypti,
1253 2966 1310 3027 hoc
1335 2979 1383 3030 est

374 3057 449 3137 Nito,
472 3056 524 3118 sed
547 3074 564 3115 a
586 3073 686 3134 parvo,
709 3053 788 3133 quod
812 3053 915 3114 dividit
937 3057 1016 3113 iuter
1039 3054 1203 3132 Aegyptum
1227 3062 1257 3114 et
1279 3053 1382 3117 Palae·
1453 3095 1454 3128 t

375 3148 495 3217 stiuam,
518 3143 570 3206 ubi
592 3153 639 3204 est
661 3145 763 3203 civitas
786 3141 1000 3202 Rhinocorura.

444 3290 470 3355 a)
490 3285 550 3341 Gal.
569 3291 594 3349 a,
610 3291 651 3340 tr.
707 3288 750 3353 m)
769 3282 837 3338 Gen.
858 3287 899 3350 to,
915 3285 956 3335 tr.

445 3524 458 3569 1
479 3530 551 3584 quae
569 3517 634 3583 posh
653 3513 747 3570 G¹o¹v
764 3516 774 3583 fl
792 3519 807 3566 2
827 3513 945 3584 triginta
966 3510 1158 3580 wiritorp
1177 3510 1206 3563 eh
1224 3507 1285 3576 trig.
1311 3505 1383 3561 V’A

373 3589 455 3655 obpo
473 3589 482 3656 11
500 3586 577 3639 faeta
593 3585 639 3639 lex
659 3585 846 3656 VRFueqp;
873 3583 949 3637 facia
968 3584 1011 3636 est
1028 3581 1073 3636 lex
1092 3580 1194 3635 Aaou
1212 3581 1221 3648 {i
1239 3579 1383 3631 infirmata

373 3659 408 3712 od
429 3661 497 3726 Aep
514 3659 523 3726 ΙΙ
541 3662 558 3709 4
577 3656 644 3709 anni
664 3655 800 3724 VGbpo;
823 3673 873 3710 orn.
893 3653 1049 3723 RAFaep
1066 3654 1075 3722 h
1094 3658 1110 3707 8
1129 3651 1252 3720 quinque
1274 3650 1382 3704 V¹RA

374 3730 513 3797 FGahp3
528 3729 557 3780 eh
570 3727 693 3853 ‹buinqque
706 3726 810 3797 V¹epo
824 3729 833 3796 ΙΙ
847 3733 879 3779 21
895 3725 1101 3795 propinquante
1112 3722 1174 3778 ..id
1188 3724 1231 3776 esi
1242 3739 1292 3776 om.
1306 3721 1382 3788 G¹⁶h

374 3806 407 3853 23
427 3800 456 3852 in
474 3816 525 3853 om.
546 3801 575 3853 V
607 3815 626 3852 o
