3284 4459
337 497 381 561 30
743 509 945 554 snuousrm

337 648 441 709 errori.
488 646 572 707 Siout
590 646 668 706 enim
687 645 784 707 Aaron
803 646 916 708 erranti
932 644 1042 724 populo
1060 645 1097 706 ad
1119 644 1231 706 idolum
1254 642 1344 707 labri·

337 735 463 795 candum
481 752 542 795 uon
569 735 720 795 consensit
737 732 886 813 inductus,
909 732 962 793 sed
984 734 1075 795 oessit
1101 733 1265 795 obstrietus
1286 751 1344 795 ueo

338 822 522 883 Salomonem
547 820 686 883 credibile
715 829 762 882 est
784 839 888 883 errore
910 829 1032 899 putasse
1052 820 1139 883 idolis
1163 839 1231 883 esse
1252 824 1345 882 servi·

336 911 461 992 endum,
493 910 546 971 sed
578 909 726 972 blanditiis
758 910 894 971 femineis
925 909 962 971 ad
990 909 1040 971 illa
1069 908 1223 989 sacrilegia
1251 910 1346 971 tutuo

301 1009 317 1058 5
336 999 527 1078 conpulsum:
553 1001 594 1060 ita
616 997 798 1059 eredendum
820 1005 867 1058 est
888 996 973 1058 illum
994 999 1093 1061 virum
1114 1016 1186 1059 suae
1208 998 1347 1079 feminae,

337 1088 389 1147 uui
416 1105 523 1168 unum,
550 1086 700 1148 hominem
727 1086 854 1166 homiui,
882 1088 1038 1164 coniugem
1066 1087 1198 1165 coniugi,
1226 1086 1264 1148 ad
1289 1084 1347 1147 liei

336 1175 431 1254 legem
453 1175 726 1254 transgrediendam
744 1192 804 1235 nou
826 1181 976 1253 umquam
998 1190 1103 1235 rerum
1123 1174 1257 1253 loquenti
1279 1191 1346 1235 ere·

336 1261 446 1323 didisse
469 1262 634 1344 seductum,
657 1262 710 1323 sed
732 1261 835 1323 sociali
855 1261 1076 1323 necessitudine
1098 1264 1242 1343 paruisse.
1277 1261 1347 1325 Nou

336 1353 415 1412 enim
438 1352 549 1414 frustra
571 1351 645 1412 dixit
667 1350 831 1431 apostolus:
860 1350 901 1410 Et
922 1351 1020 1411 Adam
1042 1367 1103 1413 non
1125 1358 1172 1413 est
1190 1353 1345 1425 seductus,

285 1451 319 1500 ιο
337 1443 446 1501 mulier
468 1447 569 1501 uatem
591 1442 718 1501 seducta
741 1446 799 1518 eet,
825 1439 882 1499 nisi
904 1440 973 1517 quia
994 1437 1044 1499 illa
1066 1439 1144 1517 quod
1168 1441 1197 1500 ei
1219 1456 1346 1518 serpens

335 1526 453 1589 loeutus
476 1536 530 1607 est,
552 1536 701 1605 tamquam
729 1544 832 1587 rerum
855 1535 944 1606 esset,
965 1528 1089 1606 aceepit,
1110 1526 1160 1588 ille
1184 1535 1284 1589 alitem
1307 1526 1345 1587 ab

335 1618 424 1677 unico
447 1615 543 1679 noluit
560 1616 710 1677 consortio
729 1614 828 1675 dirimi
850 1632 907 1675 neo
928 1618 961 1675 iu
983 1616 1193 1677 commuuione
1215 1617 1345 1696 peceati,

335 1722 391 1765 nee
409 1703 476 1764 ideo
495 1706 593 1765 minus
607 1721 687 1784 reus,
710 1704 736 1763 si
754 1704 853 1763 solens
870 1701 1062 1781 prudensque
1084 1704 1226 1782 peccavit.
1258 1702 1345 1764 Unde

336 1799 367 1853 et
388 1791 538 1871 apostolus
557 1810 617 1853 non
640 1793 695 1852 ait:
716 1789 801 1871 „Non
823 1784 986 1870 peccand,
1010 1790 1076 1852 sed:
1098 1793 1165 1852 Non
1187 1799 1234 1853 est
1254 1793 1344 1853 sedu-

285 1892 317 1940 15
336 1888 420 1952 etum
448 1898 516 1941 nam
543 1882 648 1959 utique
673 1881 771 1959 ipsum
799 1877 943 1959 ostendit,
969 1878 1022 1940 ubi
1047 1878 1134 1941 dicit:
1165 1880 1229 1941 Per
1250 1898 1346 1941 anum

336 1970 484 2030 nominem
509 1976 672 2045 peceatum
701 1970 827 2029 introvit
854 1970 886 2029 in
913 1969 1073 2042 mundent,
1104 1976 1136 2029 et
1165 1967 1345 2047 paulopost

336 2058 483 2135 apertius:
513 2056 551 2118 In
577 2057 788 2129 similitudine,
809 2056 923 2135 inquit,
946 2058 1225 2131 praeuaricationis
1248 2057 1345 2119 Adae.

335 2144 398 2206 llos
420 2154 519 2207 autem
541 2143 680 2205 seductos
702 2143 835 2221 intellegi
857 2143 962 2224 voluit,
984 2143 1098 2225 quiid,
1120 2144 1200 2223 qnod
1222 2144 1345 2225 iaciunt,

336 2250 396 2297 non
427 2241 533 2312 putant
564 2250 629 2293 esse
656 2240 826 2311 peecatum3
857 2231 906 2292 ille
934 2240 1032 2292 autem
1061 2234 1155 2295 seivit
1205 2232 1345 2312 Alioquin

284 2332 319 2381 20
337 2339 396 2399 quo
419 2320 506 2381 modo
529 2338 632 2383 verum
655 2322 725 2381 erit:
747 2322 847 2380 Adam
868 2337 929 2381 non
951 2327 997 2381 est
1017 2322 1182 2383 seductus?
1217 2320 1277 2381 Sed
1299 2323 1342 2381 iu·

336 2417 477 2488 expertus
504 2409 617 2469 divinae
646 2409 811 2469 severitatis
835 2409 867 2468 in
895 2426 932 2468 eo
954 2407 1014 2469 ialli
1036 2411 1147 2490 potuit,
1174 2418 1209 2470 ut
1230 2408 1343 2469 veniale

336 2496 473 2559 erederet
491 2514 556 2558 esse
575 2498 773 2557 commissum.
818 2496 860 2556 lle
878 2513 933 2575 per
950 2495 1008 2557 hoo
1025 2498 1056 2556 in
1077 2514 1113 2557 eo
1131 2497 1260 2577 quidem,
1283 2516 1343 2575 quo

336 2584 442 2646 mulier
452 2584 574 2646 seducta
584 2593 638 2664 est,
652 2592 768 2645 nonest
780 2584 829 2645 ille
844 2584 994 2664 seductus,
1009 2584 1060 2644 sed
1076 2602 1145 2645 eum
1158 2584 1270 2665 lelellit,
1283 2603 1344 2664 quo

336 2673 423 2733 modo
442 2673 539 2735 luerat
552 2671 742 2734 iudicandum
756 2672 836 2751 quod
855 2681 919 2733 erat
936 2671 1085 2733 dicturus:
1107 2672 1231 2747 Mulier,
1252 2690 1344 2748 quum

283 2772 318 2821 nt
337 2763 449 2822 dedisti
477 2779 605 2835 mecum,
641 2764 707 2837 ipso
739 2762 814 2822 milri
844 2762 941 2839 dedit,
972 2767 1003 2820 et
1027 2763 1219 2822 manducaui.
1265 2760 1344 2831 Quid

336 2866 407 2928 ergo
439 2846 595 2927 pluribus?
631 2848 696 2909 Etsi
725 2847 875 2909 eredendo
906 2865 968 2908 nou
999 2856 1071 2909 sunt
1101 2847 1187 2908 ambo
1217 2849 1343 2930 deeepti,

335 2937 486 3015 peccando
512 2945 610 2999 tamem
638 2935 723 2997 ambo
752 2945 822 2997 sunt
854 2937 933 3014 eapti
964 2944 995 2996 et
1022 2935 1130 2996 diaboli
1156 2936 1271 3015 laqueis
1297 2939 1342 2998 in-

336 3024 445 3103 plicati.

407 3214 435 3281 2)
453 3212 539 3267 Exod.
558 3217 603 3280 82,
620 3218 637 3266 8
656 3229 716 3280 sqq.
752 3211 825 3335 igi.
843 3212 913 3281 Reg.
932 3217 976 3280 11,
993 3217 1019 3267 4.
1057 3214 1101 3281 10)
1121 3218 1144 3265 1.
1164 3211 1281 3280 time,
1300 3218 1342 3269 14.

339 3284 381 3351 17)
400 3282 479 3337 Rom.
498 3288 524 3350 ὁ,
543 3288 576 3337 12
596 3298 655 3353 sqq.
692 3283 736 3350 25)
781 3298 825 3337 eu.
844 3289 870 3352 3,
890 3287 932 3337 12.

404 3542 421 3590 9
439 3536 477 3590 Et
494 3536 587 3591 Adem
604 3537 704 3605 scripti
720 3541 823 3605 (proqr.
836 3551 864 3604 p.
881 3538 927 3603 7);
947 3535 998 3590 sed
1015 3535 1101 3590 edam
1124 3536 1277 3604 men
1297 3537 1347 3591 sed

333 3610 363 3665 et
385 3608 469 3662 edem
492 3608 565 3674 obo3
590 3605 683 3659 Adam
702 3623 724 3674 p
743 3606 847 3673 Hoffrn.
865 3606 875 3675 11
898 3611 931 3659 13
953 3606 977 3659 ai
995 3623 1050 3662 mee
1068 3613 1178 3676 promer
1191 3624 1226 3675 p3
1248 3606 1298 3662 sed
1316 3626 1346 3676 υς

333 3696 384 3736 orn.
399 3697 422 3751 p
439 3680 450 3751 ll
467 3682 501 3733 18
520 3694 567 3735 eos
586 3679 647 3733 odo
664 3679 675 3748 ΙΙ
692 3682 726 3731 25
744 3692 855 3731 meeum
879 3676 1039 3747 VGe¹lp03
1057 3676 1130 3733 mihi
1148 3677 1283 3734 Παῦε·
