3284 4459
577 496 880 537 nncmrarnnurn.
894 496 955 537 m
970 496 1042 538 cu.
1246 484 1310 547 513

301 632 347 693 vel
368 627 515 711 plagavit?
549 630 609 690 lam
633 649 702 690 vero
725 630 875 711 damnum,
899 633 1068 711 ignominia,
1092 630 1222 711 exilium,
1247 650 1309 691 ser-

300 723 379 781 vitus
404 738 472 780 cum
499 717 675 798 plerumque
703 721 746 779 sic
773 718 964 798 infliguntur,
995 728 1028 780 nt
1051 719 1131 780 nulla
1154 723 1238 781 venia
1262 738 1308 779 re·

300 808 450 888 laxentur,
477 825 574 867 nonne
602 825 657 886 pro
686 806 774 867 buius
801 807 877 867 vitae
901 806 987 867 modo
1012 808 1117 868 similia
1141 810 1245 886 poenis
1268 810 1309 868 vi·

300 897 411 957 dentur
432 891 583 956 aeternis?
626 893 696 955 ldeo
725 898 834 974 quippe
858 904 977 955 aeterna
1000 914 1066 955 esse
1089 914 1149 956 nou
1172 905 1309 976 possunt,

299 986 370 1063 qnia
393 1002 448 1044 neo
465 986 528 1062 ipsa
546 987 613 1063 vita,
636 1001 711 1062 quae
734 983 780 1043 bis
802 982 951 1063 plectitur,
972 985 1135 1063 porrigitur
1158 985 1189 1044 in
1212 992 1343 1045 aeter-5

301 1091 385 1153 num,
409 1081 557 1132 ettamen
581 1080 715 1151 peccata,
739 1089 813 1149 quae
837 1070 1024 1131 vindicantur
1046 1071 1210 1150 longissimi
1232 1081 1305 1133 tem·

299 1161 382 1239 poris
404 1162 521 1241 poeuis,
548 1160 721 1221 brevissimo
745 1167 879 1238 tempore
903 1167 1125 1240 perpetrantur5
1150 1178 1204 1219 nec
1228 1164 1306 1238 quis·

301 1266 388 1326 quam
422 1250 519 1309 extitit
551 1250 602 1327 qui
634 1254 772 1309 censeret
802 1256 862 1307 tam
895 1250 953 1307 cito
983 1250 1152 1308 nocentium
1181 1248 1309 1308 liniendo
1344 1241 1347 1247 ’

300 1352 367 1397 εεεε
388 1344 550 1415 tormenta,
577 1354 666 1414 quam
694 1338 753 1395 cito
775 1335 886 1396 iactum
910 1343 955 1396 est
978 1335 1023 1395 rel
1046 1335 1239 1396 homicidium
1261 1335 1308 1396 vel

301 1424 478 1485 adulterium
501 1423 546 1484 vel
570 1424 756 1503 saerilegium
779 1422 825 1483 rel
849 1423 1001 1501 quodlibet
1023 1423 1101 1484 alind
1126 1424 1224 1484 scelus
1248 1442 1307 1483 non
1328 1437 1362 1485 10

301 1514 443 1591 temporis
470 1512 667 1592 longitudine,
695 1512 746 1572 sed
774 1513 939 1589 iniquitatis
962 1520 993 1573 et
1014 1514 1174 1591 impietatis
1197 1514 1307 1589 magni-

301 1601 403 1661 tudine
431 1600 621 1661 metiendum.
667 1593 736 1671 Qui'
752 1617 822 1659 vero
851 1618 905 1678 pro
936 1600 1033 1678 aliquo
1056 1598 1160 1679 grandi
1184 1602 1308 1660 crimine

301 1696 396 1749 morte
419 1688 574 1768 multatur,
601 1686 745 1766 numquid
769 1705 851 1747 mora
874 1704 931 1765 qua
954 1688 1112 1765 occiditur,
1143 1706 1218 1767 quae
1241 1706 1307 1767 per-

300 1776 399 1837 brevis
422 1784 481 1857 est,
513 1778 577 1836 eius
605 1775 782 1855 supplicium
805 1774 886 1853 leges
909 1778 1064 1837 aestimant
1092 1785 1123 1836 et
1145 1795 1205 1836 non
1229 1776 1308 1855 quod

302 1883 369 1925 eum
401 1866 432 1924 in
465 1865 678 1943 sempiternum
710 1864 849 1924 auserunt
881 1862 917 1923 de
950 1866 1093 1924 societate
1128 1860 1362 1925 viventium'l15

301 1952 387 2024 Quod
409 1960 456 2012 est
474 1960 573 2013 autem
591 1952 627 2012 de
650 1954 707 2011 ista
725 1953 842 2011 civitate
866 1952 982 2011 mortali
1003 1952 1140 2013 homines
1163 1952 1307 2031 supplicio

299 2044 413 2121 primae
437 2043 556 2120 mortis,
578 2039 636 2100 boc
659 2048 706 2100 est
728 2039 764 2100 de
787 2037 836 2098 illa
860 2040 976 2099 civitate
999 2040 1150 2100 inmortali
1172 2040 1307 2100 homines

300 2128 446 2208 supplicio
473 2127 620 2189 secundae
650 2129 754 2187 mortis
781 2128 908 2187 auferre.
954 2126 1038 2188 Sicut
1070 2128 1148 2188 enim
1176 2147 1235 2188 non
1267 2128 1308 2188 el-

300 2220 404 2278 ficiunt
425 2216 505 2295 leges
528 2216 617 2276 buius
640 2216 781 2295 civitatis,
803 2216 889 2274 utin
913 2233 977 2275 eam
1000 2217 1126 2294 quisque
1149 2223 1306 2275 revocetur

300 2307 431 2365 occisus:
463 2306 505 2364 sic
533 2322 588 2364 nec
614 2302 708 2383 illius,
735 2304 826 2363 utin
854 2304 941 2363 vitam
970 2311 1126 2363 revocetur
1158 2310 1361 2364 aeternamm

301 2393 431 2454 secunda
462 2400 558 2453 morte
590 2391 752 2452 damnatus.
797 2389 864 2460 Quo
897 2390 983 2451 modo
1014 2408 1085 2469 ergo
1117 2409 1220 2452 rerum
1245 2401 1309 2470 est,

300 2482 449 2560 inquiunt,
471 2480 550 2559 quod
568 2482 609 2539 ait
626 2478 763 2539 Christus
781 2486 893 2539 vester:
917 2479 954 2539 In
972 2496 1034 2554 quc
1052 2496 1195 2539 mensura
1214 2483 1311 2540 meust

297 2569 434 2647 fueritis,
462 2571 494 2628 ic
521 2586 559 2629 eu
585 2570 761 2628 remetietur
787 2568 882 2641 vobis,
910 2568 935 2627 si
962 2567 1123 2645 temporale
1154 2574 1308 2646 peccatum

301 2656 446 2735 supplicio
473 2658 598 2735 punitur
625 2650 768 2714 aeterno?
812 2652 873 2713 Nec
902 2654 1066 2715 adtendunt
1096 2673 1154 2715 non
1184 2658 1308 2735 propter

301 2744 422 2823 aequale
441 2746 583 2823 temporis
602 2745 738 2821 spatium,
761 2740 812 2801 sed
832 2753 954 2821 propter
973 2744 1207 2803 vicissitudinem
1231 2743 1310 2825 mali,
1329 2757 1362 2803 εἰ)

300 2832 331 2894 id
355 2840 400 2892 est
429 2838 463 2892 ut
485 2833 536 2911 qui
558 2830 633 2891 mala
655 2830 760 2890 iecerit
788 2830 862 2889 mala
885 2833 1027 2912 patiatur,
1055 2832 1178 2892 eandem
1201 2832 1309 2893 dictam

302 2920 394 2981 luisse
421 2936 599 2979 mensuram.
645 2917 784 2988 Quamvis
810 2916 868 2977 hoc
895 2919 926 2978 in
954 2937 988 2978 ea
1015 2937 1048 2979 re
1071 2922 1190 2998 proprie
1214 2923 1308 3000 possit

300 3009 410 3087 accipi,
438 3006 474 3067 de
503 3024 560 3085 qua
583 3006 724 3066 Dominus
753 3023 821 3066 cum
847 3005 905 3065 boc
929 3005 1040 3067 diceret
1063 3006 1255 3088 loquebatur,
1278 3009 1308 3068 id

301 3103 349 3157 est
372 3094 407 3156 de
431 3094 548 3156 iudiciis
571 3102 602 3155 et
624 3092 926 3153 condemnationibus.
972 3093 1099 3155 Proinde
1124 3098 1174 3173 qui
1197 3095 1309 3157 iudicat

301 3192 333 3244 et
355 3183 532 3243 condemnat
557 3183 680 3260 iniuste,
708 3184 734 3241 si
762 3181 910 3241 iudicatur
933 3189 964 3243 et
986 3182 1199 3243 condemnatur
1222 3185 1308 3264 iuste,
1328 3197 1362 3245 30

300 3274 332 3333 iu
356 3270 458 3331 eadem
485 3288 624 3331 mensura
654 3270 772 3349 recipit,
801 3271 933 3346 quamvis
956 3287 1016 3329 non
1038 3269 1094 3329 boc
1117 3268 1196 3349 quod
1220 3270 1308 3331 dedit.

301 3358 414 3419 ludicio
432 3360 512 3419 enim
531 3358 610 3437 lecit,
632 3356 740 3418 iudicio
759 3358 885 3437 patitur,
908 3359 1040 3434 quamvis
1063 3357 1168 3419 iecerit
1191 3358 1307 3419 damna·

299 3445 380 3504 tione
393 3442 472 3522 quod
484 3444 619 3520 iniquum
633 3451 686 3520 est,
700 3444 830 3521 patiatur
842 3440 1029 3503 damnatione
1042 3440 1120 3519 quod
1132 3443 1243 3501 iustum
1256 3449 1310 3502 est

367 3550 578 3620 mmem

368 3688 401 3736 25
420 3681 624 3751 aequalitatem
642 3681 777 3750 temporis
796 3684 858 3752 (om.
877 3682 1010 3751 spatium)
1024 3681 1087 3750 pE.
1123 3680 1228 3748 Hoffm.
1247 3687 1310 3750 apte

292 3760 449 3822 comparat:
466 3754 582 3822 propter
599 3752 690 3806 vicies.
709 3751 786 3807 meli.

351 3859 581 3893 auo.onc1v.n11.
603 3850 635 3889 IL
1062 3845 1095 3894 33
