3284 4459
528 551 534 567 ‚
555 511 596 550 na
610 509 754 551 omnam
768 512 821 552 nm
835 512 861 551 u.
874 512 948 551 xxm.
962 510 985 553 o.
1000 512 1032 553 rs.
1047 513 1080 552 re.
1259 496 1323 561 597

314 648 472 723 plenitudo
499 648 577 726 eius,
605 648 660 720 qut
685 649 786 706 omnio
809 648 841 705 tu
864 648 1000 707 omnious
1023 648 1171 723 impletur.
1216 643 1325 706 Verum

317 737 343 794 si
370 734 427 794 hoc
455 733 491 795 ad
518 735 747 794 resurrectionis
770 734 908 809 formam,
939 736 971 793 in
998 752 1057 812 qua
1083 735 1141 795 erit
1167 736 1325 812 unusquis·

318 840 385 903 que,
409 820 599 881 referendum
623 830 715 903 esset,
738 820 809 900 quid
834 840 888 881 uos
910 820 1067 901 impediret
1091 825 1239 883 nominato
1263 824 1326 882 viro

317 909 488 989 intellegere
512 919 543 969 et
561 910 708 991 laminam,
732 917 766 971 ut
787 912 884 970 virum
907 928 961 989 pro
987 910 1104 970 homine
1127 913 1256 989 positum
1280 926 1325 971 ao·

317 993 506 1079 ciperemus?
529 1000 607 1059 sicut
628 1000 660 1058 iu
683 1016 718 1058 eo
742 997 823 1076 quod
846 998 957 1058 dictum
981 1006 1041 1059 est:
1069 999 1182 1059 Beatus
1204 1003 1252 1059 vir
1275 1002 1362 1075 quio

317 1091 400 1149 timet
422 1088 595 1163 Dominum,
618 1089 722 1166 utique
745 1085 787 1146 ibi
811 1094 882 1147 sunt
905 1095 934 1148 et
957 1086 1099 1169 feminae,
1123 1105 1197 1165 quae
1221 1090 1327 1148 timent

317 1175 483 1237 Dominum.

705 1346 825 1415 Oaros
843 1347 930 1413 XIX.

323 1479 411 1551 Quod
438 1480 538 1538 omnio
568 1478 707 1552 corporis
736 1479 826 1555 vitio,
854 1493 933 1551 quoe
960 1478 993 1537 ln
1019 1477 1079 1536 ltoc
1105 1478 1168 1537 otto
1195 1477 1327 1537 humano

318 1568 478 1626 contrario
501 1572 572 1626 suot
594 1568 712 1641 decori,
741 1566 773 1625 tn
795 1568 1022 1626 resurrectione
1045 1582 1105 1626 nou
1127 1563 1379 1639 stntfoturo,1o

318 1656 372 1714 obt
393 1661 534 1714 mouente
550 1656 690 1713 uotoroti
706 1654 877 1714 substantio
901 1656 932 1714 io
955 1670 1047 1714 onom
1066 1654 1328 1730 pulchritudinem

518 1748 548 1803 et
569 1745 702 1817 qualitas
725 1748 891 1803 concurret
912 1748 942 1803 ot
964 1744 1127 1817 quantitas.

408 1865 485 1936 Quid
516 1868 574 1925 iam
603 1864 798 1943 respondeam
828 1864 865 1925 de
894 1864 1007 1944 capillis
1037 1872 1126 1945 atque
1156 1860 1328 1944 unguibus?

320 1954 417 2015 Semel
445 1955 555 2032 quippe
582 1952 733 2013 intellecto
762 1955 803 2013 ita
827 1953 899 2013 nihil
922 1955 1089 2032 periturum
1113 1972 1178 2014 esse
1202 1954 1237 2013 de
1262 1970 1326 2013 cor·

318 2060 406 2123 pore,
435 2052 469 2101 ut
496 2041 629 2102 deforme
652 2040 724 2101 nihil
748 2044 840 2101 sitin
863 2059 1005 2121 corpore,
1035 2041 1122 2102 simul
1144 2042 1326 2119 intellegitur
1347 2052 1379 2102 15

319 2149 367 2210 ea,
396 2147 470 2208 quae
498 2128 661 2190 deformem
690 2130 805 2189 lactura
828 2130 946 2190 fuerant
969 2131 1191 2209 enormitatem,
1214 2146 1327 2189 massae

318 2220 375 2297 ipsi
397 2235 554 2277 accessura
577 2235 656 2297 esse,
680 2236 739 2277 non
762 2217 835 2278 locis
858 2220 888 2277 in
912 2216 1021 2296 quibus
1044 2216 1245 2276 membrorum
1268 2217 1326 2276 lor-

319 2324 365 2366 ma
393 2313 539 2383 turpetur.
584 2304 670 2366 Velut
699 2308 726 2366 si
752 2304 788 2366 de
816 2305 886 2366 limo
913 2322 963 2365 vas
994 2306 1091 2380 lieret,
1119 2305 1198 2383 quod
1221 2322 1327 2365 rursus

319 2396 349 2453 iu
374 2391 501 2454 eundem
528 2392 632 2453 limum
660 2393 814 2454 redactum
837 2402 932 2454 totum
955 2393 992 2455 de
1014 2400 1078 2453 toto
1101 2396 1209 2454 iterum
1232 2393 1326 2473 lieret,

319 2500 379 2541 nou
402 2490 482 2542 esset
504 2499 627 2541 necesse
649 2490 683 2542 ut
704 2481 754 2542 illa
781 2500 850 2561 pars
873 2482 948 2556 limi,
975 2499 1051 2559 quae
1074 2483 1105 2541 in
1129 2499 1197 2541 ansa
1221 2482 1326 2561 luerat,
1345 2493 1380 2543 20

319 2570 355 2631 ad
379 2588 481 2630 ansam
503 2570 628 2649 rediret,
654 2577 705 2631 aut
733 2587 808 2647 quae
832 2570 957 2631 lundum
980 2570 1104 2650 lecerat,
1134 2572 1196 2649 ipsa
1220 2588 1327 2631 rursus

319 2660 432 2719 taceret
454 2658 587 2740 tondum,
611 2658 681 2719 dum
703 2666 802 2718 tamen
826 2665 922 2719 totum
944 2666 1147 2719 reverteretur
1168 2660 1200 2717 in
1223 2666 1327 2740 totum,

318 2746 348 2806 id
381 2756 445 2827 est,
477 2754 557 2808 totus
586 2746 634 2806 ille
661 2747 751 2807 limus
777 2748 809 2806 in
836 2754 932 2807 totum
962 2764 1012 2806 vas
1041 2746 1120 2807 nulla
1143 2748 1189 2806 sui
1209 2745 1326 2825 perdita

319 2844 403 2913 parte
431 2843 588 2896 remearet
633 2835 821 2915 Quapropter
851 2834 877 2895 si
907 2834 1003 2914 capilli
1030 2837 1138 2895 totiens
1166 2837 1245 2896 tonsi
1273 2854 1325 2895 un·

319 2940 428 3003 guesre
450 2923 563 2983 desecti
585 2924 621 2984 ad
645 2942 698 2984 sua
721 2923 786 2984 loca
807 2922 982 2984 deformiter
1004 2923 1144 3005 redeunt,
1166 2941 1227 2984 nou
1248 2922 1325 2983 redi·
1345 2933 1385 2983 25·

319 3010 407 3091 bunt;
439 3028 496 3071 nec
525 3018 624 3071 nmen
656 3014 764 3090 cuique
801 3014 971 3091 resurgenti
1006 3011 1164 3091 peribunt,
1195 3012 1264 3089 quia
1295 3012 1327 3071 in

319 3098 443 3159 eandem
461 3115 590 3179 caruem,
612 3108 647 3160 ut
664 3118 882 3178 quemcumque
904 3099 946 3159 ibi
968 3098 1067 3160 locum
1089 3100 1223 3178 corporis
1245 3105 1326 3159 tene·

319 3196 387 3267 ant,
420 3194 534 3247 servata
565 3189 695 3266 partium
732 3190 925 3267 congruentia
962 3188 1101 3247 materiae
1133 3185 1327 3247 mutabilitato

319 3283 481 3336 vertentur.
527 3274 667 3345 Quamvis
694 3275 774 3355 quod
800 3278 842 3337 ait
872 3275 1028 3337 Dominus:
1058 3274 1190 3350 Capillos
1215 3278 1329 3351 cupitis

319 3366 413 3424 uestri
437 3381 498 3425 uon
524 3366 655 3439 peribit,
683 3382 742 3424 non
769 3364 806 3423 de
834 3363 1033 3442 longitudine,
1063 3362 1115 3422 sed
1143 3362 1179 3423 de
1202 3381 1327 3423 numero
1346 3375 1381 3425 30

320 3451 492 3529 capillorum
521 3449 634 3513 dictum
661 3452 754 3512 multo
782 3454 878 3530 aptius
905 3453 1000 3530 possit
1027 3450 1171 3531 intellegi3
1194 3450 1273 3512 uude
1296 3458 1328 3513 et

391 3590 417 3654 1)
436 3585 507 3656 spu.
526 3588 552 3656 1,
569 3590 604 3641 os
622 3602 664 3655 sq.
701 3587 729 3655 o)
746 3585 791 3641 Pe.
811 3591 872 3655 111,
892 3591 915 3641 1.
953 3586 998 3657 so)
1017 3584 1063 3641 Le.
1083 3590 1126 3654 21,
1147 3590 1188 3642 rs.

392 3787 425 3834 14
443 3781 618 3837 intellectum
636 3782 665 3836 R
681 3784 691 3849 ΙΙ
709 3787 742 3836 25
760 3782 823 3836 loca
841 3798 926 3837 suao
