3284 4459
555 541 596 581 nn
610 539 753 582 mwnann
766 541 820 582 nm
833 541 860 581 n.
873 541 935 581 xv1.
949 539 973 582 o.
986 541 1007 582 s
1046 558 1053 569 ·
1225 527 1288 591 133

280 677 362 736 enim
385 673 521 753 sibiipsi
545 684 614 737 sunt
637 677 753 750 veritas,
776 675 829 736 sed
852 677 1005 738 creatricis
1026 677 1185 754 participes
1207 673 1289 736 Veri·

281 766 351 824 tatis
382 763 417 824 ad
446 762 524 823 illam
552 771 721 844 moventur,
751 773 899 842 umquam
927 763 963 826 ad
990 764 1102 826 iontem
1130 766 1219 843 vitae,
1246 771 1289 844 ut,

280 851 362 930 quod
381 869 441 912 non
459 850 569 912 babent
591 869 627 912 ex
650 870 682 912 se
705 853 787 932 ipsis,
810 855 927 932 capiant
949 869 986 914 ex
1008 855 1080 931 ipsa
1124 851 1163 913 Et
1185 869 1289 912 eorum

281 939 396 1000 stabilis
428 948 474 1000 est
506 942 562 1001 iste
590 947 701 1018 motus,
730 957 788 1019 quo
817 942 952 1021 veniunt,
979 942 1029 1019 qui
1053 958 1113 1002 non
1137 939 1288 1002 recedunt

280 1027 342 1090 Nec
371 1031 414 1088 sic
442 1027 574 1106 loquitur
602 1027 713 1106 angelis
741 1027 835 1110 Deus,
862 1047 922 1107 quo
949 1029 1036 1090 modo
1065 1047 1120 1090 nos
1141 1031 1172 1088 in
1195 1031 1324 1090 vicens

280 1114 368 1176 nobis
397 1114 442 1175 vel
464 1115 524 1176 Deo
553 1115 599 1176 vel
626 1116 736 1194 angelis
764 1116 810 1177 vel
837 1119 895 1196 ipsi
925 1117 1021 1196 angeli
1044 1115 1130 1178 nobis
1151 1119 1213 1178 sire
1236 1135 1290 1196 per

281 1204 349 1265 illos
378 1203 456 1264 Deus
490 1202 589 1284 nobis,
621 1204 673 1265 sed
700 1204 840 1265 inellabili
868 1223 923 1265 sno
950 1205 1051 1286 modo;
1083 1204 1168 1266 nobis
1191 1214 1290 1266 autem

282 1294 339 1353 boc
371 1291 519 1353 indicatur
547 1301 649 1353 nostro
680 1292 775 1353 modo.
821 1292 874 1354 Dei
901 1296 1011 1373 quippe
1040 1291 1194 1354 sublimior
1221 1301 1289 1355 ante

282 1399 370 1452 suum
395 1381 503 1441 lactum
526 1379 636 1441 locutio
655 1383 749 1460 ipsius
772 1383 819 1442 sui
843 1381 911 1443 lacti
934 1390 981 1442 est
1001 1380 1183 1442 inmutabilis
1205 1383 1290 1461 ratio,

281 1487 358 1548 quae
376 1486 435 1529 non
454 1467 543 1530 babet
566 1487 671 1530 sonum
686 1477 868 1549 strepentem
891 1477 979 1548 atque
1002 1479 1214 1551 transeuntem,
1237 1468 1289 1530 sed
1310 1483 1343 1531 10

281 1559 340 1618 vim
380 1560 559 1636 sempiterne
600 1566 766 1617 manentem
804 1565 835 1618 et
871 1557 1074 1638 temporaliter
1109 1568 1289 1637 operantem.

281 1645 342 1706 Hac
376 1645 507 1724 loquitur
542 1645 653 1724 angelis
686 1647 811 1720 sanctiS,
844 1645 930 1706 nobis
960 1654 1057 1707 autem
1088 1646 1174 1706 aliter
1203 1647 1289 1725 longe

280 1735 395 1813 positis.
442 1733 566 1804 Quando
589 1742 688 1794 autem
717 1737 806 1794 etiam
830 1752 884 1794 nos
908 1734 1018 1813 aliquid
1042 1733 1109 1795 talis
1128 1733 1289 1794 locutionis

281 1820 475 1883 interioribus
498 1820 620 1882 auribus
644 1824 784 1903 capiatne,
807 1822 919 1901 angelis
942 1825 1184 1902 propinquamus,
1224 1821 1289 1883 Non
1355 1843 1358 1848 ·

281 1913 380 1989 itaque
410 1910 481 1970 mibi
509 1909 630 1970 adsidue
658 1910 807 1970 reddenda
837 1913 913 1972 ratio
936 1914 1036 1972 estin
1059 1911 1115 1971 boc
1138 1929 1228 1990 opere
1251 1910 1288 1972 de
1309 1926 1342 1973 15

280 1998 480 2059 locutionibus
510 1995 572 2058 Ilei.
617 1999 676 2058 dut
704 2000 784 2058 enim
811 1996 925 2059 Veritas
956 1999 1205 2060 incommutabilis
1235 2018 1290 2079 per

282 2089 433 2166 seipsam
460 2084 647 2146 ineffabiliter
674 2085 807 2164 loquitur
834 2086 985 2148 rationalis
1008 2096 1161 2148 creaturae
1184 2091 1288 2148 menti·

282 2174 346 2256 bus,
370 2181 422 2234 aut
443 2191 497 2253 per
521 2172 691 2234 mutabilem
714 2185 881 2236 creaturam
904 2175 1045 2257 loquitur,
1068 2177 1129 2236 sive
1151 2175 1289 2255 spiritali-

280 2263 337 2324 bus
360 2261 538 2340 imaginibus
565 2272 668 2323 nostro
697 2263 814 2342 spiritui
842 2265 903 2324 sire
932 2263 1135 2343 corporalibus
1168 2262 1289 2326 vocibus

280 2353 415 2431 corporis
439 2352 548 2411 sensui.
1309 2368 1343 2416 ao

370 2438 445 2500 lllud
472 2455 543 2499 sane
567 2437 645 2516 qnod
672 2437 785 2499 dictum
809 2449 868 2501 est:
897 2441 939 2500 Et
958 2458 1042 2502 ncnc
1063 2457 1125 2501 non
1147 2442 1290 2513 deficient

280 2546 321 2589 ex
344 2531 403 2588 iltis
425 2529 541 2606 omnia,
570 2543 650 2601 qnae
679 2530 784 2588 conata·
801 2527 923 2602 suerint
940 2528 1064 2604 facere,
1093 2545 1153 2588 non
1177 2527 1289 2588 dictum

280 2624 327 2676 est
350 2614 561 2695 confirmando,
584 2613 636 2674 sed
658 2623 808 2694 tamquam
831 2616 1050 2697 interrogando,
1074 2618 1153 2676 sicut
1174 2615 1289 2678 soleta

280 2703 529 2764 comminantibus
552 2702 623 2783 dici,
646 2721 734 2780 quem
758 2702 793 2764 ad
817 2703 937 2764 modurn
960 2707 1000 2765 ait
1024 2703 1156 2782 quidam:

369 2827 439 2890 Non
461 2844 546 2886 mma
568 2827 725 2902 expedient
747 2831 871 2904 totaque
894 2848 929 2888 ex
951 2829 1025 2888 urbo
1048 2827 1231 2906 sequentur?
1307 2843 1341 2892 tt

281 2950 331 3012 Sic
350 2967 423 3028 ergo
443 2948 647 3028 accipiendum
666 2958 721 3030 est,
738 2959 889 3030 tamquam
906 2951 1028 3012 dixerit:
1050 2949 1172 3030 „Nonne
1191 2953 1288 3012 omnia

279 3038 420 3100 delicient
443 3055 478 3098 ex
501 3037 573 3118 illis,
597 3054 671 3115 quae
695 3041 792 3099 conati
815 3039 926 3100 luerint
950 3033 1090 3099 lacere.?“
1117 3037 1176 3100 Sed
1199 3041 1225 3099 si
1247 3041 1288 3100 ita

280 3126 407 3207 dicatur,
430 3143 490 3186 non
511 3127 650 3203 exprimit
671 3129 906 3188 comminantem.
952 3126 1061 3188 Verum
1083 3136 1208 3205 propter
1230 3135 1287 3188 tar·

279 3213 432 3276 diusculos
451 3212 616 3274 addidimus
634 3213 817 3296 particulam,
839 3214 933 3276 idest
955 3211 1039 3296 „ne“‚
1061 3223 1096 3276 ut
1117 3214 1287 3276 diceremus

277 3296 439 3383 „nonne“,
475 3303 614 3380 quoniam
647 3319 749 3362 vocem
786 3305 1005 3381 pronuntiantis
1037 3320 1096 3363 non
1128 3320 1287 3381 possumus
1306 3319 1341 3369 30

278 3389 421 3452 scribere.

368 3475 413 3537 Ex
440 3475 497 3536 illis
523 3478 615 3555 igitur
643 3475 739 3537 tribus
762 3476 948 3552 bominibus,
975 3477 1142 3560 Notabilis,
1170 3486 1287 3560 septua-

351 3601 397 3667 22)
415 3597 482 3655 (lon.
502 3603 545 3667 11,
559 3603 584 3654 6.
639 3600 684 3671 25)
698 3598 780 3670 Verg.
795 3600 864 3653 Aen.
883 3605 909 3665 l,
924 3603 984 3653 692.

353 3727 369 3774 3
387 3722 418 3778 in
431 3736 462 3778 se
476 3722 521 3790 Gt
534 3737 569 3776 ex
587 3724 675 3776 semel
693 3723 708 3776 b
722 3725 731 3792 Ι]
745 3723 799 3791 ipi
814 3722 904 3787 1t¹F,·
921 3723 955 3789 ef.
971 3726 1015 3789 39,
1026 3725 1059 3788 6,·
1077 3723 1139 3787 355,
1150 3725 1183 3789 6,·
1201 3721 1247 3777 lt'b.
1261 3724 1290 3791 d,

278 3797 318 3849 17
331 3799 415 3860 cutm
433 3794 450 3848 l.
466 3796 493 3860 8,
507 3797 525 3848 5
538 3797 604 3848 extr.
