3284 4459
522 511 562 551 nn
576 510 719 552 maresan
732 511 786 552 nm
800 511 827 551 a.
841 511 916 585 xvm
930 510 954 552 o.
967 512 1000 552 ss.
1014 512 1047 550 ss.
1220 493 1285 558 253

273 647 440 722 propbetas
472 652 537 706 tuos
568 647 760 720 occiderunt,
793 647 908 706 altorio
937 651 992 705 tuo
1021 644 1226 718 suffoderunt,
1257 648 1288 703 et

274 751 332 810 eqo
355 737 482 795 relictus
510 750 575 794 sum
597 738 689 806 solus,
720 740 750 794 et
771 740 926 808 quaerum
947 735 1079 794 unimam
1102 749 1212 805 mom,
1240 748 1287 791 re-

191 859 192 866 κ
275 839 421 902 sponsum
454 827 499 880 est
530 838 597 882 csse
628 819 690 880 illic
717 827 832 898 septem
859 819 941 880 mllia
967 822 1113 897 virosum,
1144 820 1197 899 qui
1227 836 1287 880 non

275 917 477 971 curvaverunt
498 927 593 989 genua
617 917 719 970 contra
743 907 840 968 Bahal.

656 1079 773 1146 liseur
796 1079 916 1145 XXIII.
1305 1094 1322 1143 s

277 1213 325 1272 De
344 1213 434 1270 ‘eurio
452 1211 611 1283 utriusque
629 1210 719 1282 repul
735 1209 945 1268 Hebraeorum
967 1214 1057 1281 statu,
1080 1209 1177 1268 donec
1200 1209 1287 1269 umbo

275 1301 383 1376 populi
404 1301 435 1359 in
458 1297 662 1373 captiuitatem
685 1298 804 1356 diuerso
827 1303 960 1372 tempore
983 1298 1178 1368 ducerentur,
1201 1313 1286 1356 reuo-

330 1394 401 1449 cato
419 1393 527 1464 posteo
550 1385 630 1445 Iuda
653 1387 685 1444 r'u
707 1401 835 1460 reanum
857 1401 952 1457 suum,
975 1386 1058 1459 queo
1078 1387 1236 1446 nouusa'me

478 1477 511 1534 iu
533 1473 739 1534 Romanorum
761 1475 886 1533 trunsait
904 1479 1088 1549 potestatem.

369 1597 501 1676 Itemque
520 1600 550 1657 in
570 1615 661 1676 regno
676 1595 746 1657 Iuda
760 1598 927 1675 pertinente
947 1595 981 1656 ad
996 1595 1180 1657 Hierusalem
1200 1597 1288 1656 etiam
1307 1607 1341 1656 10

280 1705 386 1768 regum
404 1685 626 1746 succedendum
644 1683 829 1764 temporibus
848 1701 907 1744 non
930 1684 1089 1746 doluerunt
1112 1684 1289 1766 prophetae3

281 1778 359 1836 sicut
387 1773 447 1834 lleo
474 1773 608 1854 placebat
639 1791 689 1833 eos
720 1775 838 1833 mittere
870 1772 916 1832 vel
948 1773 983 1832 ad
1003 1771 1288 1852 praenuntiandum,

281 1863 361 1944 quod
391 1881 466 1942 opus
496 1871 574 1941 erat,
606 1861 651 1922 vel
679 1861 714 1922 ad
744 1859 931 1941 corripienda
958 1869 1079 1939 peccata
1105 1860 1288 1941 praeprleu·

281 1953 408 2030 lamque
435 1952 585 2012 iustitiam.
631 1949 703 2010 Nam
732 1957 762 2009 et
784 1949 858 2028 illic,
886 1952 942 2010 etsl
969 1949 1055 2028 longe
1079 1953 1177 2011 minus
1201 1968 1287 2028 quam

280 2043 312 2102 in
339 2038 445 2119 Israel,
472 2047 572 2099 mmen
599 2040 762 2098 extiterunt
788 2055 888 2116 reges,
917 2040 969 2116 qui
996 2040 1058 2098 suis
1088 2037 1288 2117 impietatibus
1308 2048 1341 2098 15

281 2128 376 2189 Deum
399 2129 527 2206 graviter
553 2126 738 2186 offenderent
765 2134 795 2185 et
818 2124 977 2185 moderatis
1000 2125 1122 2205 flagellis
1145 2144 1213 2187 cum
1235 2144 1287 2206 pu·

281 2217 351 2297 pulo
380 2215 468 2276 slmiIi
496 2215 705 2294 plecterentur.
750 2213 872 2274 Piorum
899 2232 969 2274 sane
992 2232 1096 2292 regum
1121 2216 1225 2275 merita
1247 2213 1289 2275 ibi

282 2323 342 2365 non
371 2321 458 2383 parva
485 2303 655 2382 laudantur3
682 2304 713 2362 in
738 2300 825 2362 lsrael
855 2312 953 2362 autem
983 2320 1069 2381 reges
1092 2302 1163 2363 alios
1186 2306 1289 2383 magis,

282 2394 355 2454 alios
374 2393 480 2472 minus,
503 2409 606 2450 omnes
624 2401 722 2451 tamen
741 2390 884 2469 reprobos
903 2390 1036 2468 legimus.
1081 2388 1211 2468 Utraque
1235 2393 1287 2468 igi-

282 2491 333 2543 tur
364 2498 448 2562 pars,
480 2481 558 2540 sicut
589 2478 709 2538 iubebat
740 2477 837 2538 diviua
871 2477 1054 2556 providentia
1086 2477 1132 2538 vel
1164 2477 1288 2558 siuebat‚
1306 2489 1342 2538 20

282 2571 371 2630 variis
394 2576 425 2628 ot
447 2566 616 2647 augebatur
644 2565 892 2646 prosperitatibus
920 2565 1198 2628 etadversitatibus
1221 2584 1288 2645 pre·

282 2657 433 2736 mebatur,
463 2664 493 2717 et
520 2658 563 2716 sic
591 2653 784 2734 adilgebatur
806 2673 865 2714 non
889 2655 984 2715 solum
1007 2657 1153 2728 externis,
1185 2672 1289 2715 verum

282 2755 313 2807 et
344 2749 423 2807 inter
449 2765 481 2807 se
509 2745 645 2807 ciuilibus
671 2743 771 2821 bellis,
803 2753 837 2804 ut
862 2745 954 2803 certis
972 2742 1168 2804 existentibus
1190 2745 1288 2804 causis

282 2832 485 2895 misericordia
513 2831 565 2891 Ilei
594 2831 639 2891 vel
667 2833 710 2892 ira
736 2839 917 2912 patesceret,
945 2831 1039 2891 donec
1069 2834 1133 2892 eius
1156 2830 1288 2911 Indigna·

282 2924 364 2983 tione
392 2929 545 2981 crescente
573 2923 709 2980 liniversa
737 2937 809 2998 gens
831 2919 880 2979 illa
903 2936 919 2979 a
943 2918 1094 2979 Chaldaeis
1117 2919 1288 2980 debellanti·
1307 2931 1341 2981 eo

283 3009 340 3070 bus
363 3027 422 3069 non
451 3008 546 3070 solum
576 3007 799 3069 subverteretur
822 3010 852 3067 ln
876 3006 996 3067 sedibus
1020 3011 1095 3088 suis,
1125 3007 1288 3068 sedetiam

283 3116 319 3158 ex
342 3099 467 3157 maxima
495 3099 541 3156 sui
568 3099 652 3176 parte
680 3096 893 3156 transferretur
915 3098 946 3156 in
970 3105 1065 3156 terras
1088 3097 1288 3177 Assyriorum3

283 3189 367 3266 prius
389 3185 437 3246 illa
460 3202 542 3264 pars,
566 3202 640 3263 quae
663 3182 821 3244 vocabatur
844 3182 936 3243 lsrael
957 3186 988 3243 io
1012 3183 1149 3244 tribubus
1172 3183 1288 3265 decem3

283 3282 385 3354 postea
409 3271 479 3333 vero
497 3275 585 3332 etlam
608 3271 704 3353 ludas,
727 3289 827 3332 eversa
847 3271 1030 3333 Hierusalem
1054 3280 1084 3332 et
1106 3272 1215 3351 templo
1238 3271 1295 3332 illo-

283 3361 479 3440 nobilissim03
502 3363 532 3421 in
556 3360 664 3439 quibus
687 3361 775 3420 terris
798 3377 852 3438 per
875 3366 967 3420 annos
990 3362 1174 3439 septuaginta
1198 3362 1288 3438 capti·
1307 3373 1341 3420 30

283 3468 352 3510 vum
376 3452 436 3528 egit
459 3451 559 3508 otium.
605 3448 676 3509 Post
698 3465 773 3527 quos
796 3445 864 3507 inde
887 3446 1006 3508 dimissa
1029 3447 1186 3528 templum,
1209 3445 1288 3525 quod

352 3571 378 3637 s)
399 3572 422 3620 1.
437 3566 505 3637 stag.
526 3572 567 3633 19,
588 3571 696 3633 103183
723 3566 802 3620 Rom.
824 3574 865 3635 11,
880 3574 946 3636 aeq.

353 3708 368 3755 3
385 3699 447 3752 illie
460 3715 511 3754 om.
526 3699 554 3752 R
567 3699 576 3768 ΙΙ
590 3703 607 3751 4
621 3700 718 3752 contro
728 3699 755 3752 R
769 3699 816 3766 (cf.
827 3702 890 3764 130,
899 3703 948 3766 25)
954 3720 965 3766 ,·
982 3717 1031 3754 om.
1044 3717 1078 3768 p;
1097 3702 1162 3755 ante
1176 3701 1232 3755 rell.
1247 3704 1288 3772 ul

280 3770 368 3826 bahal
386 3771 469 3841 Rom
487 3769 554 3824 baal
572 3785 647 3838 open
664 3769 770 3822 boslim
788 3786 801 3823 e
818 3771 828 3838 ll
846 3774 880 3822 23
899 3772 932 3823 el·
947 3771 1146 3840 RAFGapp3
1165 3771 1251 3824 etiam
1269 3791 1287 3828 u
