3284 4459
330 461 395 526 234
732 474 753 515 s
769 474 935 516 annosum

330 609 400 690 bns,
427 611 491 689 ipse
519 611 549 669 in
577 627 648 688 pace
678 610 854 688 praemium,
885 611 935 687 qui
965 610 1059 668 virtus
1082 610 1112 668 in
1135 605 1221 667 bello.
1261 606 1338 668 'ideo

330 715 398 758 eum
417 699 448 758 in
467 697 564 758 verbis
584 697 696 757 Nathan
716 696 828 756 dietum
852 698 903 756 sit:
927 698 967 756 Et
988 698 1141 757 nuntiabit
1163 698 1220 756 tibi
1236 696 1338 756 Domi-

329 800 402 860 nus,
426 789 566 860 quoniam
590 789 708 846 minum
731 787 909 858 aedificabis
932 789 1003 861 ipsi,
1030 793 1133 864 postea
1157 784 1340 844 dictumest

331 877 361 934 in
390 872 486 935 verbis
514 873 617 935 David:
649 876 796 946 monium
826 882 858 933 tu
881 875 1028 934 Dominus
1049 874 1233 949 omnipotens
1256 873 1340 932 Deus

295 964 442 1036 filsrael,
473 966 616 1023 revelasti
636 980 743 1023 aurem
765 964 848 1022 serui
870 966 916 1022 tui
938 964 1056 1022 dicens:
1083 963 1209 1021 Domum
1231 963 1339 1032 aedifi·

331 1053 408 1112 cabo
436 1053 497 1111 libi.
544 1049 624 1110 Hane
653 1053 731 1110 enim
759 1049 879 1110 domum
907 1058 938 1110 et
965 1068 1019 1110 nos
1047 1049 1234 1109 aedificamus
1262 1048 1338 1108 bene

330 1139 468 1218 vivendo,
496 1147 526 1200 et
550 1138 627 1199 Deus
655 1138 786 1199 athene
816 1138 947 1198 vivamus
974 1138 1158 1217 opituland03
1185 1138 1255 1216 qitia
1277 1139 1340 1196 nisi

331 1228 477 1288 Dominus
500 1230 710 1299 aedificaberit
733 1229 864 1300 domum,
895 1230 926 1287 in
949 1243 1058 1286 nanum
1082 1217 1265 1286 laborarunt
1287 1243 1339 1285 ue·

331 1319 491 1389 difioanles
518 1333 592 1376 eum.
639 1314 729 1375 Cuius
756 1314 863 1374 domus
890 1333 958 1374 anm
985 1316 1099 1374 venerit
1127 1313 1228 1373 ultima
1258 1312 1340 1372 dedi·

279 1406 422 1477 locatio,
455 1412 527 1465 tune
557 1403 607 1463 fiet
634 1402 721 1482 iilud,
754 1403 833 1481 quod
861 1403 909 1462 hio
936 1420 991 1482 pen
1013 1401 1127 1462 Nathan
1150 1401 1268 1461 loeutus
1291 1409 1340 1461 est·

330 1490 409 1552 Deus
439 1492 553 1552 dicans:
586 1492 626 1551 Et
650 1509 762 1567 ponam
790 1493 888 1552 locum
919 1494 1030 1567 populo
1064 1507 1129 1551 meo
1156 1491 1270 1562 Israel,
1309 1496 1341 1549 et

325 1582 473 1656 plantabo
500 1583 595 1660 illum,
624 1587 653 1640 el
676 1581 859 1640 inhabitabit
883 1597 1030 1653 seorsum,
1057 1587 1089 1639 et
1110 1595 1169 1638 non
1191 1580 1341 1638 sollicitus

330 1671 391 1730 erit
407 1671 498 1742 ultra,
521 1675 552 1728 el
568 1685 628 1728 non
646 1675 774 1744 apponet
789 1670 873 1741 lilius
892 1670 1060 1743 iniquitatis
1083 1669 1245 1726 humiliore
1262 1683 1340 1741 eum,

330 1759 411 1816 siout
437 1758 476 1816 ub
504 1759 590 1817 initio
613 1773 633 1815 a
657 1758 774 1829 diebus,
802 1758 911 1832 quibus
938 1758 1082 1817 constitui
1107 1757 1225 1816 iudices
1247 1771 1341 1830 super

279 1855 311 1906 15
327 1848 470 1921 populum
493 1861 589 1905 meum
613 1845 720 1906 lsrael.
1335 1856 1337 1859 ·

719 2033 838 2100 Canon
862 2033 950 2099 XIII.

330 2159 379 2220 An
394 2163 563 2236 promissae
577 2164 666 2243 paois
678 2164 797 2222 ueritus
817 2164 876 2222 illis
894 2163 1080 2236 temporibus
1098 2163 1193 2237 possit
1215 2163 1341 2235 ascribi,

573 2267 652 2324 auae
673 2251 728 2310 sub
753 2250 912 2310 Salomone
930 2251 1097 2323 fluxerunt.

421 2369 483 2430 Hoc
502 2379 562 2431 tam
581 2389 718 2451 magnum
742 2371 854 2432 bonum
877 2373 1011 2450 quisquis
1034 2375 1065 2432 in
1087 2373 1144 2433 noe
1167 2373 1284 2432 saeculo
1309 2380 1340 2433 et

277 2474 312 2523 20
331 2462 362 2520 in
386 2459 440 2520 hae
461 2466 540 2520 tenna
560 2467 668 2540 sperat,
691 2461 866 2540 insipIenten
889 2461 972 2539 sapit.
1017 2461 1061 2519 An
1086 2463 1232 2540 quispiam
1254 2469 1338 2539 puta·

330 2546 428 2608 bitin
451 2565 522 2626 pace
550 2549 634 2626 regni
658 2547 823 2608 Salomonis
844 2547 874 2607 id
898 2561 964 2608 esse
987 2545 1188 2627 completum?
1232 2548 1339 2608 Pacem

331 2637 441 2713 quippe
464 2635 541 2694 iilam
571 2638 718 2714 scriptura
748 2639 778 2696 in
802 2635 906 2696 sambra
930 2637 1022 2696 intuni
1046 2636 1200 2697 excellenti
1224 2636 1339 2716 praedi-

332 2724 447 2782 catione
467 2723 660 2783 commendat.
707 2724 765 2784 Sed
784 2724 853 2784 huic
873 2726 1034 2803 suspicioni
1057 2718 1212 2802 vigilanter
1234 2743 1339 2784 auctir·

332 2827 398 2870 sum
421 2817 480 2889 est,
504 2829 584 2892 aum,
609 2819 820 2890 posteaquam
844 2812 955 2872 dictum
979 2821 1037 2872 est:
1066 2814 1104 2872 Et
1127 2831 1186 2873 non
1210 2822 1341 2889 apponet

278 2912 312 2962 25
328 2901 413 2970 filius
431 2901 600 2972 iniquitatis
617 2902 779 2961 bumiliare
802 2917 877 2979 eum,
901 2902 1042 2960 continuo
1066 2900 1256 2961 subinnetnm
1280 2910 1340 2961 est:

332 2987 418 3046 Siout
445 2988 485 3046 ab
515 2989 600 3048 initio
623 3006 643 3047 a
667 2989 795 3061 diebus,¹
813 2990 921 3062 quibus
943 2991 1088 3049 constitui
1109 2992 1225 3050 iudices
1246 3007 1341 3065 super

327 3077 471 3150 populum
489 3092 585 3136 meum
610 3077 716 3136 Israel.
761 3076 877 3136 ludices
901 3093 1035 3154 uanaque,
1059 3078 1229 3156 priusquam
1254 3095 1340 3156 reges

331 3161 372 3222 ibi
399 3179 464 3222 esse
493 3165 673 3243 coepissent,
696 3182 790 3243 snper
820 3164 903 3225 iiiam
925 3164 1067 3243 populum
1091 3166 1208 3225 inerant
1231 3167 1340 3225 consti·

331 3251 404 3330 tuti,
428 3268 464 3310 ex
488 3267 546 3329 quo
570 3259 678 3311 tenram
702 3254 906 3330 promissionis
929 3255 1051 3331 aceepit.
1097 3251 1135 3312 Εῑ
1159 3256 1260 3332 utique
1284 3253 1338 3313 hu·

278 3353 313 3402 30
333 3337 462 3399 miiiabat
492 3355 559 3398 eum
587 3339 665 3400 tilius
693 3341 870 3420 iniquilatis,
898 3340 954 3400 hoc
983 3350 1028 3400 est
1051 3340 1145 3401 hostis
1168 3341 1340 3421 alienigena,

404 3469 474 3541 1>12
501 3471 561 3528 eor.
581 3480 627 3538 as,
653 3460 699 3528 eal
734 3478 760 3543 a)
781 3481 805 3532 2.
826 3475 899 3530 Sam.
924 3481 954 3542 a,
981 3481 1027 3542 113
1046 3481 1087 3530 m.
1127 3476 1153 3543 a)
1171 3476 1215 3530 Pa.
1235 3480 1295 3542 126,
1315 3482 1338 3534 1.

334 3545 376 3608 16)
396 3548 420 3630 ²:
441 3542 513 3598 snm.
533 3548 557 3611 a,
579 3549 610 3598 m
630 3562 669 3614 sq.
1008 3557 1011 3560 >

405 3701 420 3748 b
436 3695 548 3750 domum
562 3711 612 3750 orn.
624 3695 652 3748 R
664 3697 673 3764 ΙΙ
688 3701 703 3749 8
718 3694 883 3750 laborarunt
894 3696 993 3764 scripsi
1006 3694 1342 3765 (inoniuaur);.loborant

334 3769 396 3839 Rp3
410 3765 687 3821 laboraueruntst.
699 3765 771 3833 Ver.;
785 3765 956 3821 laborabunt
963 3766 1112 3835 FGaepm
1126 3767 1341 3838 uigilabunbiii

333 3844 366 3892 21
385 3837 517 3908 namque]
537 3839 632 3890 autam
649 3835 677 3890 R
