3284 4459
346 506 412 569 420
475 562 480 573 ,
756 518 778 559 ε,
791 516 956 559 anousrmr

346 652 493 734 spiritales
524 655 555 714 in
587 652 637 712 illo
670 652 790 713 sabbato
824 652 978 713 adfuturae
1011 655 1121 713 sanctis
1153 672 1207 732 per
1238 654 1354 713 Domini

345 744 542 821 praesentiam
560 740 762 801 crederentur.
807 739 881 800 Nam
900 743 987 801 etiam
1006 759 1061 801 nos
1084 741 1140 802 boc
1163 744 1274 821 opinati
1299 743 1354 802 lui·

345 849 413 890 mus
444 829 610 908 aliquando.
656 828 714 890 Sed
747 846 815 889 crim
845 848 913 903 eos,
946 832 997 908 qui
1024 839 1096 889 tunc
1124 833 1356 911 resurrexerint,

346 918 446 979 dicant
479 917 756 978 inmoderatissimis
787 916 955 977 carnalibus
990 917 1086 996 epulis
1118 928 1291 1001 vacaturos,
1323 921 1355 979 in

311 1006 455 1086 aquibus
482 1005 567 1066 cibus
595 1008 634 1066 sit
661 1014 761 1066 tantus
788 1023 823 1065 ac
850 1014 951 1083 potus,
979 1015 1012 1066 ut
1041 1023 1102 1067 non
1126 1005 1221 1067 solum
1245 1007 1355 1067 nullam

346 1096 520 1156 modestiam
547 1104 681 1173 teneant,
711 1093 762 1153 sed
793 1093 913 1153 modurn
937 1112 1055 1172 qnoque
1078 1096 1173 1174 ipsius
1195 1095 1354 1156 increduli·

347 1186 414 1244 tatis
438 1183 593 1244 excedant:
620 1180 701 1242 nullo
731 1181 818 1241 modo
841 1184 897 1242 ista
919 1192 1045 1261 possunt
1067 1185 1124 1243 nisi
1147 1201 1164 1243 a
1187 1184 1355 1245 carnalibus

347 1272 436 1333 credi.
482 1271 519 1331 Hi
542 1279 641 1331 autem
664 1272 715 1348 qui
738 1270 887 1348 spiritales
909 1279 992 1349 sunt,
1022 1272 1096 1331 istos
1118 1273 1175 1332 ista
1198 1271 1356 1332 credentes

346 1355 492 1440 χιλιαστὰς
515 1358 663 1438 appellant
690 1357 803 1418 Graeco
826 1358 981 1437 vocabulo;
1005 1376 1080 1437 quos
1103 1358 1227 1419 verbum
1249 1378 1267 1420 e
1290 1378 1355 1420 ver·

295 1461 328 1511 10
347 1449 384 1508 bo
408 1450 608 1527 exprimentes
635 1464 690 1507 nos
717 1464 873 1525 possemus
906 1446 1045 1507 miliarios
1068 1464 1249 1526 nuncupare.
1294 1447 1356 1509 Eos

346 1545 445 1597 autem
468 1534 587 1613 longum
610 1544 657 1595 est
678 1533 815 1594 refellere
838 1534 873 1594 ad
897 1533 1024 1615 singulm
1048 1534 1100 1595 sed
1123 1538 1235 1614 potius,
1265 1554 1356 1614 quem
1466 1558 1467 1611 ᾗ

346 1624 383 1685 ad
409 1624 530 1685 modum
559 1624 705 1702 scriptura
739 1622 811 1682 baec
837 1622 1006 1701 accipienda
1036 1626 1091 1702 sit,
1123 1626 1181 1684 iam
1211 1623 1356 1685 debemus

346 1712 512 1773 ostendere.

435 1802 483 1859 dit
511 1802 575 1877 ipse
603 1798 745 1859 Dominus
772 1799 855 1858 lesus
884 1798 1031 1860 Christus:
1064 1801 1157 1861 Nemo
1180 1809 1281 1877 potest
1309 1806 1355 1862 in-

295 1902 327 1950 15
346 1892 443 1950 troe‘re
465 1892 497 1947 in
525 1890 644 1949 domum
666 1887 758 1963 sortis
782 1895 811 1948 et
834 1905 907 1948 vasa
931 1891 996 1949 eins
1026 1891 1158 1965 migrem,
1186 1893 1247 1950 nisi
1264 1894 1357 1965 prins

347 1980 520 2051 alligaverit
537 1975 662 2051 sortem,
691 1974 839 2035 diabolum
862 1974 963 2036 volens
985 1974 1116 2055 intellegi
1139 1977 1263 2057 sortem,
1286 1981 1357 2056 quia

346 2068 409 2144 ipse
440 2083 533 2143 genus
562 2064 723 2124 humanum
753 2065 850 2142 potuit
877 2074 979 2124 tenere
1003 2065 1163 2144 captivum3
1193 2084 1260 2125 vasa
1284 2085 1356 2127 vero

347 2156 420 2234 eius,
443 2172 518 2232 qnae
537 2154 635 2213 luerat
653 2160 820 2232 erepturus,
844 2151 945 2211 lideles
964 2169 1034 2212 suos
1058 2154 1183 2233 futuros,
1207 2172 1282 2232 quos
1304 2155 1356 2214 ille

346 2244 378 2302 in
411 2242 536 2302 diversis
572 2243 702 2319 peccatis
734 2248 822 2317 atque
861 2240 1060 2318 impietatibus
1092 2241 1270 2319 possidebat.
1317 2242 1357 2304 Ut

292 2344 328 2394 20
348 2349 417 2409 ergo
447 2330 616 2407 alligaretur
642 2329 690 2388 hic
717 2329 816 2408 lortis,
844 2337 1001 2407 propterea
1030 2329 1101 2388 vidit
1123 2332 1180 2389 iste
1203 2331 1356 2409 apostolus

347 2422 378 2479 in
401 2418 567 2498 apocalypsi
589 2420 729 2492 angelum
752 2419 980 2477 descendentem
1008 2419 1046 2478 de
1068 2421 1169 2498 cneio,
1195 2420 1357 2481 habentem
1465 2466 1466 2479 ,

347 2512 462 2569 elevem
484 2509 588 2583 abyssi
607 2514 638 2567 et
659 2512 801 2566 catenam
829 2508 860 2564 in
883 2522 975 2565 mann
997 2522 1063 2566 sno.
1108 2506 1150 2566 Et
1171 2511 1281 2587 tenuit,
1309 2512 1355 2568 in·
1465 2520 1466 2529 ³

348 2598 427 2675 quit,
450 2597 614 2655 draconem
637 2597 721 2654 illum
742 2600 910 2669 serpentem
934 2597 1103 2670 antiquum,
1127 2598 1181 2669 qni
1202 2596 1356 2670 cognomi·

347 2691 439 2743 natus
456 2690 501 2742 est
518 2683 655 2742 dioboles
673 2688 704 2741 et
719 2689 856 2760 satanas,
880 2688 910 2741 et
931 2684 1069 2755 alligavit
1091 2686 1174 2743 illum
1196 2687 1277 2744 mille
1299 2703 1355 2747 an·

294 2786 329 2831 25
348 2774 411 2844 nis,
448 2769 504 2829 boc
540 2779 601 2849 est,
638 2772 701 2830 eius
737 2778 914 2847 potestatem
951 2768 986 2828 ab
1025 2772 1068 2829 eis
1106 2770 1283 2832 seducendis
1321 2792 1356 2834 ac

347 2857 542 2937 possidendis,
564 2860 615 2935 qui
638 2859 755 2918 inerant
777 2856 930 2937 liberandi,
953 2857 1086 2919 cohibuit
1108 2866 1195 2938 atque
1219 2861 1356 2923 lrenavit.

347 2945 425 3006 Mille
455 2953 553 3005 autem
585 2948 654 3005 anni
680 2944 796 3005 duobus
827 2944 921 3005 modis
949 2956 1089 3027 possunt,
1116 2956 1257 3025 quantum
1282 2950 1356 3010 mibi

349 3036 488 3113 occurrit,
511 3032 653 3111 intellegi:
676 3042 727 3093 aut
744 3036 812 3111 quia
832 3036 863 3093 in
881 3033 993 3093 ultimis
1016 3036 1101 3095 annis
1123 3035 1202 3096 mille
1225 3040 1281 3097 ista
1305 3057 1356 3099 res

348 3124 454 3201 agitur,
476 3121 507 3181 id
530 3129 576 3180 est
594 3131 677 3181 sexto
700 3138 846 3181 annorum
871 3121 994 3181 miliario
1018 3131 1167 3201 tamquam
1190 3134 1273 3185 sexto
1297 3125 1356 3207 die,
1464 3160 1465 3177 κ

295 3213 434 3272 adonius
461 3227 542 3270 nunc
571 3211 663 3287 spatia
690 3211 855 3288 posteriora
882 3209 1053 3291 volvuntur,
1083 3219 1223 3272 secuturo
1246 3213 1356 3274 deinde

348 3297 479 3378 sabbato,
502 3297 581 3376 quod
604 3296 770 3357 nonhabet
791 3314 953 3377 vesperam,
976 3301 1079 3377 requie
1102 3300 1216 3360 seilicet
1238 3310 1355 3363 sancto·
1464 3334 1465 3347 κ

348 3405 429 3468 rum,
457 3404 533 3465 quae
561 3402 621 3446 non
647 3384 736 3445 babet
762 3385 865 3465 linem,
894 3394 928 3446 ut
954 3385 1043 3448 buius
1065 3387 1183 3449 miliarii
1205 3398 1357 3468 nmquam

348 3474 407 3535 diei
429 3475 617 3535 novissimam
639 3481 762 3556 partem,
785 3490 860 3551 quae
884 3474 1054 3535 remanebat
1077 3493 1170 3555 usque
1194 3478 1230 3537 ad
1253 3481 1356 3539 termi-

414 3579 629 3651 mmmm

407 3725 448 3772 '10
461 3734 606 3788 possemus
620 3707 790 3785 RAe¹pE³;
808 3734 955 3786 possumus
976 3718 1191 3792 Gnnbe²poE⁰
1211 3724 1220 3790 ΙΙ
1242 3728 1275 3775 16
1295 3724 1360 3777 dia-

342 3790 591 3914 pplrepnfflpppen
603 3804 706 3855 semper
727 3790 736 3856 ll
759 3793 792 3840 24
818 3788 899 3841 illum
922 3807 976 3845 mss
1000 3794 1078 3859 (419,
1099 3796 1142 3861 6);
1170 3808 1234 3846 eum
1258 3797 1360 3865 Aaou
