3284 4459
330 484 371 546 12
748 495 770 538 s.
785 496 930 539 sussum
1029 518 1032 523 -

328 632 440 711 adpetit
466 639 497 692 et
529 646 648 691 caruem
680 629 837 690 carnaliter
863 630 956 711 legit,
988 629 1127 709 quoniam
1153 629 1183 690 id
1211 632 1339 691 vanitate

328 721 420 781 sentit
436 718 572 792 humana,
596 735 655 778 non
675 719 797 779 veritate
816 717 922 779 didus.
967 717 1033 779 Non
1056 718 1176 797 quidem
1194 718 1339 781 Platonici

328 810 406 868 sicut
428 806 590 867 Manichaei
613 806 777 885 desipiunt,
800 814 834 866 ut
856 814 1005 885 tamquam
1029 806 1097 867 mali
1120 814 1255 867 naturam
1277 816 1338 867 ter·

328 912 399 957 rena
426 911 551 973 corpora
582 893 781 975 detestentur,
808 912 878 955 ¹cum
910 897 1009 955 omnia
1037 894 1196 975 elementa,
1228 894 1339 974 quibus

293 986 385 1046 diste
404 983 532 1044 murudus
551 982 673 1043 visibilis
686 980 971 1062 'contrectabilisque
994 992 1166 1063 compactus
1189 991 1244 1063 est,
1267 1001 1338 1063 qua·

328 1072 484 1151 litatesque
512 1089 616 1132 eorum
631 1070 704 1131 *Deo
734 1070 840 1132 artillci
867 1070 1011 1152 tribuant,
1045 1088 1148 1132 verum
1174 1080 1273 1132 tamen
1301 1089 1339 1133 ex

328 1162 456 1221 terrenis
479 1158 603 1220 artubus
627 1157 870 1237 moribundisque
894 1158 1035 1220 membris
1058 1162 1103 1220 sio
1125 1160 1202 1220 allici
1224 1162 1338 1220 animas

328 1251 496 1329 opinantur,
519 1257 553 1309 ut
570 1248 640 1308 hlnc
659 1249 703 1308 eis
725 1249 785 1307 siut
806 1245 904 1308 morbi
926 1248 1121 1327 cupiditatum
1142 1256 1176 1308 et
1197 1250 1338 1309 timorum

329 1345 360 1398 et
386 1336 513 1397 laetitiae
543 1338 604 1397 sive
632 1337 783 1414 tristitiae3
811 1333 921 1414 quibus
949 1343 1090 1414 quattuor
1112 1335 1159 1396 rel
1180 1335 1336 1415 perturbo

276 1435 310 1487 to
328 1424 473 1505 tionibuS,
503 1433 538 1485 ut
560 1423 664 1485 Cicero
688 1422 827 1505 appellat,
855 1423 900 1483 vel
922 1423 1123 1504 passionibus,
1146 1432 1180 1485 ut
1201 1423 1338 1504 plerique

328 1512 452 1574 verbum
481 1531 497 1573 e
528 1510 619 1572 verbo
652 1510 763 1572 Graeco
796 1514 981 1594 exprimunt,
1012 1515 1109 1573 omnis
1140 1511 1339 1573 bumanorum

330 1618 447 1662 morum
473 1602 617 1661 vitiositas
645 1602 833 1660 continetur..
869 1599 954 1671 Quod
984 1603 1010 1661 si
1036 1602 1077 1661 ita
1102 1609 1161 1681 est,
1191 1600 1263 1679 quid
1292 1609 1339 1662 est

330 1689 408 1769 quod
431 1691 545 1750 Aeneas
568 1688 644 1769 apud
668 1686 845 1768 Vergilium,
868 1705 936 1749 cum
959 1688 1090 1749 audisset
1112 1706 1129 1748 a
1151 1696 1236 1767 patre
1259 1688 1338 1768 apud

329 1779 442 1839 inieros
465 1780 576 1838 animas
599 1793 706 1838 rursus
729 1776 764 1836 ad
788 1794 913 1856 corpora
936 1776 1098 1858 redituras,
1124 1776 1201 1837 banc
1223 1778 1338 1856 opinio·

276 1878 309 1929 15
328 1885 397 1928 uem
420 1868 545 1927 miratur
568 1864 747 1925 exclamans:

418 1990 442 2051 0
465 1994 561 2067 pater,
585 2008 662 2049 enne
685 1990 800 2065 aliquas
824 1990 863 2048 ed
885 1990 1000 2049 caelum
1023 1990 1092 2050 hinc
1113 1991 1158 2050 ire
1180 1993 1288 2065 puten-

418 2166 566 2247 Sublimes
590 2166 704 2225 animas
726 2166 896 2241 iterumque
918 2131 957 2225 ed
978 2167 1067 2226 tarda.
1088 2079 1250 2226 edidldlrllieSt

418 2254 569 2331 Corpore?
594 2252 676 2325 Quae
699 2254 774 2313 lucis
797 2254 914 2313 miseris
939 2258 1002 2315 ism
1024 2255 1089 2314 dire
1111 2254 1239 2330 cupido?

276 2391 310 2440 20
330 2378 548 2458 Numquidnam
573 2376 647 2436 baec
676 2383 735 2436 tam
764 2374 827 2435 dira
858 2376 965 2455 cupido
993 2394 1030 2436 ex
1057 2378 1185 2436 terrenis
1212 2376 1339 2437 artubus

329 2465 572 2545 moribundisque
600 2462 742 2524 membris
769 2463 866 2525 adbuc
892 2466 971 2524 inest
998 2466 1162 2524 animarum
1188 2464 1232 2525 illi
1253 2482 1339 2543 prae·

329 2556 525 2617 dicatissimae
546 2549 691 2634 puritati?
718 2550 823 2613 Nonne
847 2550 882 2612 ab
905 2552 994 2614 huius
1017 2553 1096 2613 modi
1119 2554 1280 2635 corporeis,
1303 2560 1341 2616 ut

329 2644 414 2725 dicit,
440 2640 575 2723 pestibus
604 2638 741 2701 omnibus
769 2657 818 2701 eas
846 2642 953 2701 asserit
986 2658 1052 2701 esse
1079 2649 1234 2720 purgatas,
1266 2658 1335 2701 cum

329 2750 435 2793 rursus
457 2732 603 2809 incipiunt
621 2730 652 2789 in
676 2746 800 2809 corpora
824 2728 896 2789 velle
919 2725 1051 2789 reverti?
1073 2727 1157 2789 Unde
1181 2728 1339 2809 colligitur,

276 2831 310 2881 25
331 2822 446 2881 etiamsi
467 2820 508 2880 ita
531 2836 564 2879 se
586 2815 723 2899 baberet,
751 2816 831 2895 quod
854 2825 901 2878 est
922 2819 1041 2877 omniuo
1065 2818 1268 2896 vanissimum,
1296 2819 1337 2878 vi·

330 2910 430 2969 cissim
457 2906 606 2968 alternans
633 2902 849 2965 incessabiliter
878 2906 1012 2966 euntium
1035 2912 1124 2983 atque
1147 2904 1337 2965 redeuntium

329 2998 492 3057 animarum
516 2993 668 3055 mundatio
696 3001 726 3054 et
748 2995 926 3073 inquinatio,
954 3011 1014 3053 uon
1036 2994 1169 3072 potuisse
1193 2994 1338 3053 veraciter

330 3084 388 3145 diei
411 3101 513 3145 omues
541 3079 702 3160 culpabiles
731 3089 818 3160 atque
841 3083 963 3142 vitiosos
985 3088 1084 3142 motus
1107 3082 1272 3141 animarum
1295 3083 1338 3154 eis

330 3190 366 3233 ex
396 3172 524 3232 terrenis
554 3168 729 3248 corporibus
758 3167 940 3249 inolescere,
969 3171 995 3230 si
1024 3168 1143 3248 quidem
1173 3168 1338 3229 secundum

272 3263 411 3340 seipsos
434 3258 496 3339 illa,
524 3266 557 3319 ut
579 3257 695 3317 locutor
718 3254 825 3317 nobilis
848 3259 901 3336 ait,
928 3257 993 3317 dira
1015 3256 1122 3335 cupido
1145 3275 1241 3335 usque
1265 3255 1337 3316 adeo

329 3366 389 3409 uon
413 3356 459 3409 est
481 3364 518 3407 ex
536 3362 671 3425 corpore,
694 3351 729 3404 ut
749 3342 785 3403 ab
809 3346 889 3403 omni
913 3362 1056 3424 corporea
1077 3338 1161 3423 peste
1184 3352 1338 3424 purgatam

332 3442 362 3494 et
398 3441 481 3494 extra
516 3450 603 3493 omne
640 3450 747 3511 corpus
784 3433 914 3492 animam
950 3433 1141 3492 constitutam
1173 3434 1237 3511 ipsa
1271 3449 1337 3492 esse

339 3633 341 3639 .
379 3588 445 3667 4⁰)
462 3585 543 3640 Tusc.
562 3591 588 3653 4,
602 3590 627 3640 6.
678 3587 722 3655 19)
740 3585 810 3639 Aen.
830 3589 856 3654 6,
871 3588 922 3638 719
933 3601 993 3653 sqq.
1044 3584 1089 3653 nt)
1106 3582 1176 3639 Aen.
1196 3588 1296 3651 11751.

374 3732 378 3741 ’
399 3760 432 3809 as
452 3756 480 3809 ee
494 3771 543 3810 uu.
559 3756 607 3825 Vq
620 3754 683 3824 ipso
697 3755 764 3827 (sut
779 3753 843 3807 ura
856 3753 969 3825 cupreo)
986 3751 1123 3821 wudu
1136 3752 1229 3823 ipsam
1244 3752 1337 3808 wne
