<?xml version="1.0" encoding="UTF-8"?>
<!DOCTYPE html PUBLIC "-//W3C//DTD XHTML 1.0 Transitional//EN"
    "http://www.w3.org/TR/xhtml1/DTD/xhtml1-transitional.dtd">
<html xmlns="http://www.w3.org/1999/xhtml" xml:lang="en" lang="en">
 <head>
  <title>
</title>
<meta http-equiv="Content-Type" content="text/html;charset=utf-8" />
  <meta name='ocr-system' content='tesseract 3.04.00' />
  <meta name='ocr-capabilities' content='ocr_page ocr_carea ocr_par ocr_line ocrx_word'/>
</head>
<body>
  <div class='ocr_page' id='page_1' title='image "./sanctiaureliiau11augugoog_0104.png"; bbox 0 0 3284 4459; ppageno 0'>
   <div class='ocr_carea' id='block_1_1' title="bbox 357 506 978 571">
    <p class='ocr_par' dir='ltr' id='par_1_1' title="bbox 357 506 978 571">
     <span class='ocr_line' id='line_1_1' title="bbox 357 506 978 571; baseline 0 -11"><span class='ocrx_word' id='word_1_1' title='bbox 357 506 401 571; x_wconf 88' lang='lat'>84</span> <span class='ocrx_word' id='word_1_2' title='bbox 777 518 978 562; x_wconf 80' lang='lat' dir='ltr'>s.nnnnsrm1</span> 
     </span>
    </p>
   </div>
   <div class='ocr_carea' id='block_1_2' title="bbox 323 652 1369 1085">
    <p class='ocr_par' dir='ltr' id='par_1_2' title="bbox 323 652 1369 1085">
     <span class='ocr_line' id='line_1_2' title="bbox 358 652 1369 736; baseline 0 -22"><span class='ocrx_word' id='word_1_3' title='bbox 358 656 438 715; x_wconf 82' lang='lat' dir='ltr'>venit</span> <span class='ocrx_word' id='word_1_4' title='bbox 456 661 590 734; x_wconf 89' lang='lat' dir='ltr'>aetatem,</span> <span class='ocrx_word' id='word_1_5' title='bbox 609 652 787 733; x_wconf 85' lang='lat' dir='ltr'>eosdemque</span> <span class='ocrx_word' id='word_1_6' title='bbox 805 660 874 733; x_wconf 90' lang='lat' dir='ltr'>post</span> <span class='ocrx_word' id='word_1_7' title='bbox 891 656 1007 733; x_wconf 88' lang='lat' dir='ltr'>genitos</span> <span class='ocrx_word' id='word_1_8' title='bbox 1025 653 1110 736; x_wconf 85' lang='lat' dir='ltr'>filios,</span> <span class='ocrx_word' id='word_1_9' title='bbox 1133 660 1168 715; x_wconf 95' lang='lat' dir='ltr'>ut</span> <span class='ocrx_word' id='word_1_10' title='bbox 1185 662 1369 732; x_wconf 75' lang='lat' dir='ltr'>congrueret</span> 
     </span>
     <span class='ocr_line' id='line_1_3' title="bbox 358 740 1367 822; baseline -0.002 -19"><span class='ocrx_word' id='word_1_11' title='bbox 358 760 481 817; x_wconf 84' lang='lat' dir='ltr'>summu,</span> <span class='ocrx_word' id='word_1_12' title='bbox 504 741 639 802; x_wconf 82' lang='lat' dir='ltr'>detraxit</span> <span class='ocrx_word' id='word_1_13' title='bbox 685 740 735 803; x_wconf 90' lang='lat' dir='ltr'>Sic</span> <span class='ocrx_word' id='word_1_14' title='bbox 754 744 863 822; x_wconf 84' lang='lat' dir='ltr'>quippe</span> <span class='ocrx_word' id='word_1_15' title='bbox 886 742 979 804; x_wconf 83' lang='lat' dir='ltr'>voluit</span> <span class='ocrx_word' id='word_1_16' title='bbox 1001 741 1158 803; x_wconf 80' lang='lat' dir='ltr'><strong>credibiles</strong></span> <span class='ocrx_word' id='word_1_17' title='bbox 1182 742 1279 801; x_wconf 85' lang='lat' dir='ltr'>iacere</span> <span class='ocrx_word' id='word_1_18' title='bbox 1303 741 1367 802; x_wconf 92' lang='lat' dir='ltr'>ido-</span> 
     </span>
     <span class='ocr_line' id='line_1_4' title="bbox 358 829 1368 911; baseline -0.002 -19"><span class='ocrx_word' id='word_1_19' title='bbox 358 847 480 892; x_wconf 91' lang='lat' dir='ltr'>nearum</span> <span class='ocrx_word' id='word_1_20' title='bbox 499 829 683 909; x_wconf 80' lang='lat' dir='ltr'>generandae</span> <span class='ocrx_word' id='word_1_21' title='bbox 706 829 783 910; x_wconf 89' lang='lat' dir='ltr'>proli</span> <span class='ocrx_word' id='word_1_22' title='bbox 806 832 1026 892; x_wconf 75' lang='lat' dir='ltr'>convenientias</span> <span class='ocrx_word' id='word_1_23' title='bbox 1049 839 1188 911; x_wconf 89' lang='lat' dir='ltr'>actatum,</span> <span class='ocrx_word' id='word_1_24' title='bbox 1210 838 1244 891; x_wconf 94' lang='lat' dir='ltr'>nt</span> <span class='ocrx_word' id='word_1_25' title='bbox 1266 837 1368 890; x_wconf 87' lang='lat' dir='ltr'>tamen</span> 
     </span>
     <span class='ocr_line' id='line_1_5' title="bbox 358 917 1367 997; baseline -0.003 -17"><span class='ocrx_word' id='word_1_26' title='bbox 358 937 482 980; x_wconf 90' lang='lat' dir='ltr'>numero</span> <span class='ocrx_word' id='word_1_27' title='bbox 510 935 569 979; x_wconf 95' lang='lat' dir='ltr'>non</span> <span class='ocrx_word' id='word_1_28' title='bbox 598 917 749 980; x_wconf 81' lang='lat' dir='ltr'>fraudaret</span> <span class='ocrx_word' id='word_1_29' title='bbox 770 920 925 980; x_wconf 80' lang='lat' dir='ltr'>universas</span> <span class='ocrx_word' id='word_1_30' title='bbox 947 926 1058 981; x_wconf 86' lang='lat' dir='ltr'>aetates</span> <span class='ocrx_word' id='word_1_31' title='bbox 1080 921 1242 980; x_wconf 88' lang='lat' dir='ltr'>virentium</span> <span class='ocrx_word' id='word_1_32' title='bbox 1265 919 1367 997; x_wconf 89' lang='lat' dir='ltr'>singn-</span> 
     </span>
     <span class='ocr_line' id='line_1_6' title="bbox 323 1001 1367 1085; baseline 0.001 -18"><span class='ocrx_word' id='word_1_33' title='bbox 323 1018 339 1067; x_wconf 84' lang='lat'><strong>5</strong></span> <span class='ocrx_word' id='word_1_34' title='bbox 358 1007 463 1068; x_wconf 88' lang='lat' dir='ltr'>lorum.</span> <span class='ocrx_word' id='word_1_35' title='bbox 491 1005 576 1078; x_wconf 80' lang='lat' dir='ltr'>Quod</span> <span class='ocrx_word' id='word_1_36' title='bbox 594 1014 692 1068; x_wconf 91' lang='lat' dir='ltr'>autem</span> <span class='ocrx_word' id='word_1_37' title='bbox 705 1001 778 1085; x_wconf 86' lang='lat' dir='ltr'>&lt;id&gt;</span> <span class='ocrx_word' id='word_1_38' title='bbox 791 1007 825 1066; x_wconf 93' lang='lat' dir='ltr'>in</span> <span class='ocrx_word' id='word_1_39' title='bbox 838 1012 921 1066; x_wconf 83' lang='lat' dir='ltr'>serta</span> <span class='ocrx_word' id='word_1_40' title='bbox 934 1007 1125 1083; x_wconf 82' lang='lat' dir='ltr'>generatione</span> <span class='ocrx_word' id='word_1_41' title='bbox 1138 1023 1200 1067; x_wconf 93' lang='lat' dir='ltr'>non</span> <span class='ocrx_word' id='word_1_42' title='bbox 1212 1005 1292 1084; x_wconf 84' lang='lat' dir='ltr'>iecit,</span> <span class='ocrx_word' id='word_1_43' title='bbox 1309 1006 1367 1068; x_wconf 92' lang='lat' dir='ltr'>hoc</span> 
     </span>
    </p>
   </div>
   <div class='ocr_carea' id='block_1_3' title="bbox 357 1091 1464 1175">
    <p class='ocr_par' dir='ltr' id='par_1_3' title="bbox 357 1091 1464 1175">
     <span class='ocr_line' id='line_1_7' title="bbox 357 1091 1464 1175; baseline -0.004 -19"><span class='ocrx_word' id='word_1_44' title='bbox 357 1098 456 1175; x_wconf 90' lang='lat' dir='ltr'>ipsum</span> <span class='ocrx_word' id='word_1_45' title='bbox 479 1093 622 1170; x_wconf 89' lang='lat' dir='ltr'>estquod</span> <span class='ocrx_word' id='word_1_46' title='bbox 645 1093 737 1171; x_wconf 91' lang='lat' dir='ltr'>magis</span> <span class='ocrx_word' id='word_1_47' title='bbox 760 1099 861 1153; x_wconf 89' lang='lat' dir='ltr'>mouet</span> <span class='ocrx_word' id='word_1_48' title='bbox 881 1092 949 1153; x_wconf 89' lang='lat' dir='ltr'>ideo</span> <span class='ocrx_word' id='word_1_49' title='bbox 971 1091 1054 1153; x_wconf 87' lang='lat' dir='ltr'>iilum</span> <span class='ocrx_word' id='word_1_50' title='bbox 1076 1092 1193 1174; x_wconf 85' lang='lat' dir='ltr'>iecisse,</span> <span class='ocrx_word' id='word_1_51' title='bbox 1215 1110 1284 1153; x_wconf 92' lang='lat' dir='ltr'>cum</span> <span class='ocrx_word' id='word_1_52' title='bbox 1307 1112 1369 1175; x_wconf 86' lang='lat' dir='ltr'>res,</span> <span class='ocrx_word' id='word_1_53' title='bbox 1460 1122 1464 1139; x_wconf 90' lang='lat'>·</span> 
     </span>
    </p>
   </div>
   <div class='ocr_carea' id='block_1_4' title="bbox 358 1178 1367 1347">
    <p class='ocr_par' dir='ltr' id='par_1_4' title="bbox 358 1178 1367 1347">
     <span class='ocr_line' id='line_1_8' title="bbox 359 1178 1367 1262; baseline 0 -19"><span class='ocrx_word' id='word_1_54' title='bbox 359 1201 447 1262; x_wconf 87' lang='lat' dir='ltr'>qnam</span> <span class='ocrx_word' id='word_1_55' title='bbox 469 1182 609 1262; x_wconf 90' lang='lat' dir='ltr'>dicimus,</span> <span class='ocrx_word' id='word_1_56' title='bbox 631 1178 803 1260; x_wconf 84' lang='lat' dir='ltr'>postularit,</span> <span class='ocrx_word' id='word_1_57' title='bbox 827 1181 977 1259; x_wconf 86' lang='lat' dir='ltr'>quianon</span> <span class='ocrx_word' id='word_1_58' title='bbox 1000 1181 1084 1260; x_wconf 89' lang='lat' dir='ltr'>iecit,</span> <span class='ocrx_word' id='word_1_59' title='bbox 1107 1179 1159 1241; x_wconf 91' lang='lat' dir='ltr'>ubi</span> <span class='ocrx_word' id='word_1_60' title='bbox 1181 1198 1241 1240; x_wconf 92' lang='lat' dir='ltr'>non</span> <span class='ocrx_word' id='word_1_61' title='bbox 1263 1189 1367 1259; x_wconf 89' lang='lat' dir='ltr'>postn-</span> 
     </span>
     <span class='ocr_line' id='line_1_9' title="bbox 358 1266 1367 1347; baseline -0.001 -15"><span class='ocrx_word' id='word_1_62' title='bbox 358 1271 436 1332; x_wconf 90' lang='lat' dir='ltr'>lavit.</span> <span class='ocrx_word' id='word_1_63' title='bbox 481 1268 596 1330; x_wconf 84' lang='lat' dir='ltr'>Invenit</span> <span class='ocrx_word' id='word_1_64' title='bbox 626 1285 753 1347; x_wconf 84' lang='lat' dir='ltr'>namque</span> <span class='ocrx_word' id='word_1_65' title='bbox 785 1269 816 1328; x_wconf 89' lang='lat' dir='ltr'>in</span> <span class='ocrx_word' id='word_1_66' title='bbox 847 1266 949 1329; x_wconf 86' lang='lat' dir='ltr'>eadem</span> <span class='ocrx_word' id='word_1_67' title='bbox 978 1270 1168 1347; x_wconf 80' lang='lat' dir='ltr'>generatione</span> <span class='ocrx_word' id='word_1_68' title='bbox 1200 1268 1277 1347; x_wconf 87' lang='lat' dir='ltr'>apud</span> <span class='ocrx_word' id='word_1_69' title='bbox 1307 1269 1367 1331; x_wconf 84' lang='lat' dir='ltr'>He·</span> 
     </span>
    </p>
   </div>
   <div class='ocr_carea' id='block_1_5' title="bbox 359 1354 1468 1438">
    <p class='ocr_par' dir='ltr' id='par_1_5' title="bbox 359 1354 1468 1438">
     <span class='ocr_line' id='line_1_10' title="bbox 359 1354 1468 1438; baseline -0.002 -18"><span class='ocrx_word' id='word_1_70' title='bbox 359 1359 464 1420; x_wconf 87' lang='lat' dir='ltr'>bracos</span> <span class='ocrx_word' id='word_1_71' title='bbox 486 1358 593 1419; x_wconf 86' lang='lat' dir='ltr'>vixisse</span> <span class='ocrx_word' id='word_1_72' title='bbox 622 1354 721 1438; x_wconf 87' lang='lat' dir='ltr'>iared,</span> <span class='ocrx_word' id='word_1_73' title='bbox 748 1364 906 1435; x_wconf 87' lang='lat' dir='ltr'>autequam</span> <span class='ocrx_word' id='word_1_74' title='bbox 928 1358 1080 1435; x_wconf 86' lang='lat' dir='ltr'>genuisset</span> <span class='ocrx_word' id='word_1_75' title='bbox 1101 1355 1218 1438; x_wconf 81' lang='lat' dir='ltr'>Enoch,</span> <span class='ocrx_word' id='word_1_76' title='bbox 1244 1367 1368 1419; x_wconf 87' lang='lat' dir='ltr'>centnm</span> <span class='ocrx_word' id='word_1_77' title='bbox 1467 1366 1468 1369; x_wconf 76' lang='grc'>’</span> 
     </span>
    </p>
   </div>
   <div class='ocr_carea' id='block_1_6' title="bbox 308 1441 1370 3115">
    <p class='ocr_par' dir='ltr' id='par_1_6' title="bbox 308 1441 1370 3115">
     <span class='ocr_line' id='line_1_11' title="bbox 308 1441 1368 1527; baseline -0.003 -17"><span class='ocrx_word' id='word_1_78' title='bbox 308 1461 341 1510; x_wconf 86' lang='lat' dir='ltr'>lo</span> <span class='ocrx_word' id='word_1_79' title='bbox 360 1449 510 1527; x_wconf 87' lang='lat' dir='ltr'>sexaginta</span> <span class='ocrx_word' id='word_1_80' title='bbox 541 1445 616 1506; x_wconf 90' lang='lat' dir='ltr'>dnos</span> <span class='ocrx_word' id='word_1_81' title='bbox 648 1441 799 1524; x_wconf 80' lang='lat' dir='ltr'>(annos),</span> <span class='ocrx_word' id='word_1_82' title='bbox 832 1446 883 1523; x_wconf 91' lang='lat' dir='ltr'>qni</span> <span class='ocrx_word' id='word_1_83' title='bbox 915 1444 1079 1507; x_wconf 88' lang='lat' dir='ltr'>secundnm</span> <span class='ocrx_word' id='word_1_84' title='bbox 1109 1443 1189 1505; x_wconf 88' lang='lat' dir='ltr'>iiiam</span> <span class='ocrx_word' id='word_1_85' title='bbox 1219 1446 1368 1507; x_wconf 88' lang='lat' dir='ltr'>rationem</span> 
     </span>
     <span class='ocr_line' id='line_1_12' title="bbox 359 1532 1368 1612; baseline -0.001 -15"><span class='ocrx_word' id='word_1_86' title='bbox 359 1537 492 1597; x_wconf 86' lang='lat' dir='ltr'>brevium</span> <span class='ocrx_word' id='word_1_87' title='bbox 523 1551 667 1594; x_wconf 89' lang='lat' dir='ltr'>annornm</span> <span class='ocrx_word' id='word_1_88' title='bbox 699 1533 774 1594; x_wconf 73' lang='lat' dir='ltr'>lirant</span> <span class='ocrx_word' id='word_1_89' title='bbox 803 1535 873 1593; x_wconf 90' lang='lat' dir='ltr'>anni</span> <span class='ocrx_word' id='word_1_90' title='bbox 905 1533 1035 1594; x_wconf 85' lang='lat' dir='ltr'>sedecim</span> <span class='ocrx_word' id='word_1_91' title='bbox 1067 1542 1098 1595; x_wconf 91' lang='lat' dir='ltr'>et</span> <span class='ocrx_word' id='word_1_92' title='bbox 1127 1532 1236 1612; x_wconf 88' lang='lat' dir='ltr'>aliquid</span> <span class='ocrx_word' id='word_1_93' title='bbox 1266 1537 1368 1596; x_wconf 88' lang='lat' dir='ltr'>miuus</span> 
     </span>
     <span class='ocr_line' id='line_1_13' title="bbox 359 1621 1367 1704; baseline -0.001 -19"><span class='ocrx_word' id='word_1_94' title='bbox 359 1642 447 1704; x_wconf 87' lang='lat' dir='ltr'>qnam</span> <span class='ocrx_word' id='word_1_95' title='bbox 474 1641 592 1683; x_wconf 88' lang='lat' dir='ltr'>menses</span> <span class='ocrx_word' id='word_1_96' title='bbox 619 1621 691 1702; x_wconf 86' lang='lat' dir='ltr'>duo;</span> <span class='ocrx_word' id='word_1_97' title='bbox 719 1639 794 1700; x_wconf 89' lang='lat' dir='ltr'>quae</span> <span class='ocrx_word' id='word_1_98' title='bbox 821 1624 879 1681; x_wconf 90' lang='lat' dir='ltr'>iam</span> <span class='ocrx_word' id='word_1_99' title='bbox 907 1630 987 1682; x_wconf 86' lang='lat' dir='ltr'>aetas</span> <span class='ocrx_word' id='word_1_100' title='bbox 1014 1631 1080 1701; x_wconf 90' lang='lat' dir='ltr'>apta</span> <span class='ocrx_word' id='word_1_101' title='bbox 1108 1630 1155 1682; x_wconf 89' lang='lat' dir='ltr'>est</span> <span class='ocrx_word' id='word_1_102' title='bbox 1181 1622 1217 1683; x_wconf 88' lang='lat' dir='ltr'>ad</span> <span class='ocrx_word' id='word_1_103' title='bbox 1245 1624 1367 1702; x_wconf 81' lang='lat' dir='ltr'>gignen-</span> 
     </span>
     <span class='ocr_line' id='line_1_14' title="bbox 360 1709 1367 1793; baseline -0.001 -21"><span class='ocrx_word' id='word_1_104' title='bbox 360 1712 445 1793; x_wconf 91' lang='lat' dir='ltr'>dum,</span> <span class='ocrx_word' id='word_1_105' title='bbox 473 1719 503 1772; x_wconf 91' lang='lat' dir='ltr'>et</span> <span class='ocrx_word' id='word_1_106' title='bbox 525 1711 591 1772; x_wconf 93' lang='lat' dir='ltr'>ideo</span> <span class='ocrx_word' id='word_1_107' title='bbox 615 1710 722 1771; x_wconf 88' lang='lat' dir='ltr'>addere</span> <span class='ocrx_word' id='word_1_108' title='bbox 746 1718 867 1770; x_wconf 86' lang='lat' dir='ltr'>centnm</span> <span class='ocrx_word' id='word_1_109' title='bbox 889 1727 983 1770; x_wconf 91' lang='lat' dir='ltr'>annos</span> <span class='ocrx_word' id='word_1_110' title='bbox 1005 1709 1124 1792; x_wconf 87' lang='lat' dir='ltr'>breves,</span> <span class='ocrx_word' id='word_1_111' title='bbox 1150 1718 1186 1771; x_wconf 95' lang='lat' dir='ltr'>nt</span> <span class='ocrx_word' id='word_1_112' title='bbox 1208 1714 1302 1772; x_wconf 87' lang='lat' dir='ltr'>nostri</span> <span class='ocrx_word' id='word_1_113' title='bbox 1324 1714 1367 1772; x_wconf 84' lang='lat' dir='ltr'>ri-</span> 
     </span>
     <span class='ocr_line' id='line_1_15' title="bbox 359 1798 1367 1881; baseline -0.002 -19"><span class='ocrx_word' id='word_1_114' title='bbox 359 1803 433 1881; x_wconf 89' lang='lat' dir='ltr'>giuti</span> <span class='ocrx_word' id='word_1_115' title='bbox 452 1817 503 1861; x_wconf 82' lang='lat' dir='ltr'>sex</span> <span class='ocrx_word' id='word_1_116' title='bbox 522 1799 636 1880; x_wconf 86' lang='lat' dir='ltr'>fierent,</span> <span class='ocrx_word' id='word_1_117' title='bbox 659 1815 781 1859; x_wconf 90' lang='lat' dir='ltr'>neccsse</span> <span class='ocrx_word' id='word_1_118' title='bbox 804 1816 865 1858; x_wconf 91' lang='lat' dir='ltr'>nnn</span> <span class='ocrx_word' id='word_1_119' title='bbox 888 1799 953 1878; x_wconf 88' lang='lat' dir='ltr'>init,</span> <span class='ocrx_word' id='word_1_120' title='bbox 975 1816 1031 1858; x_wconf 93' lang='lat' dir='ltr'>nec</span> <span class='ocrx_word' id='word_1_121' title='bbox 1053 1806 1121 1878; x_wconf 91' lang='lat' dir='ltr'>post</span> <span class='ocrx_word' id='word_1_122' title='bbox 1144 1807 1244 1860; x_wconf 90' lang='lat' dir='ltr'>natum</span> <span class='ocrx_word' id='word_1_123' title='bbox 1263 1798 1367 1860; x_wconf 83' lang='lat' dir='ltr'>Enoch</span> 
     </span>
     <span class='ocr_line' id='line_1_16' title="bbox 309 1885 1368 1967; baseline -0.002 -16"><span class='ocrx_word' id='word_1_124' title='bbox 309 1903 342 1952; x_wconf 81' lang='lat'>15</span> <span class='ocrx_word' id='word_1_125' title='bbox 361 1907 412 1950; x_wconf 91' lang='lat' dir='ltr'>eos</span> <span class='ocrx_word' id='word_1_126' title='bbox 448 1887 622 1967; x_wconf 85' lang='lat' dir='ltr'>detrahere,</span> <span class='ocrx_word' id='word_1_127' title='bbox 662 1904 738 1965; x_wconf 86' lang='lat' dir='ltr'>quos</span> <span class='ocrx_word' id='word_1_128' title='bbox 774 1904 834 1947; x_wconf 93' lang='lat' dir='ltr'>non</span> <span class='ocrx_word' id='word_1_129' title='bbox 870 1885 1022 1947; x_wconf 88' lang='lat' dir='ltr'>addiderat</span> <span class='ocrx_word' id='word_1_130' title='bbox 1056 1895 1124 1948; x_wconf 90' lang='lat' dir='ltr'>ante</span> <span class='ocrx_word' id='word_1_131' title='bbox 1160 1895 1270 1948; x_wconf 92' lang='lat' dir='ltr'>natum.</span> <span class='ocrx_word' id='word_1_132' title='bbox 1316 1887 1368 1949; x_wconf 93' lang='lat' dir='ltr'>Sic</span> 
     </span>
     <span class='ocr_line' id='line_1_17' title="bbox 361 1974 1367 2055; baseline -0.002 -16"><span class='ocrx_word' id='word_1_133' title='bbox 361 1979 470 2039; x_wconf 87' lang='lat' dir='ltr'>iactum</span> <span class='ocrx_word' id='word_1_134' title='bbox 502 1984 548 2037; x_wconf 90' lang='lat' dir='ltr'>ost</span> <span class='ocrx_word' id='word_1_135' title='bbox 586 1983 621 2036; x_wconf 94' lang='lat' dir='ltr'>nt</span> <span class='ocrx_word' id='word_1_136' title='bbox 656 1974 705 2034; x_wconf 94' lang='lat' dir='ltr'>hic</span> <span class='ocrx_word' id='word_1_137' title='bbox 741 1974 819 2035; x_wconf 90' lang='lat' dir='ltr'>nulla</span> <span class='ocrx_word' id='word_1_138' title='bbox 852 1981 931 2035; x_wconf 87' lang='lat' dir='ltr'>esset</span> <span class='ocrx_word' id='word_1_139' title='bbox 962 1976 1041 2036; x_wconf 90' lang='lat' dir='ltr'>iuter</span> <span class='ocrx_word' id='word_1_140' title='bbox 1073 1974 1191 2036; x_wconf 89' lang='lat' dir='ltr'>codices</span> <span class='ocrx_word' id='word_1_141' title='bbox 1222 1984 1367 2055; x_wconf 90' lang='lat' dir='ltr'>utrosque</span> 
     </span>
     <span class='ocr_line' id='line_1_18' title="bbox 359 2067 544 2127; baseline -0.005 -2"><span class='ocrx_word' id='word_1_142' title='bbox 359 2067 493 2127; x_wconf 88' lang='lat' dir='ltr'>varietas.</span> <span class='ocrx_word' id='word_1_143' title='bbox 536 2078 544 2093; x_wconf 91' lang='lat'><strong>·</strong></span> 
     </span>
     <span class='ocr_line' id='line_1_19' title="bbox 449 2152 1367 2232; baseline 0 -19"><span class='ocrx_word' id='word_1_144' title='bbox 449 2152 507 2213; x_wconf 91' lang='lat' dir='ltr'>Sed</span> <span class='ocrx_word' id='word_1_145' title='bbox 535 2169 640 2212; x_wconf 89' lang='lat' dir='ltr'>rursus</span> <span class='ocrx_word' id='word_1_146' title='bbox 664 2159 773 2232; x_wconf 89' lang='lat' dir='ltr'>moret,</span> <span class='ocrx_word' id='word_1_147' title='bbox 804 2169 859 2212; x_wconf 90' lang='lat' dir='ltr'>cur</span> <span class='ocrx_word' id='word_1_148' title='bbox 881 2153 912 2212; x_wconf 92' lang='lat' dir='ltr'>in</span> <span class='ocrx_word' id='word_1_149' title='bbox 936 2159 1037 2212; x_wconf 85' lang='lat' dir='ltr'>octava</span> <span class='ocrx_word' id='word_1_150' title='bbox 1059 2153 1262 2232; x_wconf 86' lang='lat' dir='ltr'>generatione,</span> <span class='ocrx_word' id='word_1_151' title='bbox 1284 2162 1367 2214; x_wconf 92' lang='lat' dir='ltr'>aute·</span> 
     </span>
     <span class='ocr_line' id='line_1_20' title="bbox 360 2237 1367 2322; baseline 0 -20"><span class='ocrx_word' id='word_1_152' title='bbox 360 2258 449 2322; x_wconf 88' lang='lat' dir='ltr'>qnam</span> <span class='ocrx_word' id='word_1_153' title='bbox 475 2240 511 2302; x_wconf 89' lang='lat' dir='ltr'>de</span> <span class='ocrx_word' id='word_1_154' title='bbox 534 2239 726 2301; x_wconf 85' lang='lat' dir='ltr'>Mathusalam</span> <span class='ocrx_word' id='word_1_155' title='bbox 753 2247 927 2301; x_wconf 86' lang='lat' dir='ltr'>nasceretur</span> <span class='ocrx_word' id='word_1_156' title='bbox 949 2237 1089 2320; x_wconf 88' lang='lat' dir='ltr'>Lamech,</span> <span class='ocrx_word' id='word_1_157' title='bbox 1119 2258 1187 2301; x_wconf 89' lang='lat' dir='ltr'>cnm</span> <span class='ocrx_word' id='word_1_158' title='bbox 1209 2241 1286 2320; x_wconf 87' lang='lat' dir='ltr'>apud</span> <span class='ocrx_word' id='word_1_159' title='bbox 1309 2240 1367 2302; x_wconf 81' lang='lat' dir='ltr'>lic-</span> 
     </span>
     <span class='ocr_line' id='line_1_21' title="bbox 308 2327 1368 2409; baseline -0.004 -15"><span class='ocrx_word' id='word_1_160' title='bbox 308 2345 342 2394; x_wconf 78' lang='lat'>20</span> <span class='ocrx_word' id='word_1_161' title='bbox 360 2330 466 2391; x_wconf 87' lang='lat' dir='ltr'>hraeos</span> <span class='ocrx_word' id='word_1_162' title='bbox 488 2328 624 2408; x_wconf 87' lang='lat' dir='ltr'>legantur</span> <span class='ocrx_word' id='word_1_163' title='bbox 646 2335 766 2388; x_wconf 84' lang='lat' dir='ltr'>centum</span> <span class='ocrx_word' id='word_1_164' title='bbox 790 2330 938 2407; x_wconf 86' lang='lat' dir='ltr'>octoginta</span> <span class='ocrx_word' id='word_1_165' title='bbox 960 2327 1019 2388; x_wconf 91' lang='lat' dir='ltr'>dno</span> <span class='ocrx_word' id='word_1_166' title='bbox 1042 2330 1120 2409; x_wconf 91' lang='lat' dir='ltr'>anni,</span> <span class='ocrx_word' id='word_1_167' title='bbox 1143 2330 1245 2407; x_wconf 86' lang='lat' dir='ltr'>viginti</span> <span class='ocrx_word' id='word_1_168' title='bbox 1268 2331 1368 2391; x_wconf 91' lang='lat' dir='ltr'>minus</span> 
     </span>
     <span class='ocr_line' id='line_1_22' title="bbox 361 2415 1369 2498; baseline -0.001 -18"><span class='ocrx_word' id='word_1_169' title='bbox 361 2420 552 2480; x_wconf 87' lang='lat' dir='ltr'>inveniuntur</span> <span class='ocrx_word' id='word_1_170' title='bbox 579 2417 610 2476; x_wconf 92' lang='lat' dir='ltr'>iu</span> <span class='ocrx_word' id='word_1_171' title='bbox 637 2415 789 2476; x_wconf 89' lang='lat' dir='ltr'>codicibus</span> <span class='ocrx_word' id='word_1_172' title='bbox 812 2417 938 2498; x_wconf 90' lang='lat' dir='ltr'>nostris,</span> <span class='ocrx_word' id='word_1_173' title='bbox 961 2415 1012 2476; x_wconf 92' lang='lat' dir='ltr'>ubi</span> <span class='ocrx_word' id='word_1_174' title='bbox 1034 2418 1133 2495; x_wconf 88' lang='lat' dir='ltr'>potius</span> <span class='ocrx_word' id='word_1_175' title='bbox 1156 2416 1223 2477; x_wconf 89' lang='lat' dir='ltr'>addi</span> <span class='ocrx_word' id='word_1_176' title='bbox 1246 2428 1369 2479; x_wconf 90' lang='lat' dir='ltr'>centum</span> 
     </span>
     <span class='ocr_line' id='line_1_23' title="bbox 362 2502 1369 2587; baseline 0.002 -21"><span class='ocrx_word' id='word_1_177' title='bbox 362 2506 470 2587; x_wconf 90' lang='lat' dir='ltr'>solent,</span> <span class='ocrx_word' id='word_1_178' title='bbox 497 2512 528 2565; x_wconf 91' lang='lat' dir='ltr'>et</span> <span class='ocrx_word' id='word_1_179' title='bbox 556 2512 624 2583; x_wconf 93' lang='lat' dir='ltr'>post</span> <span class='ocrx_word' id='word_1_180' title='bbox 646 2506 777 2582; x_wconf 89' lang='lat' dir='ltr'>genitum</span> <span class='ocrx_word' id='word_1_181' title='bbox 800 2502 927 2564; x_wconf 90' lang='lat' dir='ltr'>Lamech</span> <span class='ocrx_word' id='word_1_182' title='bbox 950 2502 1145 2584; x_wconf 88' lang='lat' dir='ltr'>conplendam</span> <span class='ocrx_word' id='word_1_183' title='bbox 1166 2507 1369 2568; x_wconf 89' lang='lat' dir='ltr'>restituuntur</span> 
     </span>
     <span class='ocr_line' id='line_1_24' title="bbox 362 2591 1367 2674; baseline 0.001 -19"><span class='ocrx_word' id='word_1_184' title='bbox 362 2594 397 2655; x_wconf 91' lang='lat' dir='ltr'>ad</span> <span class='ocrx_word' id='word_1_185' title='bbox 426 2610 586 2673; x_wconf 89' lang='lat' dir='ltr'>summam,</span> <span class='ocrx_word' id='word_1_186' title='bbox 616 2609 691 2671; x_wconf 89' lang='lat' dir='ltr'>qnae</span> <span class='ocrx_word' id='word_1_187' title='bbox 718 2594 750 2653; x_wconf 91' lang='lat' dir='ltr'>in</span> <span class='ocrx_word' id='word_1_188' title='bbox 778 2591 929 2653; x_wconf 89' lang='lat' dir='ltr'>codicibus</span> <span class='ocrx_word' id='word_1_189' title='bbox 957 2595 1092 2671; x_wconf 88' lang='lat' dir='ltr'>utrisque</span> <span class='ocrx_word' id='word_1_190' title='bbox 1120 2607 1180 2653; x_wconf 95' lang='lat' dir='ltr'>non</span> <span class='ocrx_word' id='word_1_191' title='bbox 1210 2593 1367 2674; x_wconf 87' lang='lat' dir='ltr'>discrepat.</span> 
     </span>
     <span class='ocr_line' id='line_1_25' title="bbox 362 2680 1368 2761; baseline 0.001 -18"><span class='ocrx_word' id='word_1_192' title='bbox 362 2683 394 2743; x_wconf 90' lang='lat' dir='ltr'>Si</span> <span class='ocrx_word' id='word_1_193' title='bbox 426 2685 505 2742; x_wconf 92' lang='lat' dir='ltr'>enim</span> <span class='ocrx_word' id='word_1_194' title='bbox 541 2689 661 2741; x_wconf 90' lang='lat' dir='ltr'>centum</span> <span class='ocrx_word' id='word_1_195' title='bbox 700 2682 885 2759; x_wconf 86' lang='lat' dir='ltr'>septuaginta</span> <span class='ocrx_word' id='word_1_196' title='bbox 920 2699 1013 2740; x_wconf 88' lang='lat' dir='ltr'>annos</span> <span class='ocrx_word' id='word_1_197' title='bbox 1049 2687 1172 2760; x_wconf 89' lang='lat' dir='ltr'>propter</span> <span class='ocrx_word' id='word_1_198' title='bbox 1201 2680 1368 2761; x_wconf 89' lang='lat' dir='ltr'>pubertatis</span> 
     </span>
     <span class='ocr_line' id='line_1_26' title="bbox 308 2767 1369 2850; baseline -0.003 -15"><span class='ocrx_word' id='word_1_199' title='bbox 308 2786 343 2836; x_wconf 76' lang='lat'>25</span> <span class='ocrx_word' id='word_1_200' title='bbox 362 2773 561 2832; x_wconf 89' lang='lat' dir='ltr'>maturitatem</span> <span class='ocrx_word' id='word_1_201' title='bbox 584 2768 687 2829; x_wconf 91' lang='lat' dir='ltr'>decem</span> <span class='ocrx_word' id='word_1_202' title='bbox 710 2777 741 2829; x_wconf 88' lang='lat' dir='ltr'>et</span> <span class='ocrx_word' id='word_1_203' title='bbox 763 2778 876 2848; x_wconf 88' lang='lat' dir='ltr'>septem</span> <span class='ocrx_word' id='word_1_204' title='bbox 895 2767 1010 2828; x_wconf 88' lang='lat' dir='ltr'>volebat</span> <span class='ocrx_word' id='word_1_205' title='bbox 1032 2768 1172 2850; x_wconf 80' lang='lat' dir='ltr'>intellegi,</span> <span class='ocrx_word' id='word_1_206' title='bbox 1194 2771 1272 2830; x_wconf 89' lang='lat' dir='ltr'>sicut</span> <span class='ocrx_word' id='word_1_207' title='bbox 1294 2770 1369 2832; x_wconf 90' lang='lat' dir='ltr'>nihil</span> 
     </span>
     <span class='ocr_line' id='line_1_27' title="bbox 362 2855 1370 2939; baseline 0.001 -19"><span class='ocrx_word' id='word_1_208' title='bbox 362 2860 486 2939; x_wconf 89' lang='lat' dir='ltr'>addere,</span> <span class='ocrx_word' id='word_1_209' title='bbox 514 2860 555 2919; x_wconf 91' lang='lat' dir='ltr'>ita</span> <span class='ocrx_word' id='word_1_210' title='bbox 583 2857 656 2918; x_wconf 90' lang='lat' dir='ltr'>nihil</span> <span class='ocrx_word' id='word_1_211' title='bbox 683 2856 839 2918; x_wconf 90' lang='lat' dir='ltr'>detrahere</span> <span class='ocrx_word' id='word_1_212' title='bbox 866 2860 924 2917; x_wconf 90' lang='lat' dir='ltr'>iam</span> <span class='ocrx_word' id='word_1_213' title='bbox 954 2855 1095 2937; x_wconf 89' lang='lat' dir='ltr'>debebat,</span> <span class='ocrx_word' id='word_1_214' title='bbox 1123 2857 1191 2936; x_wconf 90' lang='lat' dir='ltr'>qnia</span> <span class='ocrx_word' id='word_1_215' title='bbox 1215 2860 1370 2921; x_wconf 81' lang='lat' dir='ltr'>invenerat</span> 
     </span>
     <span class='ocr_line' id='line_1_28' title="bbox 363 2945 1368 3025; baseline -0.001 -16"><span class='ocrx_word' id='word_1_216' title='bbox 363 2956 488 3009; x_wconf 88' lang='lat' dir='ltr'>aetatem</span> <span class='ocrx_word' id='word_1_217' title='bbox 517 2946 653 3007; x_wconf 88' lang='lat' dir='ltr'>idoneam</span> <span class='ocrx_word' id='word_1_218' title='bbox 682 2947 865 3025; x_wconf 90' lang='lat' dir='ltr'>generationi</span> <span class='ocrx_word' id='word_1_219' title='bbox 896 2945 1038 3025; x_wconf 89' lang='lat' dir='ltr'>fliiorum,</span> <span class='ocrx_word' id='word_1_220' title='bbox 1068 2954 1191 3024; x_wconf 86' lang='lat' dir='ltr'>propter</span> <span class='ocrx_word' id='word_1_221' title='bbox 1218 2963 1306 3025; x_wconf 87' lang='lat' dir='ltr'>qnam</span> <span class='ocrx_word' id='word_1_222' title='bbox 1336 2951 1368 3008; x_wconf 91' lang='lat' dir='ltr'>in</span> 
     </span>
     <span class='ocr_line' id='line_1_29' title="bbox 363 3032 1368 3115; baseline -0.001 -18"><span class='ocrx_word' id='word_1_223' title='bbox 363 3036 426 3097; x_wconf 89' lang='lat' dir='ltr'>aliis</span> <span class='ocrx_word' id='word_1_224' title='bbox 449 3042 568 3096; x_wconf 90' lang='lat' dir='ltr'>centum</span> <span class='ocrx_word' id='word_1_225' title='bbox 596 3032 661 3093; x_wconf 88' lang='lat' dir='ltr'>illos</span> <span class='ocrx_word' id='word_1_226' title='bbox 684 3051 790 3114; x_wconf 73' lang='lat' dir='ltr'>annoS,</span> <span class='ocrx_word' id='word_1_227' title='bbox 817 3034 869 3094; x_wconf 92' lang='lat' dir='ltr'>ubi</span> <span class='ocrx_word' id='word_1_228' title='bbox 896 3052 961 3094; x_wconf 88' lang='lat' dir='ltr'>eam</span> <span class='ocrx_word' id='word_1_229' title='bbox 988 3051 1048 3093; x_wconf 94' lang='lat' dir='ltr'>non</span> <span class='ocrx_word' id='word_1_230' title='bbox 1071 3033 1250 3115; x_wconf 88' lang='lat' dir='ltr'>inveniebat,</span> <span class='ocrx_word' id='word_1_231' title='bbox 1280 3034 1368 3097; x_wconf 91' lang='lat' dir='ltr'>adde·</span> 
     </span>
    </p>
   </div>
   <div class='ocr_carea' id='block_1_7' title="bbox 363 3121 1470 3200">
    <p class='ocr_par' dir='ltr' id='par_1_7' title="bbox 363 3121 1470 3200">
     <span class='ocr_line' id='line_1_30' title="bbox 363 3121 1470 3200; baseline -0.001 -14"><span class='ocrx_word' id='word_1_232' title='bbox 363 3125 420 3186; x_wconf 92' lang='lat' dir='ltr'>bat.</span> <span class='ocrx_word' id='word_1_233' title='bbox 465 3122 527 3183; x_wconf 89' lang='lat' dir='ltr'>Hoc</span> <span class='ocrx_word' id='word_1_234' title='bbox 550 3129 648 3182; x_wconf 89' lang='lat' dir='ltr'>autem</span> <span class='ocrx_word' id='word_1_235' title='bbox 677 3121 713 3182; x_wconf 87' lang='lat' dir='ltr'>de</span> <span class='ocrx_word' id='word_1_236' title='bbox 742 3123 844 3200; x_wconf 88' lang='lat' dir='ltr'>viginti</span> <span class='ocrx_word' id='word_1_237' title='bbox 866 3124 951 3182; x_wconf 86' lang='lat' dir='ltr'>aunis</span> <span class='ocrx_word' id='word_1_238' title='bbox 974 3123 1079 3182; x_wconf 89' lang='lat' dir='ltr'>merito</span> <span class='ocrx_word' id='word_1_239' title='bbox 1102 3131 1274 3200; x_wconf 91' lang='lat' dir='ltr'>putaremus</span> <span class='ocrx_word' id='word_1_240' title='bbox 1297 3142 1369 3185; x_wconf 85' lang='lat' dir='ltr'>casu</span> <span class='ocrx_word' id='word_1_241' title='bbox 1469 3132 1470 3137; x_wconf 77' lang='grc'>’</span> 
     </span>
    </p>
   </div>
   <div class='ocr_carea' id='block_1_8' title="bbox 309 3209 1371 3469">
    <p class='ocr_par' dir='ltr' id='par_1_8' title="bbox 309 3209 1371 3469">
     <span class='ocr_line' id='line_1_31' title="bbox 309 3209 1369 3291; baseline -0.004 -14"><span class='ocrx_word' id='word_1_242' title='bbox 309 3228 345 3277; x_wconf 78' lang='lat' dir='ltr'>co</span> <span class='ocrx_word' id='word_1_243' title='bbox 365 3212 568 3274; x_wconf 89' lang='lat' dir='ltr'>mendositatis</span> <span class='ocrx_word' id='word_1_244' title='bbox 582 3209 716 3271; x_wconf 88' lang='lat' dir='ltr'>accidere</span> <span class='ocrx_word' id='word_1_245' title='bbox 730 3212 872 3291; x_wconf 88' lang='lat' dir='ltr'>potuisse,</span> <span class='ocrx_word' id='word_1_246' title='bbox 886 3212 943 3271; x_wconf 86' lang='lat' dir='ltr'>nisi</span> <span class='ocrx_word' id='word_1_247' title='bbox 962 3227 1022 3290; x_wconf 90' lang='lat' dir='ltr'>cos,</span> <span class='ocrx_word' id='word_1_248' title='bbox 1035 3211 1113 3270; x_wconf 91' lang='lat' dir='ltr'>sicut</span> <span class='ocrx_word' id='word_1_249' title='bbox 1130 3213 1215 3290; x_wconf 93' lang='lat' dir='ltr'>prius</span> <span class='ocrx_word' id='word_1_250' title='bbox 1233 3210 1369 3273; x_wconf 81' lang='lat' dir='ltr'>detraxe·</span> 
     </span>
     <span class='ocr_line' id='line_1_32' title="bbox 363 3301 1369 3383; baseline -0.001 -21"><span class='ocrx_word' id='word_1_251' title='bbox 363 3310 418 3383; x_wconf 92' lang='lat' dir='ltr'>rat,</span> <span class='ocrx_word' id='word_1_252' title='bbox 440 3303 600 3361; x_wconf 90' lang='lat' dir='ltr'>restituere</span> <span class='ocrx_word' id='word_1_253' title='bbox 623 3307 725 3377; x_wconf 90' lang='lat' dir='ltr'>postca</span> <span class='ocrx_word' id='word_1_254' title='bbox 755 3306 888 3380; x_wconf 91' lang='lat' dir='ltr'>curaret,</span> <span class='ocrx_word' id='word_1_255' title='bbox 920 3306 952 3359; x_wconf 92' lang='lat' dir='ltr'>ut</span> <span class='ocrx_word' id='word_1_256' title='bbox 975 3315 1106 3358; x_wconf 88' lang='lat' dir='ltr'>summae</span> <span class='ocrx_word' id='word_1_257' title='bbox 1129 3301 1301 3360; x_wconf 87' lang='lat' dir='ltr'>conveniret</span> <span class='ocrx_word' id='word_1_258' title='bbox 1323 3303 1369 3361; x_wconf 93' lang='lat' dir='ltr'>in·</span> 
     </span>
     <span class='ocr_line' id='line_1_33' title="bbox 362 3386 1371 3469; baseline -0.001 -18"><span class='ocrx_word' id='word_1_259' title='bbox 362 3391 492 3468; x_wconf 88' lang='lat' dir='ltr'>tegritas.</span> <span class='ocrx_word' id='word_1_260' title='bbox 538 3388 583 3448; x_wconf 80' lang='lat' dir='ltr'>An</span> <span class='ocrx_word' id='word_1_261' title='bbox 611 3387 688 3447; x_wconf 89' lang='lat' dir='ltr'>iorte</span> <span class='ocrx_word' id='word_1_262' title='bbox 715 3389 841 3447; x_wconf 89' lang='lat' dir='ltr'>astutius</span> <span class='ocrx_word' id='word_1_263' title='bbox 864 3388 974 3448; x_wconf 89' lang='lat' dir='ltr'>iactum</span> <span class='ocrx_word' id='word_1_264' title='bbox 998 3386 1223 3448; x_wconf 84' lang='lat' dir='ltr'>existimandum</span> <span class='ocrx_word' id='word_1_265' title='bbox 1245 3396 1306 3469; x_wconf 90' lang='lat' dir='ltr'>est,</span> <span class='ocrx_word' id='word_1_266' title='bbox 1336 3398 1371 3450; x_wconf 94' lang='lat' dir='ltr'>ut</span> 
     </span>
    </p>
   </div>
   <div class='ocr_carea' id='block_1_9' title="bbox 434 3510 666 3580">
    <p class='ocr_par' dir='ltr' id='par_1_9' title="bbox 434 3510 666 3580">
     <span class='ocr_line' id='line_1_34' title="bbox 434 3510 666 3580; baseline -0.004 -16"><span class='ocrx_word' id='word_1_267' title='bbox 434 3510 666 3580; x_wconf 52' lang='lat' dir='ltr'>mmmm</span> 
     </span>
    </p>
   </div>
   <div class='ocr_carea' id='block_1_10' title="bbox 361 3630 1371 3844">
    <p class='ocr_par' dir='ltr' id='par_1_10' title="bbox 361 3630 1371 3844">
     <span class='ocr_line' id='line_1_35' title="bbox 434 3630 1371 3702; baseline 0 -14"><span class='ocrx_word' id='word_1_268' title='bbox 434 3641 449 3688; x_wconf 79' lang='lat'><strong>5</strong></span> <span class='ocrx_word' id='word_1_269' title='bbox 468 3634 498 3688; x_wconf 90' lang='lat' dir='ltr'>id</span> <span class='ocrx_word' id='word_1_270' title='bbox 512 3631 562 3690; x_wconf 77' lang='lat' dir='ltr'>ooo.</span> <span class='ocrx_word' id='word_1_271' title='bbox 575 3633 713 3690; x_wconf 86' lang='lat' dir='ltr'>Rab¹c¹o</span> <span class='ocrx_word' id='word_1_272' title='bbox 728 3633 773 3702; x_wconf 74' lang='lat' dir='ltr'>(cs.</span> <span class='ocrx_word' id='word_1_273' title='bbox 784 3636 916 3701; x_wconf 79' lang='lat'>595‚17);</span> <span class='ocrx_word' id='word_1_274' title='bbox 935 3632 967 3687; x_wconf 84' lang='lat' dir='ltr'>id</span> <span class='ocrx_word' id='word_1_275' title='bbox 979 3632 1010 3686; x_wconf 82' lang='lat' dir='ltr'>in</span> <span class='ocrx_word' id='word_1_276' title='bbox 1025 3630 1196 3702; x_wconf 81' lang='lat' dir='ltr'>VAFb¹c¹p</span> <span class='ocrx_word' id='word_1_277' title='bbox 1208 3633 1218 3702; x_wconf 81' lang='grc' dir='ltr'>ΙΙ</span> <span class='ocrx_word' id='word_1_278' title='bbox 1230 3648 1288 3687; x_wconf 88' lang='lat' dir='ltr'>non</span> <span class='ocrx_word' id='word_1_279' title='bbox 1300 3649 1371 3699; x_wconf 62' lang='lat' dir='ltr'>oum</span> 
     </span>
     <span class='ocr_line' id='line_1_36' title="bbox 361 3703 1370 3775; baseline -0.002 -15"><span class='ocrx_word' id='word_1_280' title='bbox 361 3706 393 3761; x_wconf 88' lang='lat' dir='ltr'>id</span> <span class='ocrx_word' id='word_1_281' title='bbox 410 3723 466 3760; x_wconf 91' lang='lat' dir='ltr'>non</span> <span class='ocrx_word' id='word_1_282' title='bbox 484 3708 522 3775; x_wconf 80' lang='grc' dir='ltr'>υΙΙ</span> <span class='ocrx_word' id='word_1_283' title='bbox 537 3711 552 3759; x_wconf 88' lang='grc'><strong>6</strong></span> <span class='ocrx_word' id='word_1_284' title='bbox 571 3707 667 3760; x_wconf 84' lang='lat' dir='ltr'>monet</span> <span class='ocrx_word' id='word_1_285' title='bbox 681 3705 708 3759; x_wconf 80' lang='lat' dir='ltr'><em>R</em></span> <span class='ocrx_word' id='word_1_286' title='bbox 722 3707 828 3773; x_wconf 80' lang='lat' dir='ltr'>(propr.</span> <span class='ocrx_word' id='word_1_287' title='bbox 839 3720 869 3771; x_wconf 80' lang='lat' dir='ltr'>p.</span> <span class='ocrx_word' id='word_1_288' title='bbox 880 3708 924 3772; x_wconf 84' lang='lat'>8);</span> <span class='ocrx_word' id='word_1_289' title='bbox 942 3706 1037 3758; x_wconf 80' lang='lat' dir='ltr'>mouet</span> <span class='ocrx_word' id='word_1_290' title='bbox 1055 3720 1109 3758; x_wconf 84' lang='lat' dir='ltr'>mcc</span> <span class='ocrx_word' id='word_1_291' title='bbox 1125 3703 1184 3759; x_wconf 77' lang='lat' dir='ltr'>reti.</span> <span class='ocrx_word' id='word_1_292' title='bbox 1202 3721 1219 3758; x_wconf 90' lang='lat' dir='ltr'>o</span> <span class='ocrx_word' id='word_1_293' title='bbox 1231 3705 1241 3774; x_wconf 75' lang='grc' dir='ltr'>ΙΙ</span> <span class='ocrx_word' id='word_1_294' title='bbox 1255 3709 1271 3757; x_wconf 85' lang='grc'>9</span> <span class='ocrx_word' id='word_1_295' title='bbox 1289 3703 1370 3758; x_wconf 84' lang='lat' dir='ltr'>inred</span> 
     </span>
     <span class='ocr_line' id='line_1_37' title="bbox 369 3773 1274 3844; baseline -0.003 -11"><span class='ocrx_word' id='word_1_296' title='bbox 369 3777 474 3844; x_wconf 83' lang='lat' dir='ltr'>V¹Fe3</span> <span class='ocrx_word' id='word_1_297' title='bbox 492 3777 565 3831; x_wconf 79' lang='lat' dir='ltr'>iareb</span> <span class='ocrx_word' id='word_1_298' title='bbox 584 3775 687 3843; x_wconf 81' lang='lat' dir='ltr'>V²Ao;</span> <span class='ocrx_word' id='word_1_299' title='bbox 706 3773 798 3829; x_wconf 81' lang='lat' dir='ltr'>iercib</span> <span class='ocrx_word' id='word_1_300' title='bbox 816 3773 956 3843; x_wconf 79' lang='lat' dir='ltr'>RGap¹o</span> <span class='ocrx_word' id='word_1_301' title='bbox 970 3776 979 3844; x_wconf 70' lang='lat' dir='ltr'>lt</span> <span class='ocrx_word' id='word_1_302' title='bbox 994 3779 1027 3828; x_wconf 91' lang='lat'>10</span> <span class='ocrx_word' id='word_1_303' title='bbox 1045 3789 1132 3828; x_wconf 82' lang='lat' dir='ltr'>annos</span> <span class='ocrx_word' id='word_1_304' title='bbox 1150 3791 1201 3830; x_wconf 86' lang='lat' dir='ltr'>om.</span> <span class='ocrx_word' id='word_1_305' title='bbox 1220 3791 1274 3830; x_wconf 81' lang='lat' dir='ltr'>mos</span> 
     </span>
    </p>
   </div>
   <div class='ocr_carea' id='block_1_11' title="bbox 0 0 1647 4459">
    <p class='ocr_par' dir='ltr' id='par_1_11' title="bbox 0 0 1647 4459">
     <span class='ocr_line' id='line_1_38' title="bbox 0 0 1647 4459; baseline 0 0"><span class='ocrx_word' id='word_1_306' title='bbox 0 0 1647 4459; x_wconf 95' lang='lat' dir='ltr'> </span> 
     </span>
    </p>
   </div>
  </div>
 </body>
</html>
