3284 4459
571 509 611 549 ou
625 508 769 549 omasus
782 509 837 549 mm
851 509 876 549 u.
890 510 940 551 xx.
954 510 977 551 o.
991 512 1023 549 24.
1232 496 1296 560 467

293 641 329 701 de
353 642 411 703 line
439 642 528 703 huius
556 643 666 703 saeculi
693 646 878 722 apertissime
901 643 942 703 ibi
965 644 1077 705 dietum
1100 654 1159 726 est,
1188 660 1297 725 nequa-

293 748 382 808 otiam
410 729 528 791 silentio
556 730 733 810 praeteribo.
779 733 935 808 Principio
959 741 1074 794 terrum
1098 742 1130 795 tu
1150 733 1298 816 fundasti,

293 820 428 894 Domine,
449 827 479 881 ct
496 837 591 895 opero
608 837 752 881 munuum
771 828 893 880 tuorum
915 830 987 881 sunt
1003 826 1100 883 coeli·
1132 824 1198 899 Ipsi
1214 826 1297 899 peri·

293 909 380 981 bunt,
411 914 445 968 tu
479 915 579 968 autem
602 926 782 984 permcnes;
809 917 841 969 et
866 926 966 970 omnes
992 914 1073 971 sicut
1094 914 1298 975 uestimentum
1351 946 1354 959 ι

291 1003 486 1070 veterescent,
510 1003 539 1056 et
555 1000 636 1057 sieut
653 1001 838 1073 opertorium
855 999 984 1059 mutabis
1007 1016 1065 1079 eos,
1089 1006 1119 1060 et
1139 1001 1331 1062 metopon-a

293 1091 361 1154 tor;
388 1091 421 1144 tu
448 1092 548 1145 autem
575 1088 654 1146 idem
682 1088 746 1161 ipse
772 1104 816 1161 es,
849 1092 879 1147 et
901 1089 977 1147 anui
998 1090 1045 1147 tui
1065 1104 1126 1148 non
1150 1090 1297 1162 deficient.

295 1171 371 1243 Quid
395 1180 442 1232 est
464 1173 543 1251 quod
561 1171 752 1252 Porphyrius,
775 1192 843 1233 cum
866 1175 1005 1252 pietatem
1029 1174 1128 1236 laudet
1150 1175 1297 1237 Hebraeo·

292 1278 373 1340 rum,
401 1277 458 1340 qua
486 1279 608 1340 magnus
637 1270 667 1322 et
694 1280 781 1322 verus
809 1271 839 1323 et
867 1264 939 1341 ipsis
963 1263 1133 1324 numinibus
1158 1263 1297 1325 terribilis

292 1347 329 1409 ab
356 1349 400 1409 eis
427 1349 534 1409 colitur
560 1349 656 1431 Deus,
683 1348 865 1410 Christianos
897 1350 934 1409 ob
958 1350 1014 1411 boc
1037 1354 1134 1430 arguit
1156 1355 1297 1413 maximae

293 1436 434 1497 stultitiae
462 1440 551 1498 etiam
579 1457 614 1499 ex
642 1438 768 1499 oraculis
796 1439 920 1499 deorum
944 1457 1082 1521 suorum,
1105 1440 1184 1519 quod
1207 1443 1297 1501 istum
1317 1450 1350 1498 10

292 1524 435 1586 mundum
458 1525 561 1587 dieunt
583 1544 649 1587 esse
672 1522 861 1605 periturum?
896 1526 973 1587 Ecce
996 1530 1026 1587 in
1050 1528 1156 1589 litteris
1179 1531 1297 1608 pietatis

292 1612 494 1674 Hebraeorum
513 1614 622 1675 dicitur
639 1614 710 1695 Deo,
732 1632 821 1693 quem
841 1616 999 1676 confitente
1019 1624 1099 1677 tanto
1123 1616 1297 1697 philosopho
1373 1622 1374 1629 ’

292 1704 381 1762 etiam
399 1704 462 1780 ipsa
481 1706 600 1763 numina
618 1702 864 1782 perhorrescunt:
891 1704 992 1779 Opera
1009 1722 1151 1766 monum
1175 1712 1298 1767 tuorum

291 1797 363 1850 sunt
393 1795 486 1865 coeli,
516 1794 575 1866 ipsi
601 1794 772 1869 peribunt..
799 1790 948 1870 Numquid
977 1793 1094 1871 quando
1125 1794 1197 1854 caeli
1219 1797 1296 1873 peri·

292 1877 380 1957 bum,
410 1879 551 1960 mundus,
574 1881 658 1939 euius
681 1880 760 1939 idem
783 1880 856 1941 caeli
879 1883 1016 1959 superior
1038 1900 1107 1960 pars
1131 1892 1176 1943 est
1199 1891 1229 1943 et
1251 1891 1296 1943 tu·
1318 1892 1350 1939 to

293 1969 360 2047 tior,
383 1984 443 2027 uon
466 1963 595 2045 peribit?
632 1966 664 2026 Si
686 1967 759 2027 baec
782 1971 928 2035 sententia
952 1967 1012 2029 lovi
1035 1969 1179 2051 displicet,
1203 1973 1297 2052 cuius,

293 2063 327 2115 ut
357 2054 461 2115 scribit
491 2058 547 2115 iste
579 2054 789 2135 philosophus,
826 2056 906 2116 velut
937 2059 1080 2135 gravioris
1114 2061 1296 2119 auctoritatis

292 2143 411 2203 oraculo
443 2145 474 2203 in
503 2142 737 2203 Christianorum
770 2143 943 2205 credulitate
972 2143 1121 2223 culpatur:
1154 2164 1208 2206 cur
1238 2165 1296 2208 nou

293 2231 428 2291 similiter
456 2234 627 2311 sapientiam
654 2240 803 2310 tamquam
836 2232 990 2293 stultitiam
1019 2233 1117 2311 culpat
1149 2233 1295 2294 Hebraeo·

292 2337 373 2395 rum,
399 2322 430 2379 in
453 2337 580 2397 quorum
607 2318 690 2380 libris
717 2322 858 2399 piissimis
886 2317 1056 2383 invenitur?
1100 2320 1194 2381 Porro
1218 2324 1243 2382 si
1265 2324 1295 2382 in
1315 2331 1349 2379 uo

292 2408 341 2467 illa
364 2410 515 2487 sapientia,
539 2426 613 2485 quae
632 2407 794 2488 Porphyrio
818 2417 877 2469 tam
901 2407 1026 2470 multum
1048 2408 1154 2489 placet,
1177 2418 1210 2471 ut
1233 2428 1297 2470 eam

292 2496 417 2557 deorum
445 2514 562 2574 quoque
592 2514 714 2557 suorum
738 2496 860 2557 vocibus
882 2495 1046 2579 praedicet,
1069 2496 1177 2577 legitur
1201 2498 1297 2559 caelos

293 2603 359 2645 esse
382 2586 544 2663 perituros:
572 2602 626 2645 our
654 2603 747 2663 usque
771 2585 844 2646 adeo
868 2603 940 2646 vana
964 2593 1010 2646 est
1032 2588 1088 2647 ista
1111 2586 1236 2668 fallacia,
1265 2596 1297 2647 ut

293 2674 323 2733 in
355 2671 412 2732 lide
441 2671 673 2733 Christianorum
706 2673 751 2733 rel
783 2676 862 2734 inter
889 2682 987 2734 cetera
1014 2673 1060 2734 rel
1087 2693 1158 2754 prae
1188 2678 1295 2735 ceteris

291 2760 350 2821 boc
376 2760 574 2834 detestentur,
605 2761 682 2839 quod
710 2763 741 2821 in
769 2779 803 2820 ea
830 2764 982 2840 periturus
1005 2762 1137 2824 creditur
1160 2764 1296 2844 mundus,
1315 2772 1349 2821 25

294 2867 352 2927 quo
380 2851 484 2927 utique
509 2851 567 2909 nisi
593 2857 737 2928 pereunte
765 2849 837 2909 caeli
866 2852 964 2929 perire
987 2868 1046 2910 non
1070 2847 1216 2929 possunt?
1260 2851 1298 2913 Et

292 2939 325 2997 in
346 2937 453 2997 litteris
477 2936 595 3015 quidem
618 2939 723 3017 saeris,
747 2956 821 3016 quae
845 2940 964 3017 proprie
989 2948 1106 3000 nostrae
1130 2950 1214 3021 sunt,
1238 2958 1297 3001 non

293 3023 435 3085 Hebraeis
467 3023 611 3104 nobisque
643 3043 830 3107 communes,
861 3026 890 3085 id
923 3034 969 3086 est
999 3029 1030 3087 in
1063 3029 1236 3108 evangelicis
1269 3037 1298 3088 et

293 3112 571 3192 apostolicis'libris
599 3113 720 3193 legitur:
753 3114 909 3175 Praeterit
932 3118 1037 3190 tipuro
1065 3118 1154 3178 butus
1176 3118 1297 3187 munde]

293 3200 415 3280 legitur:
438 3202 572 3263 Mundus
595 3205 706 3262 transit
711 3223 724 3273 ,·
745 3201 867 3281 legitur:
894 3204 1014 3263 Ocelum
1037 3210 1067 3264 et
1088 3211 1175 3265 terro
1198 3212 1296 3265 truns—
1317 3213 1350 3262 30

294 3292 387 3351 ibunt.
434 3289 492 3349 Sed
510 3298 596 3372 puto,
619 3289 697 3369 quod
717 3294 882 3369 praeterit,
906 3294 1029 3364 tramit,
1053 3293 1227 3352 transibunt
1248 3291 1297 3351 ali·

294 3385 405 3457 quanto
437 3379 539 3438 mitius
570 3378 648 3439 dicta
680 3387 750 3439 sunt
789 3396 876 3457 quam
902 3380 1055 3455 peribunt.
1110 3379 1142 3438 lu
1174 3380 1299 3458 epistula

364 3516 391 3580 o)
409 3512 453 3569 Pa.
475 3518 534 3579 101,
553 3519 586 3567 aa
606 3530 664 3581 sqq.
703 3515 746 3580 11)
760 3512 801 3568 of.
819 3512 838 3565 1.
859 3517 892 3566 19
911 3528 935 3567 e.
949 3518 991 3567 m.
1029 3514 1073 3580 ao)
1094 3520 1117 3567 1.
1132 3510 1192 3568 eor.
1213 3519 1238 3583 a,
1255 3519 1298 3567 m.

292 3584 439 3652 so)1.10.
459 3590 491 3651 a,
511 3589 543 3637 17
590 3587 634 3652 31)
653 3584 702 3638 Mt.
722 3590 764 3652 m,
782 3589 826 3639 so.

363 3773 380 3820 t
403 3769 576 3821 veterescent
594 3778 655 3821 *iou
673 3770 683 3838 ΙΙ
702 3772 734 3820 15
753 3766 874 3823 iidemu
892 3770 901 3837 ll
920 3774 954 3822 24
972 3768 1016 3823 vel
1033 3770 1146 3838 praeter
1165 3772 1258 3825 celero
1275 3772 1303 3825 A

1039 3858 1091 3912 30*
