3284 4459
506 559 546 600 na
560 558 808 601 mmnsannmn
822 557 910 598 xvna
925 556 1042 599 aum.
1215 539 1283 606 325

272 693 384 772 lerum,
420 693 490 770 quia
518 700 548 752 ει
574 694 632 770 ipsi
658 710 694 751 ex
721 693 870 771 utrisque,
904 690 934 751 itl
957 700 1005 753 est
1026 709 1063 751 ex
1085 688 1228 750 llebraeis
1251 698 1283 751 et

273 799 310 842 ea
334 781 539 861 Septuaginta,
568 782 735 842 testimonia
758 779 931 859 prophetica
953 777 1132 860 posuerunt,
1154 787 1283 858 utraque

274 872 450 932 auctoritate
478 868 622 930 nitendum
649 871 761 949 putavi,
788 870 928 946 quoniam
957 877 1083 946 utraque
1112 875 1284 945 uniatque

274 959 371 1020 divina
390 966 444 1018 est
477 956 535 1018 Sed
553 959 612 1018 iam
631 975 706 1036 quae
725 965 849 1037 restant,
863 964 899 1016 ut
910 971 1077 1035 possumus,
1091 971 1283 1033 exequamur.

660 1143 776 1212 onear
799 1145 898 1215 XLV.
1302 1161 1317 1207 a

280 1277 368 1348 Quod
381 1281 451 1351 post
468 1277 719 1334 instaurationem
744 1277 846 1350 tevtpii
859 1275 1025 1350 propbetas
1043 1271 1155 1333 Iudaei
1170 1273 1285 1334 babere

276 1367 447 1424 destiterint
469 1370 499 1424 et
521 1364 633 1423 exinde
655 1379 749 1437 usque
772 1364 816 1424 od
836 1365 1024 1422 nativitatem
1055 1361 1169 1421 Christi
1190 1364 1282 1421 eonti-

299 1455 369 1512 nuis
392 1451 627 1512 adversitatibus
648 1454 709 1510 sint
732 1449 850 1529 afflicti,
873 1456 907 1510 ut
924 1450 1113 1526 probaretur
1135 1451 1263 1509 alterius

362 1542 463 1615 templi
485 1541 728 1612 aedificationem
747 1540 934 1615 propheticis
956 1538 1079 1599 vocibus
1098 1534 1198 1612 fuisse

684 1630 873 1703 promissam.
1304 1636 1335 1685 lo

367 1749 579 1830 Posteaquam
603 1768 676 1829 gens
694 1749 800 1810 ludaea
824 1752 922 1829 eoepit
944 1767 1004 1810 non
1027 1748 1137 1810 habere
1158 1748 1285 1830 pmpbe·

277 1849 339 1921 tas,
365 1838 470 1919 procul
492 1838 582 1900 dubio
610 1837 740 1898 deterior
763 1839 839 1898 iacta
861 1847 921 1917 est,
948 1856 985 1898 ea
1007 1837 1121 1899 esiliam
1143 1849 1286 1918 tempore,

277 1946 339 2007 quo
362 1945 394 1988 se
417 1926 554 2007 sperabat
572 1929 736 1987 instaurato
759 1927 869 2005 templo
891 1934 959 2005 post
981 1927 1187 2007 captivitatem,
1210 1943 1285 2005 quae

279 2017 336 2078 luit
357 2018 387 2076 in
406 2014 573 2096 babylonia,
596 2016 727 2075 luituram
744 2033 810 2074 esse
829 2014 990 2075 meliorem.
1036 2013 1086 2075 Sia
1109 2016 1218 2093 quippe
1241 2015 1285 2073 in·

279 2103 436 2182 tellegebat
468 2103 596 2183 populus
624 2102 671 2163 ille
695 2101 837 2183 earnalis,
870 2102 948 2181 quod
970 2104 1209 2182 praenuntiatum
1240 2111 1287 2163 est
1305 2113 1337 2162 aa

171 2204 172 2212 ’
278 2211 333 2272 per
365 2185 513 2270 bggaeum
544 2191 718 2270 prophetam
750 2190 911 2251 dicentem:
948 2191 1066 2266 Magna
1094 2194 1156 2250 erit
1183 2193 1287 2266 glorio

278 2284 384 2343 domus
417 2283 502 2340 istius
534 2283 726 2351 novissimae,
754 2282 826 2355 plus
857 2296 947 2354 quom
973 2282 1110 2355 primoe,·
1140 2278 1220 2356 quod
1249 2278 1286 2338 de

279 2387 355 2429 novo
379 2376 555 2429 testamento
573 2368 685 2427 dietum
708 2384 775 2426 esse
798 2366 886 2445 paulo
908 2368 1046 2446 superius
1068 2364 1287 2447 demonstravit,

279 2456 332 2517 ubi
359 2458 400 2517 ait
432 2464 532 2535 aperte
561 2453 711 2515 Christum
743 2457 933 2533 promittens:
966 2455 1006 2514 Et
1033 2454 1154 2516 movebo
1185 2469 1287 2515 omnes

277 2552 392 2620 pentes,
415 2551 446 2604 et
466 2547 564 2606 veniet
586 2546 777 2605 desideratus
799 2545 919 2603 eunetis
938 2543 1087 2618 pentibus.
1132 2540 1198 2612 Quo
1220 2540 1286 2603 losa
1304 2553 1339 2602 ao

281 2634 466 2712 septuaginta
488 2633 668 2710 interpretes
686 2631 775 2691 alitam
798 2648 920 2691 sensum
943 2632 1034 2708 magis
1057 2632 1175 2709 camari
1199 2647 1286 2708 quam

280 2723 384 2800 capiti,
412 2719 468 2780 hoo
491 2729 538 2780 est
560 2722 652 2798 magis
675 2719 816 2780 ecelesiae
840 2737 929 2798 quam
952 2717 1083 2798 Christo,
1110 2720 1286 2779 convenien-

269 2818 342 2869 -tem
364 2807 536 2889 prophetica
560 2810 734 2868 auctoritate
757 2807 909 2868 dixerunt:
944 2807 1068 2868 Venient
1089 2824 1169 2882 quae
1190 2810 1288 2868 eleeto

280 2905 353 2960 sunt
371 2897 494 2958 Domini
511 2898 549 2958 de
571 2899 689 2957 eunetis
704 2897 854 2971 pentibus,
876 2895 906 2955 id
930 2905 976 2956 est
998 2893 1140 2975 homines,
1163 2893 1200 2954 de
1223 2897 1287 2974 qui·

281 2985 338 3046 bus
361 2987 424 3064 ipse
447 2983 531 3046 lesus
553 2986 583 3045 in
607 2983 770 3062 evangelio:
800 2984 903 3056 Multi,
926 2986 1036 3065 inquit,
1059 2987 1171 3058 vocati,
1190 2987 1289 3060 pauoi
1306 2995 1340 3046 ab

281 3091 353 3135 vero
381 3075 476 3134 electi.
528 3071 647 3132 Talibus
675 3074 753 3132 enim
780 3071 883 3133 electis
910 3073 1042 3150 gentium
1074 3070 1180 3133 domus
1210 3072 1288 3133 aedi·

281 3163 388 3222 tloatur
415 3159 469 3221 bei
491 3179 545 3239 per
568 3168 775 3220 testamentum
799 3177 907 3220 novum
929 3159 1075 3239 lapidibus
1097 3163 1179 3241 alvis,
1201 3159 1287 3239 longe

281 3250 452 3329 gloriosior,
480 3266 566 3326 quam
595 3248 736 3327 templum
760 3247 831 3308 illud
860 3249 928 3327 ituit,
956 3249 1034 3326 qtrod
1066 3266 1082 3308 a
1115 3265 1183 3328 rege
1207 3247 1287 3309 Salo·

282 3355 370 3398 mnne
400 3346 605 3396 constructum
635 3346 680 3396 est
709 3346 739 3397 et
765 3346 833 3414 post
863 3339 1060 3414 captivitatem
1082 3338 1287 3396 instauratum.

282 3425 409 3506 Propter
440 3424 495 3485 hoa
524 3442 595 3502 ergo
624 3441 679 3484 nea
706 3424 866 3503 propbetas
893 3442 929 3484 ex
958 3424 1007 3484 illo
1030 3435 1163 3502 tempore
1186 3422 1290 3484 habuit
1307 3435 1341 3484 eo

283 3513 332 3574 illa
354 3530 427 3591 gens
445 3520 476 3572 et
494 3510 594 3572 multis
614 3511 746 3574 cladibus
764 3512 872 3573 alllicta
891 3520 938 3572 est
959 3512 996 3572 ab
1019 3511 1190 3588 alienigenis
1213 3513 1287 3589 regi·

277 3601 339 3662 bus
362 3602 494 3679 ipsisque
518 3599 666 3680 Romanis,
689 3617 726 3660 ne
750 3599 825 3660 hane
848 3602 956 3678 Aggaei
978 3599 1164 3679 prophetiam
1186 3602 1217 3660 in
1240 3597 1289 3659 illa

282 3690 497 3756 instauratione
520 3688 622 3768 templi
645 3691 817 3768 opinaretur
840 3687 997 3767 impletam.

354 3822 917 3892 mmamammmm
