3284 4459
572 542 614 582 mr
627 541 771 583 omma
783 542 837 582 nm
851 542 876 582 n.
890 543 964 584 xvn„
979 543 1002 584 c.
1016 545 1035 584 r.
1242 527 1305 591 221

297 686 370 748 tum
392 685 427 736 ut
446 677 501 736 hoc
520 675 708 755 intellegatur
727 679 765 737 de
782 694 874 736 manu
894 685 957 756 tua,
981 676 1059 756 quod
1079 687 1123 738 est
1142 680 1181 738 nh
1201 679 1308 739 Israel.

298 765 404 844 Populi
431 781 503 842 ergo
533 763 623 824 Israel
646 782 803 843 personam
827 765 950 842 figurate
975 765 1095 843 gerebat
1127 766 1214 825 homo
1242 769 1308 848 iste,

298 857 350 932 quii
369 853 496 932 populus
515 871 640 931 regnum
658 853 755 912 luerat
774 856 946 933 amissurus,
966 853 1083 914 Christo
1097 853 1165 914 Iesu
1185 854 1308 915 Domino

299 951 402 1001 nostro
426 960 480 1020 per
503 959 610 1001 novum
634 951 843 1002 testamentum
867 959 926 1001 non
950 942 1122 1022 carnaliter,
1146 942 1197 1002 sed
1222 946 1307 1022 spiri-

298 1030 397 1090 taliter
430 1037 598 1108 regnaturo.
644 1029 686 1088 lle
718 1048 776 1106 qrro
805 1047 873 1089 cum
902 1029 1022 1090 dicitur:
1056 1032 1096 1090 Et
1122 1034 1207 1092 dabit
1234 1035 1344 1092 illude

296 1121 440 1195 proximo
464 1125 523 1192 tue,
547 1117 581 1177 acl
601 1119 699 1177 carnis
718 1121 922 1196 cognationem
947 1118 976 1178 id
997 1119 1139 1199 refertum
1163 1138 1199 1179 ex
1218 1119 1309 1180 lsrael

298 1209 379 1266 enim
408 1205 544 1266 Christus
573 1205 737 1265 secundum
766 1223 900 1286 carnem,
932 1206 1010 1266 unde
1038 1216 1068 1268 et
1099 1206 1177 1267 Saul.
1223 1208 1308 1278 Quod

298 1313 369 1354 vero
393 1293 524 1354 additum
548 1302 608 1354 est:
630 1296 706 1354 bono
729 1313 823 1370 super
846 1302 890 1368 te,
914 1303 1012 1374 potest
1036 1295 1153 1374 quidem
1178 1297 1309 1374 intellegi

297 1382 437 1465 „meliori
469 1378 532 1462 te“;
565 1400 631 1442 nam
659 1391 691 1442 et
716 1384 836 1460 qtridam
864 1385 906 1442 sic
934 1393 1004 1444 sunt
1033 1386 1233 1463 interpretati,
1256 1383 1308 1444 sed

299 1473 405 1532 melius
433 1473 475 1531 sic
503 1473 647 1550 accipitur
674 1473 751 1532 bono
778 1489 871 1550 super
899 1479 940 1545 te,
973 1480 1017 1549 ut,
1045 1474 1112 1550 quia
1139 1471 1188 1532 ille
1212 1471 1308 1532 honus
1329 1485 1361 1532 tu

298 1570 359 1641 est,
391 1560 458 1620 ideo
491 1562 529 1620 sit
561 1577 652 1638 super
683 1567 726 1640 te,
757 1561 843 1620 iuxta
876 1559 948 1619 illud
978 1559 1056 1619 aliud
1088 1560 1309 1639 propheticum:

299 1651 404 1710 Donec
429 1666 541 1724 ponam
568 1665 669 1709 omnes
697 1651 833 1709 inimicos
861 1655 928 1708 tuor
950 1649 1155 1724 subpeditare
1180 1654 1256 1720 tuts;
1278 1652 1309 1708 in

299 1737 409 1816 quihus
432 1746 478 1796 est
500 1746 536 1797 ct
553 1736 658 1816 lsrael,
682 1739 731 1796 cui
754 1755 808 1796 suo
831 1739 1017 1815 persecutori
1040 1755 1165 1816 regnum
1189 1737 1310 1798 abstulit

300 1826 449 1905 Christus3
486 1827 618 1903 qrramvis
648 1825 739 1885 luerit
770 1825 834 1884 illio
863 1833 893 1885 et
929 1823 1033 1904 Israel,
1069 1829 1099 1886 in
1132 1845 1191 1905 quo
1223 1825 1309 1886 dolus

299 1933 359 1974 non
387 1923 463 1993 erat,
495 1913 641 1992 quoddam
669 1915 753 1991 qumi
785 1913 968 1974 frumentum
1001 1913 1117 1974 illarum
1145 1914 1362 1996 palearum31t

299 2020 367 2062 nam
396 2004 500 2080 utique
527 2002 595 2062 inde
624 2012 708 2062 erant
731 2002 878 2080 apostoli,¹
895 2001 964 2062 inde
988 2009 1032 2062 tot
1055 2011 1213 2083 martyres,
1238 2021 1310 2082 quo-

299 2109 365 2152 rum
394 2093 476 2168 prior
504 2089 685 2170 Stephanus3
713 2090 781 2150 inde
809 2098 854 2150 tot
877 2089 1034 2169 eeclesiae,
1065 2109 1137 2170 quas
1161 2091 1311 2170 apostolus

299 2177 408 2240 Paulus
441 2187 667 2257 commemorat,
700 2181 731 2238 in
765 2180 959 2238 conversione
992 2181 1058 2238 eius
1089 2180 1311 2257 magnificantes

299 2269 402 2329 Deum.

395 2355 436 2414 lle
465 2372 521 2432 qna
549 2372 582 2413 re
609 2371 669 2414 non
696 2353 798 2414 dubito
821 2354 1049 2432 intellegendum
1074 2371 1139 2415 esse
1163 2355 1241 2433 quod
1265 2375 1310 2416 se·
1328 2369 1363 2419 20

299 2449 420 2524 quitur:
444 2445 483 2502 Et
505 2445 659 2503 dividetur
676 2444 777 2502 Israel
798 2446 829 2502 in
853 2445 930 2513 duo;
952 2445 983 2502 in
1006 2441 1095 2502 lsrael
1120 2443 1233 2502 scilicet
1255 2446 1308 2503 ini-

299 2537 408 2594 micum
440 2531 557 2590 Christo
587 2539 618 2590 et
644 2529 734 2590 lsrael
762 2530 970 2590 adhaerentem
1000 2530 1131 2612 Christo,
1161 2534 1192 2590 in
1219 2531 1309 2591 lsrael

300 2621 335 2681 ad
359 2620 492 2680 ancillam
521 2627 551 2678 et
573 2618 663 2679 lsrael
691 2619 725 2678 ad
753 2618 875 2679 liberam
905 2621 1111 2697 pertinentem.
1157 2618 1230 2679 Nam
1254 2622 1308 2680 ista

299 2709 359 2769 duo
387 2725 495 2786 genera
523 2710 651 2786 primum
682 2707 769 2767 simul
797 2717 898 2786 erant,
932 2707 1010 2767 velut
1037 2706 1182 2767 Abraham
1214 2708 1308 2769 adhuc

299 2797 474 2857 adhaereret
497 2796 632 2875 ancillae,
659 2795 753 2854 donec
776 2795 886 2854 sterilis
910 2813 964 2874 per
987 2795 1097 2855 Christi
1121 2799 1243 2874 gratiam
1268 2799 1307 2856 le·
1328 2809 1361 2858 aa

300 2885 425 2945 cundata
449 2884 602 2944 clamaret:
630 2885 705 2944 Etce
727 2887 870 2944 ancr'tlnm
894 2891 927 2944 et*
942 2887 1040 2956 filium
1064 2888 1137 2944 eius.
1183 2884 1309 2964 Propter

298 2981 454 3053 peccatum
482 2972 602 3052 quidem
631 2971 795 3031 Salomonis
825 2981 967 3050 regnante
995 2971 1055 3032 utto
1085 2975 1150 3032 eius
1178 2972 1308 3034 Roboam

300 3065 411 3122 scimus
435 3060 524 3120 lsrael
543 3064 573 3120 in
592 3060 651 3120 duo
671 3061 761 3120 luisse
781 3060 906 3119 divisum
927 3068 1015 3139 atque
1034 3063 1073 3120 ita
1093 3079 1308 3142 perseverasse,

299 3148 476 3210 habentibus
506 3149 629 3226 singulis
656 3147 789 3228 partibus
817 3167 903 3226 reges
930 3167 1014 3230 suos,
1044 3148 1211 3210 donecilla
1234 3169 1306 3229 gens

299 3245 360 3299 tota
388 3256 403 3298 a
432 3237 583 3297 Chaldaeis
611 3245 690 3296 esset
717 3239 829 3314 ingenti
857 3240 1019 3297 vastatione
1050 3237 1190 3298 subversa
1219 3247 1306 3317 atque
1326 3252 1360 3300 30
1427 3279 1432 3286 ι
1460 3293 1461 3304 r

299 3325 448 3386 translata.
494 3325 551 3385 Sed
576 3326 632 3385 hoc
655 3324 725 3403 qurid
749 3325 783 3384 ad
808 3324 941 3406 Saulem,
967 3345 1043 3404 crim,
1067 3328 1092 3385 si
1116 3325 1172 3386 tale
1197 3326 1304 3403 aliquid

300 3413 537 3474 comminandum
569 3421 663 3493 esset,
693 3416 755 3491 ipsi·
772 3413 861 3472 David
890 3413 980 3473 luerit
1003 3416 1103 3492 potius
1127 3417 1305 3474 comminan-

298 3503 378 3575 dum,
402 3504 487 3562 cuius
511 3511 574 3561 erat
597 3502 675 3561 filius
695 3498 854 3562 Salomon?
890 3501 1044 3562 Postremo
1069 3521 1148 3562 nunc
1171 3505 1250 3562 inter
1273 3521 1305 3563 se

297 3609 371 3669 gens
390 3589 523 3650 lleBraea
545 3590 636 3650 divisa
660 3598 795 3670 nonest,
819 3589 870 3649 sed
890 3589 1094 3650 indifferenter
1117 3593 1148 3650 in
1172 3591 1304 3651 eiusdem

370 3747 414 3810 12)
432 3743 476 3796 Ps.
498 3749 561 3806 me,
589 3749 611 3796 1.
650 3745 693 3810 15)
711 3743 862 3806 10.1,4r.
901 3744 944 3809 19)
964 3740 1024 3795 Gal.
1045 3748 1073 3810 1,
1093 3748 1135 3796 24.
1173 3717 1304 3809 nomen.

299 3820 339 3880 m,
362 3820 403 3868 ιο.
440 3818 484 3880 aa)
504 3819 527 3866 1.
548 3814 614 3882 neg.
635 3819 676 3867 η.
720 3842 722 3845 -
1006 3843 1007 3848 ,
