3284 4459
311 496 377 561 380
721 507 921 551 saonnsrnn

311 665 375 725 pns.
422 644 481 706 Sed
505 647 573 724 qnia
595 644 708 705 homini
731 643 883 704 rationalis
906 647 1002 705 anima
1024 646 1112 727 inest,
1134 652 1231 706 totum
1254 645 1322 726 hoc,

312 733 391 812 qnod
423 732 512 794 hahet
543 750 699 794 commune
732 749 799 793 cnm
833 731 951 813 hestiis,
983 731 1085 793 subdit
1110 735 1176 812 paci
1206 735 1321 795 animae

311 821 470 902 rationalis,
493 830 528 882 ut
545 831 643 882 mente
663 821 772 900 aliquid
791 820 1010 899 contempletur
1027 828 1059 881 et
1076 822 1242 882 secundnm
1263 822 1322 884 hoc

312 909 420 989 aliquid
440 918 514 991 agat,
536 918 570 970 nt
589 912 628 969 sit
646 911 673 969 ei
691 909 826 970 ordinata
844 911 1021 987 cognitionis
1044 912 1227 988 actionisque
1249 929 1321 970 con·

277 1009 294 1058 o
312 1001 420 1078 sensio,
443 1016 531 1077 qnam
549 1016 651 1077 pacem
670 997 820 1058 rationalis
839 999 953 1057 animae
975 996 1152 1060 dixeramus.
1197 998 1240 1058 lld
1264 999 1323 1060 hoc

313 1089 392 1147 enim
415 1086 488 1147 velle
512 1086 600 1148 debet
622 1104 678 1146 nec
700 1086 802 1145 dolore
830 1084 982 1145 molestari
1004 1103 1061 1146 nec
1082 1086 1231 1147 desiderio
1252 1105 1322 1166 per·

313 1175 427 1236 turbari
454 1193 510 1236 nec
539 1184 635 1235 morte
659 1173 794 1254 dissolvi,
823 1181 858 1234 ut
879 1173 991 1252 aliquid
1013 1174 1086 1234 utile
1109 1186 1268 1253 cognoscat
1291 1184 1323 1237 et

313 1265 477 1325 secundnm
508 1282 572 1324 eam
609 1265 807 1342 cognitionem
844 1264 933 1322 vitam
965 1279 1123 1341 moresque
1155 1273 1322 1342 componat

314 1350 372 1413 Sed
401 1370 438 1413 ne
466 1354 530 1431 ipso
558 1351 656 1412 studio
684 1352 862 1429 cognitionis
890 1358 1013 1430 propter
1040 1350 1184 1411 humanae
1212 1355 1323 1413 mentis

263 1453 295 1504 to
313 1442 514 1501 infirmitatem
545 1441 576 1500 in
608 1447 722 1518 pestem
757 1439 883 1499 alicuius
914 1440 1028 1498 erroris
1058 1441 1209 1513 incorrat,
1245 1458 1322 1519 opns

312 1528 402 1589 habet
424 1529 593 1606 magisterio
623 1527 735 1608 divino,
763 1529 811 1588 cui
835 1535 937 1588 certus
960 1525 1159 1607 obtemperet,
1186 1537 1218 1588 et
1240 1528 1321 1589 adin·

313 1618 406 1698 torio,
433 1626 468 1677 nt
489 1615 565 1676 liber
587 1615 780 1695 obtemperet.
826 1613 864 1675 Et
887 1617 1035 1696 quoniam,
1058 1616 1197 1694 quamdiu
1222 1621 1322 1678 estin

314 1709 371 1765 isto
390 1704 506 1765 mortali
525 1722 659 1783 corpore,
682 1705 890 1782 peregrinatur
912 1720 930 1763 a
952 1701 1091 1766 Domino:
1115 1703 1244 1765 ambulat
1266 1724 1323 1785 per

313 1794 415 1874 iidem,
442 1810 502 1853 non
530 1809 584 1871 per
611 1793 753 1871 specicm3
782 1809 815 1852 ac
843 1809 897 1870 per
925 1791 981 1851 hoc
1008 1809 1127 1852 omnem
1149 1811 1252 1871 pacem
1275 1793 1323 1854 vel

263 1894 295 1943 15
314 1883 448 1961 corporis
476 1879 521 1941 vel
551 1882 664 1940 animae
692 1878 738 1940 vel
765 1879 854 1940 simul
882 1882 1017 1959 corporis
1038 1888 1070 1941 et
1091 1883 1205 1941 animae
1228 1882 1324 1942 refert

314 1971 349 2032 ad
373 1969 452 2030 illam
479 1987 594 2048 pacem,
622 1987 697 2047 qnae
724 1968 837 2028 homini
865 1967 981 2029 mortali
1008 1977 1054 2028 est
1081 1987 1150 2029 cnm
1172 1970 1323 2032 inmortali

314 2059 384 2140 Deo,
406 2066 440 2118 ut
459 2060 486 2118 ei
504 2060 543 2118 sit
565 2057 698 2118 ordinata
720 2059 752 2117 in
774 2057 831 2116 fide
856 2055 912 2116 sul)
934 2065 1054 2116 aeterna
1076 2056 1140 2136 lege
1163 2056 1321 2119 oboedien-

314 2151 362 2210 tia.
407 2146 468 2207 lam
492 2165 561 2206 vero
585 2149 652 2226 qnia
676 2144 734 2207 dno
758 2147 916 2224 praecipua
939 2153 1105 2226 praecepta,
1128 2145 1186 2206 hoc
1208 2154 1256 2207 est
1278 2146 1322 2208 di·

314 2237 471 2298 lectionem
486 2234 539 2295 Dei
557 2243 588 2296 et
606 2234 793 2295 dilectionem
811 2234 947 2313 proximi,
970 2231 1057 2293 docet
1075 2235 1214 2312 magister
1232 2233 1325 2316 Dens,

262 2337 295 2385 20
313 2328 344 2386 in
364 2324 473 2404 quibus
491 2325 547 2384 tria
565 2325 678 2384 invenit
699 2322 787 2382 homo
811 2339 887 2401 qnae
910 2321 1020 2400 diligat,
1042 2319 1146 2402 Deum,
1168 2340 1200 2382 se
1222 2324 1324 2401 ipsum

314 2422 345 2475 et
371 2415 554 2493 proximum,
583 2419 671 2490 atque
699 2409 747 2470 ille
774 2412 806 2470 in
834 2427 867 2469 se
890 2409 1038 2487 diligendo
1061 2427 1120 2468 non
1144 2418 1239 2491 errat,
1269 2414 1325 2490 qui

314 2501 408 2562 Deum
437 2500 543 2578 diligit:
571 2515 757 2576 consequens
780 2505 841 2578 est,
869 2505 901 2559 nt
929 2499 1018 2557 etiam
1040 2499 1174 2576 proximo
1197 2497 1233 2558 ad
1257 2499 1321 2560 dili·

313 2589 442 2668 gendum
472 2587 566 2649 Deum
598 2586 745 2666 consulat,
778 2604 866 2664 quem
897 2584 1017 2645 iubetur
1050 2587 1127 2647 sicut
1158 2604 1190 2646 sc
1222 2589 1324 2665 ipsum

314 2678 435 2754 diligere
464 2669 523 2758 (sic
550 2677 651 2754 uxori,
679 2676 722 2735 sic
749 2673 833 2752 filiis,
865 2675 908 2734 sic
935 2672 1119 2755 domesticis,
1145 2675 1190 2734 sic
1212 2677 1325 2736 ceteris

262 2777 295 2826 no
315 2762 423 2843 quihus
445 2765 576 2842 potuerit
598 2756 797 2846 hominihus),
820 2770 851 2822 et
873 2762 909 2822 ad
931 2760 988 2822 hoc
1011 2760 1067 2822 sibi
1090 2780 1107 2822 a
1129 2766 1272 2845 proximo,
1295 2767 1324 2826 si

315 2853 391 2912 lorte
410 2851 530 2932 indiget,
553 2851 668 2912 consuli
687 2850 769 2930 velit,
792 2869 826 2911 ac
844 2850 974 2934 perrhoc
996 2852 1054 2910 erit
1075 2863 1206 2933 pacatus,
1229 2870 1331 2932 quan-¹

315 2951 379 3003 tum
401 2942 514 3018 inipso
534 2947 587 3019 est,
611 2940 691 2998 omni
709 2938 821 2998 homini
843 2957 914 3018 pace
937 2937 1100 3019 hominum,
1121 2938 1152 2998 id
1175 2948 1221 3000 est
1242 2940 1322 3002 ordi·

315 3038 382 3090 nata
419 3026 588 3108 concordia,
625 3028 710 3087 cuins
743 3026 790 3086 hic
822 3026 895 3086 ordo
927 3034 986 3108 est,
1022 3029 1151 3105 primum
1183 3035 1217 3088 nt
1248 3029 1325 3091 nulli

315 3125 436 3197 noceat,
468 3114 575 3174 deinde
605 3122 639 3176 ut
668 3117 756 3186 etiam
788 3117 883 3194 prosit
914 3116 964 3175 cni
992 3116 1133 3194 potnerit.
1178 3114 1324 3179 Primitns

262 3218 297 3267 ³0
314 3224 385 3285 ergo
413 3207 491 3265 inest
518 3205 547 3263 ci
569 3221 691 3264 suorum
719 3221 803 3283 cnra3
831 3202 867 3263 ad
896 3220 947 3263 eos
970 3205 1079 3283 quippe
1102 3202 1191 3265 hahet
1213 3223 1322 3284 oppor-

316 3296 465 3356 tuniorem
497 3290 716 3368 facilioremque
749 3290 861 3350 aditum
893 3289 1084 3372 consulendi,
1121 3291 1166 3351 vel
1199 3301 1323 3354 naturae

316 3382 419 3444 ordine
443 3378 489 3442 vel
511 3381 604 3458 ipsius
628 3381 776 3440 societatis
800 3379 952 3440 humanae.
997 3376 1080 3438 Unde
1104 3379 1255 3458 apostolus
1278 3379 1324 3442 di·

316 3473 369 3532 cit:
401 3471 542 3546 Quoquo
564 3477 665 3530 cutem
686 3471 750 3528 sois
771 3475 802 3528 et
823 3470 956 3527 maxime
979 3467 1148 3528 domesticis
1169 3486 1230 3529 non
1248 3487 1322 3546 pro·

316 3561 410 3632 videt,
437 3559 529 3630 fidem
558 3559 689 3631 denegnt
715 3561 745 3615 ct
771 3562 816 3615 est
845 3556 961 3626 infideli
982 3556 1124 3615 deterior.
1170 3555 1245 3616 Hinc
1267 3558 1323 3618 ita·

262 3657 296 3709 35
316 3665 374 3726 qne
393 3648 481 3705 etiam
500 3662 556 3722 pax
575 3644 735 3703 domestica
754 3643 859 3722 oritur,
881 3641 911 3702 id
933 3648 979 3702 est
1001 3640 1135 3703 ordinata
1157 3644 1324 3724 imperandi

387 3807 429 3872 14)
454 3807 478 3855 2.
500 3799 560 3854 (lor.
580 3806 609 3867 ὅ,
625 3805 692 3867 6sq.
742 3799 787 3869 21)
809 3797 860 3852 Mc.
880 3803 927 3867 22,
942 3803 976 3852 do
986 3816 1046 3868 sqq.
1083 3799 1136 3854 Mo.
1157 3808 1203 3869 12,
1219 3807 1254 3856 30
1263 3819 1325 3874 sqq.

316 3878 360 3946 st)
379 3881 403 3928 1.
422 3872 492 3926 mm.
511 3875 536 3938 a,
550 3874 575 3924 s.
