3284 4459
594 511 634 552 ou
648 511 791 553 omuarn
805 512 859 552 um
872 512 899 553 1a
913 512 976 552 m
991 511 1015 553 o.
1027 511 1048 553 4.
1264 496 1329 561 359

321 647 368 708 dis
391 648 515 725 istisque
538 645 663 706 vitandis
693 645 792 706 nullus
815 664 901 706 error
924 645 1058 726 obrepat,
1086 665 1119 707 ao
1142 663 1197 724 per
1219 645 1276 706 boc
1299 653 1330 706 et

321 739 386 816 ipsa
414 753 469 794 uos
497 736 528 794 in
552 734 635 794 malis
658 734 702 794 vei
725 734 854 794 malain
877 733 962 794 nobis
985 752 1051 794 esse
1074 730 1223 796 testatur?
1264 733 1329 812 ipsa

321 826 402 884 enim
425 823 512 884 docet
532 823 640 884 malunt
659 841 724 882 esse
747 822 784 882 ad
807 823 990 902 peccandum
1013 824 1181 884 consentire
1205 821 1329 882 bonum·

321 1011 421 1062 tamen
449 999 570 1080 malum,
598 1001 647 1059 cui
674 1017 728 1059 nos
761 1016 820 1060 non
853 1001 1021 1060 consentire
1049 998 1137 1062 docet
1162 998 1365 1078 prudentias

323 1090 393 1151 iacit
425 1089 631 1167 temperantia,
664 1104 719 1147 nec
750 1086 909 1166 prudentia
941 1106 996 1147 nec
1028 1089 1223 1165 temperantia
1256 1086 1331 1147 tollit

322 1177 392 1238 buic
420 1178 504 1239 vitae.
551 1173 629 1246 Quid
660 1177 786 1256 iustitia,
819 1177 904 1236 cuius
933 1194 1040 1236 munus
1067 1183 1114 1236 est
1141 1193 1195 1235 sna
1222 1177 1330 1252 cuique

323 1265 456 1327 tribuere
489 1258 582 1346 (unde
615 1264 647 1325 fit
679 1266 711 1324 in
742 1266 808 1342 ipso
840 1263 958 1324 homine
987 1263 1104 1343 quidam
1131 1266 1230 1324 iustus
1257 1263 1330 1323 ordo

323 1362 460 1434 naturae,
487 1360 521 1413 ut
548 1355 643 1413 anima
666 1351 809 1412 subdatur
832 1352 893 1412 Deo
918 1360 949 1413 et
970 1355 1084 1414 animae
1108 1369 1191 1432 caro,
1219 1369 1253 1412 ac
1275 1369 1330 1431 per

323 1442 380 1503 boc
409 1441 469 1501 Deo
497 1449 527 1502 et
555 1442 650 1500 anima
678 1450 708 1501 et
732 1433 830 1523 caro),
858 1459 956 1502 nonne
980 1441 1163 1502 demonstrat
1184 1441 1217 1500 in
1240 1457 1275 1499 eo
1298 1457 1331 1502 se
1352 1451 1384 1502 10

323 1530 420 1592 adbuc
447 1547 537 1609 opere
564 1527 697 1588 laborare
725 1530 824 1608 potius
852 1548 940 1607 quam
969 1531 999 1589 in
1027 1528 1115 1590 buius
1143 1529 1242 1607 operis
1274 1529 1332 1588 iam

323 1620 382 1680 tine
416 1613 627 1697 requiescere?
673 1617 766 1679 Tanto
799 1620 897 1678 minus
929 1620 1037 1697 quippe
1071 1619 1167 1678 anima
1194 1615 1333 1677 subditur

324 1707 395 1786 Deo,
419 1714 529 1786 quanto
548 1707 646 1768 minus
664 1705 757 1766 Deum
776 1707 807 1766 in
830 1709 904 1784 ipsis
926 1709 989 1767 suis
1012 1704 1239 1785 cogitationibus
1263 1722 1332 1765 con-

324 1797 410 1876 cipit;
433 1804 463 1856 et
485 1795 685 1854 tantominus
708 1795 820 1854 animae
845 1794 984 1855 subditur
1007 1812 1085 1868 caro,
1107 1801 1217 1873 quanto
1240 1794 1333 1871 magis

324 1884 467 1944 adversus
490 1883 626 1961 spiritum
645 1884 838 1961 concupiscit.
883 1880 1030 1953 Quamdiu
1053 1900 1124 1962 ergo
1147 1880 1233 1942 nobis
1255 1883 1334 1941 inest
1353 1893 1385 1942 lt

324 1972 399 2033 baec
421 1971 589 2050 infirmitas,
615 1969 688 2030 baec
716 1973 821 2050 pestis,
843 1969 892 2030 bic
921 1970 1058 2052 languor,
1087 1969 1255 2049 quomodo
1279 1987 1334 2030 nos

324 2063 385 2121 iam
413 2058 521 2140 salvos,
549 2066 579 2118 et
606 2060 632 2118 si
659 2057 790 2118 nondum
818 2057 926 2139 salvos,
953 2076 1012 2138 quo
1040 2058 1128 2119 modo
1150 2061 1209 2118 iam
1231 2056 1334 2119 beatos

324 2148 374 2210 illa
407 2146 486 2207 finali
517 2146 700 2208 beatitudine
733 2147 831 2208 dicere
859 2143 1056 2211 audebimus?
1100 2145 1161 2206 lam
1188 2164 1258 2206 vero
1286 2146 1335 2207 iila

325 2239 434 2317 virtuS,
461 2237 547 2296 cuius
575 2252 682 2294 nomen
710 2244 756 2296 cst
783 2235 941 2315 fortitudo,
968 2237 999 2294 in
1029 2243 1266 2313 quantacumque
1289 2252 1334 2295 sa·

325 2327 437 2406 pientia
456 2323 673 2384 evidentissima
692 2325 777 2383 testis
795 2330 842 2384 cst
863 2322 1059 2384 bumanorum
1082 2322 1235 2404 malornm,
1258 2340 1334 2400 quae
1353 2336 1388 2384 ao

327 2411 514 2492 compellitur
541 2413 681 2491 patientia
708 2410 843 2472 tolerare.
899 2410 980 2482 Quae
1011 2411 1087 2475 mala
1119 2409 1212 2471 Stoici
1241 2410 1334 2489 philo·

327 2500 414 2580 sophi
437 2502 605 2578 mirorque
624 2500 721 2560 fronte
745 2499 819 2559 mala
842 2517 902 2560 non
925 2518 991 2561 esse
1013 2498 1203 2579 contendant,
1227 2498 1335 2577 quibus

328 2591 475 2670 fatentur,
505 2589 531 2649 si
558 2595 638 2648 tanta
666 2589 789 2669 suerint,
818 2597 851 2649 ut
878 2606 913 2650 ea
940 2590 1057 2668 sapiens
1084 2587 1130 2648 rel
1158 2605 1219 2648 non
1241 2589 1336 2666 possit

327 2677 374 2738 vel
401 2695 461 2736 uon
489 2675 594 2737 debeat
622 2679 783 2749 sustinere,
811 2678 877 2755 cogi
904 2695 973 2738 eum
1002 2687 1128 2737 mortem
1150 2675 1269 2737 sibimet
1290 2677 1339 2757 in·¹

328 2767 408 2827 ierre
431 2773 519 2844 atque
548 2783 584 2825 ex
613 2763 666 2824 bac
694 2767 752 2825 vita
776 2767 929 2843 emigrare.
975 2765 1087 2826 Tantus
1109 2773 1207 2826 autem
1232 2782 1334 2843 super·
1354 2776 1388 2826 25

328 2853 394 2918 biae
425 2863 528 2932 stupor
560 2861 606 2913 est
635 2855 666 2913 in
696 2852 742 2912 bis
772 2850 941 2914 hominibus
970 2853 1019 2914 bic
1047 2873 1079 2914 se
1106 2853 1215 2914 babere
1246 2854 1336 2914 finem

320 2936 401 3004 'boni
434 2949 465 3002 et
496 2959 511 3002 a
544 2959 576 3002 se
608 2942 681 3020 ipsis
712 2941 777 3001 iieri
808 2940 911 3003 beatos
942 2941 1129 3022 putantibus,
1155 2949 1190 3003 ut
1217 2945 1335 3020 sapiens

329 3049 443 3112 eorum,
461 3029 517 3090 hoc
537 3036 591 3112 est,
609 3028 724 3108 qualem
744 3027 870 3090 mirabili
889 3033 1015 3091 vanitate
1034 3029 1216 3110 describunt,
1234 3032 1335 3091 etiam-

329 3121 355 3180 si
384 3126 560 3178 excaecetur
587 3117 780 3178 obsurdescat
807 3116 1006 3199 obmutescat‚
1038 3117 1179 3179 membris
1202 3117 1334 3179 debilite-

329 3216 379 3269 tur
403 3206 554 3268 doloribus
578 3208 729 3266 crucietur
752 3215 793 3285 et,
824 3207 942 3284 siquid
965 3205 1045 3267 aliud
1067 3206 1170 3267 talium
1193 3205 1336 3266 mdorum
1354 3220 1389 3269 ao

330 3294 389 3357 dici
412 3303 463 3355 aut
486 3297 609 3374 cogitari
630 3301 738 3374 potest,
762 3293 872 3354 incidat
893 3296 924 3354 in
947 3311 1025 3374 eum,
1049 3313 1107 3373 quo
1131 3293 1188 3354 sibi
1210 3301 1336 3354 mortem

330 3391 453 3462 cogatur
476 3383 596 3463 inferre,
619 3381 695 3442 banc
717 3384 748 3442 in
771 3380 818 3442 bis
837 3381 920 3443 malis
944 3385 1031 3443 vitam
1055 3384 1245 3443 constitutam
1268 3399 1337 3442 eum

329 3489 390 3532 non
419 3471 529 3552 pudeat
558 3470 673 3531 beatam
702 3488 816 3531 vocare.
867 3469 891 3530 0
922 3473 1011 3532 vitam
1038 3468 1169 3550 beatam,
1199 3487 1273 3547 quae
1304 3478 1337 3530 ut

330 3559 449 3620 finiatur
477 3561 581 3620 mortis
609 3561 725 3637 quaerit
752 3556 905 3619 auxilium!
935 3557 967 3620 st
989 3558 1074 3618 beata
1098 3567 1157 3639 est,
1184 3565 1338 3619 maneatur

403 3788 418 3836 3
438 3782 520 3836 docet
537 3798 587 3836 nos
605 3783 644 3850 οΙΙ
658 3787 691 3836 31
712 3798 775 3835 enm
793 3797 862 3844 me,-
880 3797 926 3834 eos
944 3799 963 3832 ν
