3284 4459
319 502 361 567 37
365 502 383 564 8
721 512 742 552 s.
757 512 922 591 aueusrnn

319 658 394 731 tura,
417 652 448 708 in
467 667 523 727 qua
542 648 654 709 nullum
677 646 787 708 bonum
812 650 860 726 sit,
883 665 942 707 non
965 655 1073 726 potest.
1117 646 1246 708 Proinde
1270 667 1328 710 neo

318 741 412 817 ipsius
435 736 542 797 diaboli
565 745 684 815 natura,
707 738 738 795 in
761 745 905 814 quantum
928 743 1031 795 natura
1055 742 1109 815 est,
1133 736 1242 797 malum
1267 746 1328 817 est3

319 826 371 887 sed
394 827 572 905 perversitas
595 843 659 884 eam
689 823 792 884 malam
816 824 894 884 iacit.
939 822 1041 902 ltaque
1064 825 1095 884 iu
1118 827 1243 886 veritate
1266 844 1328 886 uon

319 916 413 988 stetit,
442 914 493 974 sed
517 915 649 973 veritatis
676 912 818 973 indicium
846 929 905 972 non
929 913 1035 993 evasit3
1056 913 1087 971 in
1111 912 1224 974 ordinis
1246 923 1327 975 tran·

283 1002 462 1082 oquillitate
487 1021 546 1062 non
569 1003 685 1073 mansit,
709 1018 764 1061 nee
787 999 854 1060 ideo
878 1009 977 1061 tamen
999 1017 1017 1059 a
1039 1008 1185 1079 potestate
1208 1001 1327 1063 ordina·

320 1093 392 1152 toris
423 1092 533 1169 elingit.
578 1089 693 1149 Bonum
722 1088 791 1169 liei,
821 1087 900 1167 quod
928 1088 970 1149 illi
997 1098 1045 1149 ost
1066 1090 1098 1149 in
1120 1098 1239 1171 natura,
1266 1108 1328 1152 non

319 1197 387 1240 eum
411 1178 557 1240 subtrahit
579 1180 708 1239 iustitiae
731 1176 797 1258 Ilei,
829 1195 886 1255 qua
909 1177 1064 1237 ordinatur
1086 1179 1117 1237 in
1139 1195 1248 1260 poena3
1271 1197 1329 1240 neo

318 1267 361 1328 ibi
377 1266 457 1329 ileus
475 1267 586 1328 bonum
603 1267 771 1344 insequitur
794 1265 873 1342 quod
897 1268 1016 1346 creavit,
1039 1265 1092 1326 sed
1114 1265 1224 1327 malum
1247 1268 1327 1346 quod

318 1357 367 1417 ille
397 1357 551 1417 commisit.
601 1353 704 1433 Neque
733 1355 812 1414 enim
843 1363 938 1415 totum
967 1354 1064 1415 aufert
1095 1353 1173 1432 quod
1203 1363 1328 1432 naturae

266 1456 300 1506 1ο
318 1444 414 1524 dedit,
446 1443 498 1504 sed
530 1442 639 1522 aliquid
669 1440 787 1522 adimit,
816 1441 926 1521 aliquid
955 1441 1113 1523 relinquit,
1145 1451 1179 1504 ut
1206 1446 1246 1504 sit
1276 1447 1329 1523 qui

319 1533 415 1594 doleat
438 1531 517 1611 quod
540 1530 656 1592 ademit
701 1529 739 1590 Et
766 1532 831 1608 ipse
854 1530 938 1590 dolor
960 1533 1164 1591 testimonium
1186 1539 1234 1593 est
1256 1531 1328 1593 boni

318 1621 447 1700 adempti
465 1629 495 1680 et
513 1619 584 1680 boni
606 1619 709 1678 relicti.
754 1617 818 1678 Nisi
842 1620 920 1679 enim
943 1617 1055 1678 bonum
1077 1618 1215 1680 relietum
1237 1630 1328 1703 esset,

318 1709 428 1770 bonum
461 1710 601 1768 amissum
633 1706 732 1766 dolere
765 1725 826 1767 non
859 1714 969 1786 posset.
1024 1706 1097 1768 Nam
1129 1710 1181 1786 qui
1211 1719 1329 1791 peceat,

318 1799 402 1877 peior
425 1805 484 1877 est,
511 1797 537 1856 si
563 1794 689 1855 laetatur
711 1798 742 1855 in
766 1796 872 1855 damno
896 1796 1066 1874 aequitatis;
1090 1798 1234 1873 quivero
1259 1815 1328 1858 eru·

267 1897 300 1946 to
319 1887 426 1966 cietur,
450 1886 475 1945 si
497 1883 570 1944 nihil
592 1883 661 1943 inde
684 1883 819 1962 adquirat
842 1883 925 1962 boui,
948 1883 1028 1944 dolet
1050 1883 1190 1944 damnum
1213 1885 1327 1947 salutis.

318 1973 357 2034 Et
379 1975 518 2051 quoniam
541 1975 672 2050 aequitas
696 1990 729 2033 ae
752 1971 832 2032 salus
856 1978 1015 2049 utrumque
1039 1970 1149 2033 bonrum
1173 1981 1220 2033 est
1242 1973 1327 2034 boni·

319 2079 377 2141 que
404 2063 561 2122 amissione
591 2059 751 2121 dolendum
778 2068 824 2120 est
851 2061 951 2138 potius
980 2077 1069 2138 quam
1091 2059 1260 2122 laetandum
1284 2056 1329 2144 (si

319 2159 416 2211 umen
449 2167 507 2211 non
540 2151 579 2210 sit
608 2151 808 2228 compensatio
840 2147 982 2229 melioris;
1014 2146 1118 2209 melior
1150 2158 1196 2209 est
1226 2157 1329 2212 autem

319 2241 407 2299 animi
426 2241 558 2318 aequitas
576 2255 664 2316 quam
682 2239 816 2316 eorporis
836 2229 974 2318 sanitas):
996 2238 1130 2316 prolecto
1149 2241 1327 2300 convenien-

266 2337 300 2387 10
319 2330 379 2389 1ἰιιε
415 2329 543 2388 iniustus
575 2325 655 2387 dolet
686 2328 717 2386 in
748 2325 908 2406 supplicio,
941 2343 1029 2403 quam
1060 2324 1185 2386 laetatus
1217 2336 1263 2387 est
1295 2330 1329 2388 in

319 2415 435 2476 delicto.
482 2414 565 2476 Siout
588 2432 658 2492 ergo
681 2413 792 2474 laetitia
814 2412 926 2473 deserti
948 2411 1019 2473 boui
1041 2415 1073 2473 in
1095 2422 1216 2492 peceato
1240 2417 1329 2476 testis

319 2513 365 2566 est
393 2504 551 2563 voluntatis
578 2503 685 2582 malae,
715 2504 756 2562 ita
785 2501 870 2561 dolor
899 2503 1000 2562 amissi
1029 2500 1098 2561 boni
1126 2504 1157 2562 in
1180 2502 1327 2582 supplicio

319 2594 404 2652 testis
422 2600 469 2651 est
487 2598 608 2651 naturae
627 2589 730 2650 bonae.
777 2588 835 2660 Qui
853 2591 932 2650 enim
950 2589 1030 2650 dolet
1048 2591 1184 2650 amissam
1203 2599 1328 2653 naturae

320 2697 390 2738 suae
413 2696 529 2759 paoem,
557 2696 594 2739 ex
617 2675 763 2756 aliquibus
786 2676 921 2754 reliquiis
943 2680 1024 2756 paeis
1047 2677 1077 2738 id
1100 2678 1194 2760 dolet,
1217 2679 1328 2758 quibus

267 2778 301 2827 25
319 2768 360 2840 fit,
384 2775 420 2827 ut
438 2765 494 2826 sibi
512 2768 605 2826 amica
622 2774 727 2826 natura
746 2766 793 2826 sit.
838 2765 901 2826 lloo
924 2775 1023 2826 autem
1045 2768 1076 2826 in
1100 2775 1232 2827 extremo
1255 2785 1327 2846 sup·

320 2855 407 2934 plioio
436 2864 518 2914 reete
548 2855 596 2933 lit,
624 2860 659 2913 ut
686 2855 781 2930 iniqui
808 2863 839 2913 et
865 2855 948 2933 impii
978 2854 1156 2916 naturalium
1179 2855 1328 2918 bonorum

320 2943 424 3003 damna
442 2945 473 3002 in
492 2941 672 3003 eruciatibus
695 2939 829 3022 dolleant,
852 2944 1014 3002 sentientes
1037 2960 1141 3003 eorum
1165 2943 1328 3006 ablatorem

319 3033 514 3092 iustissimum
544 3029 653 3111 Deum,
687 3047 776 3110 quem
806 3038 1050 3109 contempserunt
1080 3030 1329 3110 benignissimum

180 3191 181 3198 ἵ
319 3118 497 3198 largitorem.
543 3116 622 3178 lleus
646 3137 716 3197 ergo
739 3127 912 3178 naturarum
935 3121 1067 3178 omnium
1090 3121 1328 3198 sapientissimus

180 3239 181 3262 ι
267 3219 302 3269 to
320 3207 456 3268 conditor
485 3215 516 3268 ot
544 3209 724 3268 iustissimus
752 3206 918 3284 ordinator,
945 3208 997 3285 qui
1024 3215 1213 3268 terrenorum
1240 3225 1328 3269 orna·

320 3304 488 3356 mentorum
521 3297 678 3356 maximum
710 3296 840 3356 instituit
874 3294 999 3355 mortale
1031 3312 1124 3373 genus
1157 3295 1328 3377 humanum,

321 3384 402 3446 dedit
423 3382 592 3445 hominibus
611 3384 753 3461 quaedam
776 3382 854 3443 bona
876 3382 945 3443 huie
968 3385 1043 3443 vitae
1067 3401 1206 3463 congrua,
1228 3385 1259 3444 id
1281 3394 1330 3445 est

320 3490 423 3552 paoem
459 3469 651 3551 temporalem
686 3489 741 3551 pro
778 3470 897 3531 modulo
930 3471 1061 3531 mortalis
1094 3473 1169 3532 ritae
1200 3474 1232 3532 in
1263 3474 1328 3550 ipsa

391 3610 419 3676 4)
438 3609 476 3661 Io.
496 3613 524 3674 8,
541 3611 584 3661 44.

394 3787 425 3836 10
444 3781 550 3836 ademit
569 3825 575 3838 .
596 3823 601 3836 .
621 3781 740 3851 reliquid
759 3780 786 3835 R
799 3783 809 3850 u
824 3787 854 3836 11
875 3781 981 3836 ademit
997 3798 1051 3837 mss
1060 3781 1155 3850 ptem
1174 3776 1275 3832 edimit
1288 3794 1329 3832 as

478 4092 625 4162 A
