3284 4459
323 450 390 512 440
725 460 926 502 ssueusrxur

324 597 376 658 sed
400 596 508 658 librum
532 599 617 657 cuius
641 596 720 655 modi
742 614 802 655 uon
827 598 931 657 tacuit:
963 596 1022 668 Qui
1043 603 1101 669 est,
1124 598 1229 675 inquit,
1252 598 1340 657 vitae

324 688 569 760 uniuscuiusque.
614 683 692 763 Ergo
722 683 764 744 illi
790 683 873 765 libri,
900 700 976 762 quos
1004 686 1103 763 priore
1132 684 1195 743 loco
1224 685 1338 765 posuit,

324 773 514 852 intellegendi
543 781 613 833 sunt
641 774 751 853 sanoti,
778 781 809 834 et
836 780 952 832 ueteres
980 779 1011 833 et
1038 774 1119 853 nori,
1150 780 1184 833 ut
1213 773 1244 832 in
1275 770 1338 831 illis

324 861 546 940 ostenderetur,
573 879 649 939 quae
677 860 756 921 Deus
783 861 850 921 fleri
877 877 929 921 sua
958 860 1092 921 mandata
1120 861 1273 940 iussisset;
1300 862 1337 919 in

290 950 375 1011 tillo
398 959 506 1031 autem,
529 952 580 1028 qui
598 958 645 1010 est
662 952 738 1010 vitae
760 951 1005 1030 uniuscuiusque,
1027 948 1098 1027 quid
1121 947 1229 1009 horum
1252 951 1337 1026 quis·

326 1056 384 1117 que
417 1057 476 1099 non
509 1038 629 1098 fecisset
660 1040 721 1098 sire
753 1037 881 1098 iecisset.
927 1036 986 1107 uui
1014 1035 1089 1097 liber
1119 1039 1146 1097 si
1175 1036 1337 1097 carnaliter

325 1130 481 1208 cogitetur,
504 1128 570 1206 quis
593 1129 658 1186 eius
677 1125 908 1204 magnitudinem
932 1132 982 1186 aut
1003 1124 1216 1203 longitudinem
1240 1126 1337 1185 ualeat

326 1211 505 1277 aestimare?
539 1216 598 1275 Aut
615 1222 725 1292 quanto
744 1221 877 1293 tempore
899 1213 958 1293 legi
979 1216 1089 1291 poterit
1111 1212 1195 1295 liber,
1218 1216 1249 1273 in
1273 1232 1337 1292 quo

326 1306 453 1384 scriptae
489 1311 559 1364 sunt
590 1304 745 1363 universae
777 1304 853 1362 ritae
886 1297 1112 1362 universorum?
1158 1301 1201 1361 dn
1233 1311 1337 1363 tantus

276 1404 308 1453 ιο
326 1391 498 1471 angelorum
521 1408 664 1451 uumerus
687 1389 794 1469 aderit,
818 1397 946 1470 quantus
970 1389 1121 1451 hominurn
1145 1392 1214 1469 erit,
1237 1399 1268 1450 et
1291 1393 1334 1451 vi·

326 1490 387 1541 tam
405 1497 489 1540 suam
507 1480 633 1558 quisque
652 1477 688 1538 ab
707 1478 809 1557 angelo
834 1478 891 1539 sibi
913 1476 1043 1539 adhibito
1066 1478 1166 1539 audiet
1188 1475 1336 1539 recitari?

326 1568 391 1629 Non
422 1585 493 1646 ergo
520 1584 599 1627 unus
629 1565 704 1626 liber
731 1569 789 1628 erit
814 1568 959 1646 omnium,
988 1566 1040 1627 sed
1067 1566 1175 1645 singuli
1203 1566 1335 1646 singulo-

327 1675 402 1717 rum.
448 1654 601 1734 Scriptura
620 1672 690 1715 vero
709 1656 765 1715 ista
783 1672 876 1715 unum
895 1653 995 1715 rolens
1014 1654 1159 1733 intellegi:
1182 1656 1223 1715 Et
1244 1659 1336 1737 alius,

326 1746 438 1822 inquit,
465 1744 542 1804 lider
571 1749 695 1819 opertus
722 1749 774 1803 est.
820 1742 969 1813 Quaedam
998 1744 1089 1820 igitur
1111 1744 1155 1803 ris
1178 1752 1225 1804 est
1246 1744 1334 1805 intel·

275 1832 449 1911 relegenda
477 1830 587 1911 divina,
615 1849 673 1909 qua
695 1831 758 1910 liet,
786 1840 819 1891 ut
846 1833 954 1910 cuique
981 1849 1160 1912 operosus,
1187 1832 1233 1892 vel
1254 1831 1336 1893 hona

327 1920 373 1981 rel
395 1920 483 2000 mala,
514 1927 621 1980 cuncta
647 1922 678 1979 iu
708 1922 880 1979 memoriam
904 1929 1081 1979 revocentur
1103 1928 1134 1979 et
1157 1922 1264 1981 mentis
1287 1923 1334 1981 in·

327 2010 404 2070 tuitu
438 2010 510 2067 mira
540 2006 691 2068 celeritate
721 2016 897 2087 cernantur,
930 2016 963 2067 ut
991 2016 1110 2068 accuset
1137 2007 1183 2068 vel
1209 2018 1335 2070 excuset

327 2098 451 2158 seientia
478 2098 689 2157 conscientiam
712 2104 800 2173 atque
818 2097 858 2156 ita
882 2094 970 2156 simul
993 2102 1024 2156 et
1046 2113 1148 2155 omnes
1172 2105 1202 2156 et
1224 2098 1336 2177 singuli

326 2185 503 2247 iudicentur.
550 2183 631 2254 Quae
649 2185 789 2244 nimirum
807 2185 851 2243 ris
869 2182 966 2244 divina
988 2183 1056 2244 libri
1080 2202 1187 2244 nomen
1210 2188 1334 2265 accepit.

273 2286 309 2335 ao
328 2273 362 2334 lu
385 2292 418 2333 ea
442 2275 549 2352 quippe
573 2272 700 2351 quodam
722 2271 809 2332 modo
832 2271 953 2350 legitur,
982 2271 1125 2350 quidquid
1149 2290 1183 2333 ea
1206 2274 1334 2335 iaciente

327 2361 479 2422 recolitur.
524 2358 563 2422 Ut
585 2370 684 2421 autem
707 2359 856 2441 ostendat,
885 2361 937 2438 qui
960 2362 1069 2421 mortui
1091 2360 1240 2422 iudicandi
1263 2365 1334 2438 sint,

326 2449 426 2530 pusilli
453 2457 484 2509 et
506 2451 617 2529 magni,
639 2447 859 2527 recapitulando
882 2448 954 2508 dicit
982 2455 1130 2527 tamquam
1153 2450 1188 2510 ad
1212 2450 1241 2510 id
1265 2450 1333 2511 red·

326 2539 404 2611 iens,
431 2536 510 2615 quod
544 2538 738 2615 praeterierat
764 2538 898 2614 potiusve
930 2536 1096 2598 distulerat:
1127 2538 1167 2598 Et
1195 2540 1336 2601 exhibuit

327 2633 460 2686 mortuos
478 2642 572 2697 more,
595 2627 649 2698 qui
666 2627 697 2684 in
716 2642 751 2685 eo
774 2632 872 2699 mant,
895 2631 925 2686 et
946 2642 1027 2686 mors
1049 2633 1079 2686 et
1101 2624 1240 2700 infernus
1261 2630 1333 2689 red-

274 2724 308 2772 eo
328 2714 473 2774 dederunt
494 2722 634 2785 mortuos,
657 2728 731 2786 quos
754 2716 785 2772 in
807 2730 840 2773 ae
862 2714 1021 2774 debebant.
1067 2712 1129 2773 lloc
1152 2715 1256 2793 procul
1279 2716 1332 2776 du·

327 2799 376 2860 bio
408 2802 492 2879 prius
523 2800 634 2859 laetum
661 2806 723 2880 est,
754 2818 842 2878 quarn
870 2810 972 2862 essent
1000 2804 1108 2861 mortui
1136 2803 1271 2884 iudicati,
1302 2814 1334 2867 et

327 2898 425 2948 tamen
454 2886 525 2947 illud
554 2889 637 2966 prius
665 2886 776 2948 dictum
804 2898 858 2948 est.
903 2887 966 2948 lloc
994 2898 1041 2949 est
1067 2907 1137 2967 ergo
1161 2892 1239 2969 qtrod
1263 2891 1334 2974 dixi,

327 2974 547 3054 recapitulando
566 2991 634 3034 eum
653 2975 687 3035 ad
708 2974 736 3035 id
756 2975 869 3036 redisse
893 2977 970 3055 quod
994 2978 1201 3040 intermiserat.
1246 2979 1333 3042 Nunc

328 3071 426 3124 autem
454 3062 589 3123 ordinem
619 3065 729 3144 tenuit,
761 3072 849 3142 atque
880 3073 913 3125 ut
940 3064 1136 3144 explicaretur
1162 3070 1226 3146 ipse
1250 3068 1333 3145 ordo,

274 3163 309 3212 30
328 3150 510 3212 commodius
533 3152 623 3211 etiem
645 3150 681 3211 de
704 3152 841 3213 iudicatis
864 3154 1004 3233 mortuis,
1027 3154 1106 3231 quod
1129 3157 1187 3216 iam
1210 3155 1333 3239 dixerat,

328 3258 382 3301 suo
401 3240 539 3319 repetivit
556 3237 630 3300 loeo.
676 3238 750 3302 (lum
763 3241 852 3305 ,euim
875 3240 1010 3302 dixisset:
1033 3242 1074 3303 Et
1095 3245 1232 3306 exdibmt
1252 3262 1331 3307 mor-

328 3335 394 3389 tuos
416 3345 514 3408 more,
542 3330 596 3402 qui
618 3330 649 3388 io
671 3345 707 3389 eo
729 3336 833 3403 mont,
862 3336 892 3389 et
913 3345 993 3390 mors
1016 3337 1047 3390 et
1069 3328 1207 3406 infernos
1229 3336 1331 3395 reddi-

328 3419 441 3478 derunt
462 3422 607 3489 mortuos,
630 3432 704 3491 quos
727 3419 758 3477 in
780 3434 812 3477 ae
835 3418 1001 3477 debebant:
1029 3434 1096 3478 mox
1120 3418 1230 3480 addidit
1253 3422 1332 3499 quod

398 3568 444 3636 25)
461 3566 547 3635 Apoo.
566 3571 609 3633 20,
629 3572 670 3620 13.

326 3676 539 3687 ..-....---

399 3731 433 3779 24
452 3728 476 3777 et
495 3729 527 3776 31
547 3731 623 3777 mere
641 3725 765 3777 mortuos
782 3740 799 3777 o
817 3726 930 3795 itemque
948 3730 1008 3793 444,
1028 3730 1046 3783 7
