3284 4459
536 531 1031 575 nnc1V1rnrnns1nxv.c.ss.sc.
1225 517 1289 582 10¹1

278 669 398 728 deserte
430 674 461 726 et
488 684 594 728 eurum
621 677 736 729 amatur
763 666 799 726 eb
829 668 938 747 avaris,
965 665 1046 728 nullu
1069 671 1192 747 peccato
1214 668 1289 748 euri,

280 754 334 816 sed
363 754 500 815 huminis.
544 753 589 816 lta
615 755 649 816 se
669 754 765 816 'habet
791 757 888 815 omnis
915 763 1061 816 creature.
1107 754 1181 817 Cum
1209 757 1289 816 enim

280 843 358 905 hene
381 845 429 922 sit,
452 851 482 904 et
505 843 580 904 bene
604 841 697 905 anteri
719 851 819 922 potest
841 852 872 905 et
895 842 983 904 mele:
1005 842 1081 903 bene
1105 843 1219 904 scilicet
1240 861 1288 903 cr·

276 932 348 992 dine
376 932 538 1011 custodito,
565 931 641 992 male
669 932 773 992 ordine
800 931 983 1010 perturbate.
1029 931 1115 1002 Quod
1141 933 1173 992 iu
1202 932 1288 992 lende

276 1019 405 1100 quadem
424 1017 510 1081 Cerei
532 1018 663 1081 breviter
684 1018 821 1080 versibus
844 1020 917 1080 dixi:
1306 1030 1323 1078 e

324 1143 484 1204 Haecine
507 1149 584 1217 sunt,
608 1143 687 1203 bone
710 1147 794 1219 sunt,
818 1144 889 1220 quie
910 1148 945 1204 tn
968 1144 1065 1205 bonus
1087 1144 1149 1204 ists
1171 1145 1288 1205 creasti.

323 1233 377 1293 Nil
398 1235 535 1293 nostrum
557 1233 658 1292 estin
680 1232 731 1304 eis,
754 1232 814 1292 nisi
836 1233 915 1308 quod
936 1252 1093 1309 peccamus
1117 1238 1252 1294 ementes

324 1319 437 1381 Ordine
459 1323 595 1398 neglecto
618 1339 673 1398 pre
696 1322 734 1394 te,
759 1320 838 1396 quod
861 1321 1000 1381 conditur
1021 1322 1076 1381 ebs
1098 1325 1138 1382 te.

276 1443 404 1504 Creator
431 1452 530 1504 eutem
556 1445 582 1504 si
610 1445 755 1504 veraciter
776 1451 907 1523 emetur,
929 1442 986 1504 hee
1010 1451 1057 1504 est
1079 1445 1105 1503 si
1127 1445 1205 1524 ipsc,
1227 1457 1289 1505 nou

276 1531 358 1594 eliud
377 1549 432 1610 pre
450 1531 499 1592 ille
518 1531 597 1610 qued
620 1549 680 1592 non
704 1539 751 1592 est
772 1533 846 1611 ipse,
868 1539 993 1613 emetur,
1015 1530 1090 1592 male
1114 1534 1205 1593 amari
1227 1544 1341 1592 nun10

278 1627 386 1700 potest.
431 1619 504 1680 Nem
537 1627 568 1680 et
598 1637 680 1681 emer
708 1621 771 1698 ipse
804 1619 939 1680 ordinate
968 1618 1110 1681 amandus
1137 1628 1196 1702 est,
1229 1638 1287 1698 que

278 1709 355 1770 bene
384 1716 498 1769 emetur
527 1707 606 1787 quod
635 1707 792 1769 emendum
815 1715 876 1788 est,
908 1715 943 1768 ut
970 1710 1009 1768 sit
1030 1710 1062 1768 in
1084 1707 1171 1769 nubis
1192 1710 1287 1770 virtus

275 1814 339 1875 que
356 1796 464 1856 vivitur
482 1795 567 1857 bene.
612 1793 696 1858 Unde
720 1794 793 1856 mihi
815 1795 942 1874 videtur,
964 1796 1042 1875 qued
1066 1795 1197 1857 delinitio
1220 1796 1287 1857 bre·

278 1887 323 1945 vis
355 1891 387 1944 et
417 1901 486 1945 vere
518 1885 636 1944 virtutis
669 1883 741 1956 orde
770 1891 816 1943 est
843 1886 966 1964 umeris3
997 1891 1119 1962 prepter
1147 1883 1227 1964 quod
1255 1887 1286 1946 in

275 1982 382 2034 sancte
410 1975 525 2033 cantico
555 1974 738 2033 canticorum
768 1980 867 2032 cantet
896 1990 1003 2050 sponse
1031 1971 1156 2054 Christi,
1186 1975 1287 2034 civitas
1307 1984 1340 2034 15

278 2060 346 2121 Dei:
381 2061 528 2122 ordinate
559 2063 591 2120 ic
619 2077 665 2121 mc
692 2063 862 2120 caritatem.
907 2059 1004 2120 lluius
1029 2062 1121 2138 igitur
1148 2063 1287 2140 caritatis,

277 2149 335 2208 hoc
355 2157 402 2209 est
420 2148 587 2209 dilectionis
605 2156 636 2209 et
658 2149 777 2228 emeris,
799 2147 904 2208 ordine
927 2147 1101 2227 perturbate
1119 2147 1213 2209 Deum
1235 2149 1288 2210 lilii

278 2237 333 2298 Dei
368 2237 562 2315 neglexerunt
593 2245 623 2296 et
655 2235 728 2297 filias
760 2235 915 2297 hominum
945 2235 1120 2297 dilexerunt.
1173 2235 1287 2306 Quibus

275 2324 397 2386 duobus
415 2323 585 2385 nominibus
604 2325 675 2385 sutis
694 2325 796 2385 civitas
814 2331 941 2401 utreque
960 2323 1149 2384 discernitur.
1184 2324 1287 2403 Neque

273 2415 359 2474 enirn
387 2421 418 2474 et
446 2411 489 2473 illi
518 2430 577 2472 nen
608 2418 692 2472 erant
719 2411 772 2472 lilii
799 2410 952 2472 hominum
978 2430 1033 2491 per
1056 2420 1206 2493 neturem3
1234 2413 1287 2473 sed
1306 2425 1341 2474 20

278 2500 359 2562 aliud
382 2519 491 2564 nomen
520 2508 681 2580 coeperant
702 2498 812 2560 hebere
835 2517 890 2578 per
912 2502 1045 2578 gretiam.
1090 2499 1164 2560 Nam
1186 2503 1217 2560 in
1240 2519 1287 2561 ee-

275 2589 347 2651 dem
366 2591 523 2668 scriptura,
545 2588 597 2649 ubi
620 2588 691 2649 dicti
711 2597 781 2648 sunt
803 2587 942 2648 dilexisse
964 2587 1039 2649 filias
1061 2587 1214 2649 hominum
1236 2589 1289 2650 dlii

279 2677 347 2752 Dei,
377 2678 456 2738 idem
482 2677 555 2738 dieti
578 2686 648 2738 sunt
669 2677 758 2736 etiem
781 2675 877 2754 angeli
901 2674 962 2745 Dei.
1009 2673 1092 2736 Unde
1115 2675 1181 2738 illes
1204 2676 1289 2738 multi

277 2774 386 2848 putant
408 2784 468 2826 nen
491 2764 627 2826 homines
649 2765 751 2843 luisse,
774 2763 828 2824 sed
850 2762 978 2842 angeles.

656 2987 772 3056 Oreus
794 2987 915 3054 XXIII.
1307 3007 1341 3056 ee

271 3185 273 3192 .
296 3119 345 3180 An
368 3119 554 3180 credendum
576 3119 617 3178 stt
638 3119 761 3192 anoelos
782 3119 971 3179 substantiae
992 3090 1140 3192 spiritalis
1162 3134 1267 3180 amore

323 3209 531 3284 speciosarum
552 3207 712 3267 mulierum
734 3212 840 3282 captos
862 3206 1030 3266 earundem
1052 3207 1144 3266 inesse
1166 3223 1238 3267 con-
1296 3244 1300 3263 2

457 3297 551 3369 iustu,
573 3311 614 3354 ec
635 3295 743 3369 quibus
763 3296 904 3370 cicentes
925 3295 987 3353 sint
1008 3296 1115 3354 creua.

370 3417 463 3489 Ouum
495 3418 699 3495 quaestionem
725 3433 779 3476 nos
808 3424 1000 3476 transeunter
1029 3424 1287 3477 commemoratam

270 3509 311 3577 in
334 3508 423 3568 tertio
446 3504 535 3566 hirtus
563 3504 662 3584 operis
689 3502 765 3564 libro
788 3502 964 3583 reliquimus
986 3502 1157 3578 insolutam,
1185 3510 1287 3564 utrum
1305 3516 1340 3566 30

352 3646 395 3710 1e)
414 3639 492 3696 eant.
511 3643 536 3706 n,
555 3643 580 3694 t.
618 3640 662 3707 ee)
682 3636 711 3692 c.
730 3643 756 3695 e.

354 3797 386 3844 21
406 3793 559 3861 coeperunt
577 3779 628 3847 Rc
646 3792 655 3861 ll
674 3797 707 3844 23
726 3791 848 3858 iidemu
