3284 4459
560 514 601 556 ns
615 513 758 558 emnem
771 513 825 555 nm
838 515 866 556 n.
878 515 929 556 xv.
943 515 966 557 c.
981 517 1013 558 ss.
1248 501 1290 566 89

282 647 321 710 de
345 646 410 729 illo,
438 665 527 727 quem
553 649 656 727 genuit
677 647 769 710 Adam
795 651 827 710 in
854 651 920 710 eius
941 651 1174 730 successionem,
1202 667 1290 729 quem

282 737 379 796 frater
401 736 523 817 occidit,
551 743 582 796 et
603 735 759 815 appellavit
780 754 889 798 nomen
911 737 990 798 iliius
1013 736 1086 799 Seth
1114 738 1230 820 dcens,
1256 747 1292 800 ut

283 826 507 904 scriptumest:
530 825 696 886 Suscitavit
713 828 792 886 enim
809 828 885 886 mitri
900 827 983 886 Beue
1003 844 1104 888 semen
1126 829 1214 888 aliud
1231 845 1291 904 pro

283 915 372 988 Abel,
399 930 487 988 quem
514 916 628 976 occidit
653 914 737 974 Cain.
782 913 857 976 Cum
879 916 979 992 itaque
1001 915 1075 976 istae
1098 913 1174 975 duae
1197 917 1291 976 series

283 1003 523 1083 generationum,
547 1019 604 1062 una
626 1000 663 1062 de
688 1001 773 1083 Seth,
796 1001 887 1063 altera
910 1002 946 1063 de
969 1001 1049 1083 Cain,
1071 1001 1125 1063 has
1147 1002 1230 1085 duas,
1253 1003 1325 1064 den

285 1089 394 1168 quibus
431 1091 559 1170 agimus,
593 1089 741 1151 distinctis
772 1089 927 1152 ordinibus
962 1091 1114 1153 insinuent
1147 1093 1291 1172 civitates,

283 1196 373 1240 unam
391 1177 549 1240 caelestem
568 1179 706 1238 interris
728 1181 975 1258 peregrinantem,
997 1178 1120 1241 alteram
1141 1188 1291 1241 terrenum

285 1268 413 1328 terrenis
439 1275 589 1345 mmqusm
616 1265 677 1326 sola
706 1268 767 1327 sint
793 1266 908 1346 gaudiis
934 1267 1095 1330 inhiantem
1123 1267 1169 1327 vel
1191 1267 1290 1329 inhae-

288 1364 414 1416 rentem:
445 1354 544 1416 nudus
577 1354 614 1415 de
648 1357 790 1434 progenie
820 1354 907 1433 (ἰείη,
940 1374 1008 1417 cum
1038 1355 1222 1418 dinumerata
1252 1359 1291 1418 sit

287 1452 496 1504 connumerato
519 1441 611 1502 Adam
634 1461 728 1522 usque
752 1443 788 1504 ad
811 1452 942 1504 octavam
965 1447 1194 1526 generationem,
1217 1454 1290 1523 quot
1309 1458 1344 1507 to

287 1549 429 1594 annorum
457 1532 564 1592 fuisset
590 1549 750 1612 expressus
772 1540 832 1611 est,
859 1532 976 1610 quando
1004 1534 1107 1611 genuit
1129 1551 1212 1614 eum,
1239 1535 1291 1612 qui

286 1628 532 1682 commemoratur
560 1628 629 1700 post
656 1637 733 1681 eum.
783 1619 885 1680 Noluit
913 1623 993 1681 enim
1021 1620 1151 1699 Spiritus
1176 1620 1230 1682 liei
1259 1623 1290 1683 in

284 1718 421 1769 terrenae
448 1709 574 1768 civitatis
601 1707 842 1786 generationibus
869 1717 1002 1787 tempora
1029 1718 1133 1770 notare
1155 1717 1223 1770 ante
1246 1709 1289 1769 di·

282 1796 404 1876 lnvium,
427 1795 479 1856 sed
502 1798 534 1856 in
556 1795 691 1857 caelestis
714 1795 831 1878 maluit,
855 1804 1003 1875 nmquam
1025 1805 1127 1858 essent
1148 1799 1289 1859 memoria

282 1885 443 1964 digniores.
486 1883 580 1944 Porro
603 1893 702 1946 eutem
721 1884 793 1947 Seth
816 1884 933 1964 quando
957 1893 1043 1946 natus
1065 1894 1120 1965 est,
1142 1903 1203 1946 non
1224 1887 1344 1964 qui-15

283 1972 353 2034 dem
377 1974 458 2033 tuciti
481 1980 551 2033 srrnt
573 1974 643 2034 anni
664 1975 758 2052 petris
781 1975 860 2052 eins,
884 1973 935 2034 sed
958 1975 1016 2034 iem
1039 1982 1183 2052 genuerat
1203 1973 1289 2054 alios,

282 2070 314 2123 et
336 2068 438 2122 utrum
457 2060 535 2120 solos
553 2059 674 2122 Cain·et
691 2060 772 2142 Abel,
794 2061 950 2122 adfirmare
973 2064 1041 2141 quis
1063 2057 1188 2122 audeat?
1223 2061 1290 2123 Non

283 2152 364 2210 enim
392 2151 460 2227 quia
488 2148 544 2209 soli
569 2150 712 2210 nominati
739 2159 809 2211 sunt
837 2158 960 2228 propter
982 2149 1102 2210 ordines
1125 2153 1289 2228 generatio·

281 2256 355 2300 num
373 2256 447 2317 ques
466 2255 697 2298 commemorare
716 2237 880 2318 oportebat,
902 2238 969 2298 ideo
988 2255 1173 2317 consequens
1196 2237 1307 2319 videri¹

282 2325 373 2388 debet
404 2325 482 2388 solos
510 2326 602 2388 fuisse
629 2334 701 2386 tunc
729 2334 885 2404 generatos
907 2345 944 2388 ex
966 2325 1066 2386 Adam.
1112 2325 1187 2387 Cum
1209 2328 1288 2386 eninr
1308 2339 1343 2390 20

284 2414 402 2475 silentio
432 2415 581 2493 conpertis
616 2415 747 2474 omnium
777 2413 947 2476 nominibus
976 2423 1145 2476 ceterorum
1174 2412 1289 2493 legetur

283 2521 352 2564 euru
371 2503 509 2582 genuisse
528 2501 604 2562 illios
626 2511 657 2564 et
679 2501 765 2563 filias:
788 2511 880 2582 quota
902 2503 994 2564 inerit
1014 2504 1072 2563 ista
1094 2501 1194 2582 proles
1215 2503 1290 2581 eius,

283 2593 352 2670 qrris
383 2598 553 2671 praesumat
584 2589 738 2669 adserere,
768 2593 794 2652 si
826 2590 941 2669 culpem
973 2592 1149 2651 temeritatis
1178 2587 1289 2652 evitet?

282 2678 386 2740 Potuit
412 2680 521 2758 quippe
550 2677 643 2738 Adam
673 2677 813 2740 divinitus
843 2678 1011 2741 admonitus
1039 2678 1155 2760 dicere,
1186 2689 1289 2759 postea

283 2785 371 2847 quam
399 2765 472 2828 Seth
499 2776 587 2828 natus
614 2775 673 2828 est:
701 2767 867 2828 Suscitavit
888 2771 968 2828 enim
989 2769 1064 2829 milti
1085 2769 1167 2829 Deru
1187 2786 1289 2829 semen
1307 2781 1343 2830 25

282 2858 371 2918 aliud
386 2873 447 2933 pro
470 2857 557 2930 acet,
585 2856 724 2934 quoniam
746 2856 813 2916 talis
836 2863 901 2916 erat
923 2856 1056 2936 iuturus,
1078 2857 1130 2934 qui
1151 2855 1290 2935 impleret

282 2945 361 3006 illius
380 2945 575 3024 sanctitatem,
598 2961 658 3004 non
677 2943 755 3021 qnod
773 2945 839 3023 ipse
861 2945 943 3022 prior
965 2951 1033 3023 post
1055 2961 1123 3006 eum
1146 2946 1290 3023 temporis

282 3032 387 3093 ordine
425 3042 606 3094 nasceretur.
660 3029 772 3092 Deinde
807 3031 887 3111 qnod
925 3033 1070 3110 seriptum
1101 3041 1160 3095 est:
1209 3033 1290 3094 Vtcit

282 3130 384 3182 eutem
411 3119 484 3180 Seth
515 3123 647 3196 quinque
679 3126 709 3180 et
735 3122 881 3181 ducentos
910 3137 1006 3181 annos
1034 3113 1096 3201 (vel
1124 3120 1289 3182 secundnm

281 3207 434 3270 Hebraeos
452 3211 584 3283 quinque
601 3215 632 3269 et
648 3215 767 3269 centum
785 3200 906 3288 annos),
928 3216 958 3269 ct
977 3211 1085 3283 genuit
1102 3209 1199 3270 Enna:
1222 3211 1289 3288 quis
1307 3223 1343 3273 3ο

281 3298 377 3377 possit
393 3297 452 3356 nisi
469 3295 705 3356 inconsideratus
723 3295 897 3357 adseverare
919 3295 1000 3356 hunc
1023 3297 1089 3357 eius
1110 3299 1289 3376 primogeni-

351 3471 570 3544 nwnm

283 3773 289 3785 .
352 3707 367 3756 1
390 3701 593 3786 successionem
613 3703 777 3787 VRGepp3
801 3704 976 3760 successione
994 3707 1099 3788 Παῤ
1111 3707 1131 3788 ,ΙΙ
1152 3711 1170 3758 t
1188 3705 1289 3808 occid]

280 3772 472 3843 rugulumtR¹
480 3772 490 3845 i!
499 3779 532 3827 19
544 3789 753 3828 commemorem
764 3774 1276 3847 b¹o30fi104,271128vmt]hsbetR
