3284 4459
545 535 586 575 nn
600 535 744 576 amorra
756 535 810 576 aar
824 535 925 576 11.va
939 535 962 576 o.
975 538 1009 577 ar.
1022 537 1055 577 aa.
1242 521 1304 586 175

674 751 790 820 Garun
807 695 926 818 XXXI.

315 883 361 943 De
384 882 477 943 Isaac
498 883 664 943 secandam
683 883 911 958 promissionem
934 890 1019 956 nato,
1043 884 1098 943 cai
1117 899 1224 942 nomeu
1247 899 1288 944 ex

486 972 550 1030 risu
574 973 732 1044 utriusque
749 973 891 1048 parentas
914 977 959 1030 est
981 971 1116 1031 inditam.

387 1093 459 1154 Post
476 1093 547 1161 baec
567 1102 654 1154 natus
670 1101 717 1153 est
733 1091 880 1154 Abrabae*
892 1092 1055 1154 seeundum
1079 1094 1305 1172 promissionem

296 1181 351 1243 Dei
375 1182 412 1243 de
436 1181 523 1243 Sarra
546 1181 638 1261 filias,
661 1198 788 1258 eumque
811 1179 1088 1261 nonannoeane,
1111 1179 1191 1258 qttod
1214 1182 1340 1241 inter-5

296 1278 434 1349 pretatur
462 1272 549 1330 risus.
599 1269 715 1330 Riserat
742 1270 820 1328 enirn
850 1278 879 1329 et
906 1277 1005 1351 pater,
1037 1267 1154 1347 quando
1182 1270 1209 1328 ei
1236 1286 1304 1346 pro-

298 1360 408 1419 missus
430 1367 486 1439 est,
507 1357 655 1418 admirans
677 1359 708 1418 in
730 1354 850 1437 gaudi05
882 1359 989 1418 riserat
1011 1365 1040 1418 et
1063 1365 1166 1430 mater,
1188 1357 1306 1434 quando

297 1465 352 1526 per
384 1446 451 1508 ibas
482 1455 544 1507 tras
574 1448 652 1506 viros
686 1448 796 1505 iterum
823 1447 988 1523 promissus
1015 1453 1076 1523 est,
1109 1443 1247 1506 dtibitans
1275 1446 1306 1506 in

298 1534 420 1614 gaudi03
438 1535 571 1612 quamvis
589 1532 786 1612 exprobrante
801 1532 913 1611 angelo,
933 1532 1012 1611 quod
1031 1535 1109 1594 risus
1128 1531 1186 1612 itte,
1205 1534 1306 1593 etiam-

299 1624 326 1684 si
343 1622 442 1701 gaudii
461 1623 525 1702 init,
548 1631 645 1682 tanen
663 1621 767 1700 plenae
790 1620 861 1682 fidei
882 1639 942 1682 non
966 1621 1030 1701 init,
1053 1628 1120 1700 post
1142 1620 1178 1681 ab
1202 1620 1306 1682 eodem
1328 1633 1360 1680 to

299 1710 404 1790 angeio
433 1713 464 1770 in
491 1710 548 1770 fide
577 1712 664 1770 etiam
678 1709 863 1770 ,confirmata
891 1719 945 1770 est.
990 1708 1034 1769 Ex
1056 1709 1113 1768 boe
1136 1727 1208 1788 ergo
1231 1726 1307 1788 puer

300 1817 409 1860 nomen
432 1800 553 1877 aceepit.
598 1797 670 1858 Nam
701 1796 780 1875 quod
803 1799 882 1858 risus
905 1796 953 1857 ilie
977 1815 1036 1857 non
1059 1796 1096 1857 ad
1118 1796 1308 1858 inridendum

299 1886 501 1967 opprobrium,
525 1884 577 1946 sed
596 1884 632 1946 ad
651 1885 860 1946 celebrandum
877 1884 1016 1964 gandium
1039 1884 1216 1967 pertinebat,
1238 1893 1307 1947 nato

300 1975 381 2045 isaeo
404 1983 435 2034 et
462 1993 497 2036 eo
527 1976 645 2034 nomine
668 1981 770 2034 vocato
794 1972 882 2034 Sarra
905 1976 1093 2053 monstravit;
1123 1975 1163 2034 ait
1186 1976 1308 2052 quippe:

300 2063 409 2124 Risum
440 2065 515 2124 mibi
541 2061 617 2137 [ecit
648 2063 811 2131 Dominus·
842 2065 1022 2137 quicumque
1053 2065 1132 2124 enim
1165 2064 1308 2136 audierit,
1330 2073 1361 2121 ιτ»

301 2151 506 2226 coaonaeou
527 2153 608 2210 mibi.
654 2150 713 2210 Sed
737 2158 803 2228 post
826 2149 1039 2227 aliquantulum
1063 2160 1180 2228 tempus
1204 2148 1308 2210 aneilla

301 2240 338 2301 de
358 2240 445 2299 domo
462 2240 569 2298 eicitur
587 2256 655 2299 cum
678 2238 738 2298 iiio
761 2255 825 2317 suo,
848 2246 878 2298 et
901 2237 958 2298 duo
982 2238 1029 2298 illa
1053 2238 1217 2298 secundnm
1240 2255 1308 2316 apo·

301 2326 413 2388 stolum
429 2335 604 2388 testamenta
623 2327 835 2406 significantur,
858 2335 942 2386 vetus
961 2337 991 2387 et
1010 2345 1128 2406 rrovurn,
1150 2325 1202 2386 ubi
1221 2323 1309 2385 Sarra

302 2415 352 2475 iila
379 2432 524 2494 supernae
551 2412 751 2495 Hierusalem,
783 2413 840 2474 hoe
870 2424 916 2476 est
939 2416 1063 2476 civitatis
1087 2413 1153 2494 Dei,
1185 2415 1309 2492 figuram

301 2505 387 2581 gerit.
1328 2512 1363 2561 20

670 2690 786 2757 Ounno
807 2691 941 2757 XXXII.

304 2825 350 2884 De
373 2823 562 2883 oboedientia
585 2829 615 2881 et
633 2822 696 2893 fide
718 2822 872 2894 Abrabae,
895 2837 955 2895 qua
974 2838 1033 2896 per
1056 2821 1234 2880 oblationem
1257 2821 1309 2880 im-

393 2911 528 2970 molandi
544 2911 693 2986 probatus
716 2911 846 2982 esttibi,
870 2916 900 2968 et
922 2909 959 2968 de
981 2915 1077 2968 morte
1100 2907 1225 2969 Sarrae.

393 3033 474 3094 lnter
496 3032 584 3113 haee,
606 3050 680 3110 quae
704 3034 802 3093 omnia
826 3049 1056 3092 commemorare
1080 3034 1167 3092 nimis
1191 3031 1310 3111 longum

304 3131 364 3203 est,
394 3129 555 3200 temptatur
582 3119 726 3180 Abrabam
759 3119 795 3180 de
827 3119 1004 3180 immolando
1032 3118 1222 3180 dilectissimo
1251 3120 1309 3181 filio
1330 3132 1363 3180 no

301 3214 369 3290 ipso
398 3208 491 3289 isaeo,
522 3216 557 3268 nt
583 3210 631 3287 pia
659 3211 722 3269 eins
753 3207 939 3269 oboedientia
963 3207 1152 3288 probaretur,
1185 3207 1311 3270 saeculis

304 3300 335 3360 in
360 3299 494 3359 notitiam
516 3296 702 3378 proferenda,
725 3315 784 3356 non
804 3295 873 3356 Deo.
918 3294 1021 3374 Neque
1045 3299 1122 3356 enim
1147 3297 1242 3356 omnis
1266 3304 1312 3356 est

305 3385 449 3466 culpanda
476 3387 643 3465 temptatio,
672 3386 740 3463 qnia
768 3393 798 3444 et
825 3383 995 3462 gratulanda
1019 3394 1081 3465 est,
1109 3402 1165 3462 qua
1190 3383 1222 3443 iit
1244 3401 1310 3462 pro·

378 3505 421 3573 10)
440 3501 507 3558 Gen.
529 3507 570 3571 18,
586 3509 619 3556 12
629 3521 689 3572 sqq.
746 3505 790 3573 to)
808 3502 877 3558 Gen.
898 3508 940 3570 21,
956 3507 979 3556 6.
1036 3505 1079 3573 18)
1099 3499 1159 3555 Gal.
1179 3506 1204 3569 4,
1219 3504 1262 3554 26.

377 3631 394 3679 2
408 3626 487 3680 ouius
497 3643 541 3696 pq
554 3629 563 3696 ΙΙ
579 3631 610 3681 17
621 3626 656 3679 de
666 3642 715 3680 oea.
727 3628 755 3681 R
768 3629 777 3695 lt
790 3625 1010 3695 illaom.1iFep
1023 3629 1032 3696 ΙΙ
1045 3630 1080 3678 20
1089 3624 1174 3695 gerit]
1184 3624 1263 3677 tenet
1272 3623 1312 3688 1t;

304 3697 378 3752 mm
394 3698 427 3751 iu
443 3714 528 3768 marp.
548 3696 623 3768 gerit
634 3699 645 3767 ss
658 3703 692 3750 22
711 3696 846 3751 abraham
863 3699 922 3767 fpp
935 3700 944 3768 ti
958 3703 991 3750 23
1010 3700 1040 3751 et
1058 3696 1092 3750 de
1110 3697 1200 3748 morte
1214 3693 1313 3747 Sarrae

305 3785 355 3822 ou.
371 3768 472 3839 Fsoit
491 3768 526 3822 de
544 3769 633 3822 morbo
651 3784 727 3822 serre
746 3771 775 3822 et
793 3769 829 3821 de
847 3768 988 3837 emptione
1007 3767 1068 3836 agri
1087 3766 1124 3818 ad
1140 3765 1312 3834 sepulturam

306 3839 365 3892 eius
382 3856 403 3907 p
420 3841 430 3907 ΙΙ
448 3845 482 3893 25
501 3841 544 3893 esi
561 3856 611 3894 om.
633 3842 662 3893 V
