3284 4459
562 510 602 550 nn
616 509 760 553 amnena
774 510 1015 551 ammae
1029 512 1049 552 s.
1278 498 1318 559 ll

307 646 526 719 iustificabitur
540 647 635 707 omnis
649 662 734 718 caro,
757 646 818 705 sive
837 644 918 724 quod
940 646 1085 724 scriptum
1107 652 1168 705 est:
1191 645 1318 721 Septua-

305 736 395 809 yinta
413 736 546 808 quinque
564 736 686 795 animae
711 736 935 795 descenderant
959 751 1028 795 cum
1047 733 1142 794 Iacob
1164 736 1197 794 in
1219 734 1318 810 Aepy·

304 828 399 899 ptam.
444 819 483 881 Et
510 819 552 881 ibi
575 824 655 883 enim
677 839 873 901 peromnem
900 838 1020 882 carnem
1042 823 1139 881 omnis
1162 820 1266 902 homo,
1288 830 1320 883 et

307 908 350 971 ibi
377 926 433 989 per
460 910 645 988 septuaginta
673 910 804 989 quinque
832 911 944 972 animas
972 911 1158 989 septuaginta
1185 910 1316 987 utrinqne

306 997 443 1059 homines
478 996 700 1076 intelleguntur.
750 997 789 1059 Et
825 997 905 1077 quod
941 997 1053 1060 dictum
1085 1006 1149 1058 est:
1186 999 1253 1059 Non
1285 1000 1352 1058 int

306 1089 476 1163 sapientiae
503 1087 656 1147 numanae
684 1088 781 1148 docta
806 1088 920 1161 amba,
952 1088 1050 1166 potuit
1072 1085 1144 1147 diei:
1178 1085 1264 1166 „Non
1285 1087 1318 1145 in

308 1175 469 1254 sapientiae
502 1168 659 1255 earnalis“;
692 1176 769 1236 sieut
798 1174 878 1254 qnod
910 1173 1022 1235 dictum
1050 1183 1111 1235 est:
1143 1175 1318 1235 Secundum

308 1265 455 1324 nominem
487 1264 663 1338 ambulatu,
702 1264 799 1341 potuit
829 1263 902 1324 dicit
936 1262 1133 1345 „Secundum
1171 1255 1318 1323 earnem“.

308 1350 403 1430 Magis
427 1358 526 1411 autem
554 1349 611 1411 hoe
638 1352 775 1431 apparuit
799 1352 832 1411 in
859 1350 907 1412 his
935 1369 1011 1430 qnae
1043 1349 1210 1412 subiunxit:
1245 1351 1318 1410 Cum

307 1443 387 1501 enim
413 1442 482 1515 pair
509 1441 608 1501 dicat:
634 1440 700 1515 Epo
729 1441 851 1515 quidem
875 1457 942 1501 eum
966 1441 1070 1513 Pauli,
1098 1443 1178 1501 alius
1199 1446 1371 1500 autem:1o

306 1528 373 1603 Euo
392 1530 505 1604 Apollo,
528 1545 628 1589 noane
645 1530 779 1590 nominer
797 1530 888 1591 eriis?
934 1527 1019 1599 Quod
1042 1526 1171 1589 dicebat:
1194 1528 1317 1587 Anima·

305 1620 351 1678 les
382 1620 466 1690 estis,
498 1624 542 1676 et:
577 1616 724 1677 (larnaler
750 1620 835 1691 estis,
863 1617 1034 1696 expressius
1056 1614 1143 1676 dixit:
1176 1616 1318 1677 Homines

305 1708 393 1778 estis,
421 1703 500 1783 quod
523 1713 582 1765 est:
608 1702 805 1785 „Secundum
827 1704 978 1766 homiuem
1000 1705 1106 1784 vivitis,
1129 1721 1188 1765 non
1212 1721 1317 1765 seeun-

304 1793 379 1854 dum
401 1791 508 1873 Deum‚
531 1792 694 1853 secundum
718 1810 805 1871 quem
830 1793 857 1853 si
878 1794 1031 1872 viveretis,
1054 1791 1095 1852 dii
1119 1786 1253 1855 essetis.“

724 1996 841 2064 Oneon
863 1997 904 2063 V.
1338 2016 1371 2065 15

310 2128 402 2201 Quod
422 2128 460 2188 de
487 2131 624 2203 corporis
647 2130 828 2202 animaeque
849 2133 965 2188 natura
987 2127 1176 2188 tolerabilior
1198 2130 1319 2202 cuidem

368 2217 593 2301 Platonicorum
617 2232 708 2291 quam
731 2214 985 2276 Manichaeorum
1007 2216 1049 2275 sit
1069 2218 1183 2291 opinio,
1205 2217 1263 2276 sed

398 2311 428 2365 et
451 2305 518 2381 ipra
540 2305 746 2380 reprobanda,
769 2306 912 2378 quoniam
934 2306 1076 2364 uitiorum
1099 2306 1230 2363 omnium

538 2408 650 2453 causas
671 2398 805 2453 naturae
826 2394 932 2453 carnia
955 2392 1092 2453 ascribit.

396 2512 462 2575 Non
488 2516 579 2593 igitur
606 2532 682 2594 opus
710 2522 755 2575 est
778 2516 807 2575 in
831 2516 961 2594 peccatis
983 2516 1120 2594 vitiisque
1144 2516 1255 2576 uostris
1278 2512 1315 2575 ad
1335 2527 1370 2577 ao

305 2604 459 2665 Crantoris
485 2603 624 2663 iniuriam
652 2604 749 2663 carnis
777 2620 916 2665 accusare
940 2612 1092 2684 naturam,
1114 2621 1189 2682 qnae
1212 2606 1244 2663 in
1267 2622 1317 2682 ge·
1430 2617 1432 2620 ·

307 2709 382 2753 nere
415 2699 503 2770 atque
535 2690 639 2751 ordine
667 2709 722 2751 suo
749 2690 826 2751 bona
858 2699 917 2773 est3
949 2690 1001 2752 sed
1028 2691 1147 2751 deserto
1176 2689 1317 2752 Creatore

301 2781 387 2842 bono
417 2780 514 2840 vivere
542 2776 705 2840 secundnm
734 2788 867 2840 creatum
896 2778 1007 2840 honum
1035 2798 1095 2840 non
1122 2787 1169 2840 est
1196 2778 1318 2862 honum,

305 2871 371 2931 sive
399 2869 524 2947 quisque
560 2860 724 2928 secundum
754 2885 874 2928 carnem
905 2870 965 2928 sive
998 2866 1162 2928 secundum
1191 2870 1318 2929 animam

305 2958 371 3019 sive
395 2954 560 3017 secundum
582 2963 678 3017 totum
700 2954 863 3037 hominem,
894 2957 945 3035 qui
968 2974 1004 3017 ex
1028 2959 1125 3017 anima
1148 2964 1264 3017 constat
1287 2964 1317 3017 et
1336 2968 1370 3020 at

305 3062 398 3106 carne
427 3036 521 3127 (unde
548 3050 579 3105 et
606 3044 724 3104 nomine
752 3042 845 3104 solius
872 3046 986 3105 animae
1015 3052 1045 3105 et
1074 3045 1193 3105 nomine
1224 3044 1316 3105 solius

306 3134 408 3194 carnis
440 3132 599 3211 significari
627 3125 740 3213 potest)
772 3131 860 3211 eligat
893 3135 1001 3195 rivere.
1050 3132 1124 3193 Nam
1153 3134 1204 3212 qui
1237 3132 1317 3193 velut

308 3238 459 3282 summum
483 3220 593 3281 bonurn
616 3219 714 3280 laudat
737 3222 850 3281 animae
874 3228 1009 3281 naturam
1031 3229 1062 3282 et
1084 3229 1233 3300 umquam
1256 3239 1316 3281 ma·

306 3310 371 3371 ium
389 3316 525 3369 naturam
543 3308 640 3368 carnis
658 3314 785 3391 accusat,
808 3309 942 3387 proiecto
961 3318 992 3370 et
1010 3310 1136 3370 animam
1160 3308 1317 3369 carnaliter

381 3446 408 3513 1)
425 3443 505 3499 nom.
524 3449 550 3511 e,
569 3448 611 3497 eo.
648 3447 675 3511 e)
695 3440 762 3497 Gen.
781 3448 827 3509 aa,
844 3448 887 3498 er.
925 3447 970 3513 tt)
990 3451 1012 3500 1.
1032 3443 1093 3499 cor.
1112 3451 1138 3511 a,
1156 3448 1182 3498 4.

378 3630 392 3679 1
411 3625 580 3679 instificetur
594 3626 647 3691 Ve;
663 3625 698 3691 cf.
713 3628 785 3691 429
798 3626 808 3694 i
823 3629 856 3677 10
869 3623 984 3694 quidem
996 3640 1066 3691 mea;
1083 3640 1133 3679 ora.
1147 3641 1164 3678 o
1177 3626 1186 3693 ΙΙ
1201 3628 1235 3677 18
1246 3623 1310 3693 ipsa

307 3694 484 3764 reprobanda
503 3698 540 3763 V3
563 3694 619 3764 ipsi
640 3694 828 3763 reprobantur
844 3711 909 3765 ppo
926 3694 1078 3766 nomnium
1098 3696 1138 3762 V;
1160 3711 1210 3749 one.
1230 3711 1295 3763 aaa
1307 3679 1319 3754 ii

307 3766 423 3822 ascribit
440 3768 554 3837 aarum
573 3765 689 3835 asnapii
708 3767 746 3834 V3
765 3765 930 3821 adscribunt
942 3783 1007 3835 pao
