3284 4459
357 473 422 538 322
759 485 779 527 s.
793 485 956 528 soousrntt

357 621 393 684 ed
407 622 464 682 boc
482 631 597 684 tantum
611 631 686 700 opu's
705 619 867 681 electorum
886 623 1035 683 neminem
1048 622 1181 684 iudicant
1193 622 1365 702 praeieran-

356 711 441 790 dum3
464 713 541 792 quia,
564 711 620 771 etsi
642 727 702 770 nou
724 711 755 770 in
779 711 823 770 eis
845 727 924 770 unus
946 712 1132 790 apparuisset
1153 713 1276 790 spiritus
1298 713 1366 772 sine

355 798 538 860 dubitatione
555 798 683 878 divinus,
701 796 752 859 sed
771 799 850 858 inter
863 816 895 858 se
914 797 1003 859 verba
1021 800 1275 879 interpretationis
1292 817 1366 860 suae

357 890 542 967 septuaginta
556 886 636 948 docti
650 902 732 947 more
746 886 899 947 hominum
914 885 1118 968 contulissent,
1141 897 1183 970 ut,
1205 888 1283 967 quod
1302 887 1365 967 pla·

321 977 467 1037 acuisset
490 974 642 1056 omnibus,
670 973 726 1035 boc
749 984 896 1054 maneret,
924 974 1024 1037 nullus
1046 978 1091 1037 eis
1113 995 1192 1038 unus
1214 979 1367 1056 interpres

357 1063 459 1126 debuit
475 1065 627 1144 anteponi3
646 1080 714 1124 cum
734 1079 803 1124 vero
822 1071 938 1124 tantum
955 1065 985 1124 in
1004 1066 1048 1125 eis
1067 1065 1185 1144 signum
1202 1063 1367 1126 divinitatis

356 1155 505 1233 apparuit,
531 1153 666 1231 proiecto
689 1152 824 1230 quisquis
846 1150 922 1212 alius
948 1150 1066 1214 illarum
1088 1155 1303 1234 scripturarum
1327 1171 1367 1214 ex

356 1239 488 1302 Hebraea
502 1244 533 1302 in
549 1238 710 1319 quamlibet
722 1239 807 1299 aliam
824 1238 952 1318 linguam
967 1242 1115 1320 interpres
1133 1250 1180 1302 est
1197 1259 1295 1322 verax,
1313 1250 1366 1302 aut

357 1331 494 1408 congruit
508 1328 565 1389 illis
580 1328 764 1407 septuaginta
777 1327 1001 1408 interpretibus,
1018 1337 1071 1390 atrt
1084 1332 1111 1390 si
1122 1346 1183 1390 non
1198 1347 1365 1408 congruere

305 1427 338 1476 ιο
357 1417 482 1498 videtur,
505 1416 628 1478 altitudo
647 1414 689 1476 ibi
705 1415 880 1494 prophetica
897 1433 964 1476 esse
982 1417 1129 1479 credenda
1147 1427 1201 1479 est.
1234 1418 1365 1497 Spiritus

297 1549 298 1554 η
357 1509 449 1586 enim,
476 1507 580 1584 quiin
602 1502 758 1584 prophetis
779 1512 875 1584 erat,¹
891 1504 1009 1582 quaudo
1032 1504 1080 1566 illa
1102 1505 1257 1586 dixerunt,
1283 1505 1366 1568 idem

356 1597 419 1676 ipse
443 1603 507 1655 erat
529 1596 618 1655 etiam
640 1593 671 1652 in
694 1593 880 1670 septuaginta
901 1594 983 1673 viris,
1005 1593 1124 1672 quando
1146 1594 1195 1655 illa
1217 1597 1365 1674 interpre-

356 1685 410 1744 tati
437 1692 521 1762 sunt3
550 1683 601 1761 qui
628 1681 763 1760 prolecto
791 1683 965 1741 auctoritate
989 1681 1086 1742 divine
1109 1691 1140 1743 et
1161 1682 1240 1744 aliud
1263 1683 1365 1743 dicere

356 1773 461 1851 potuit,
474 1779 622 1848 tamquam
631 1767 774 1849 propheta
783 1767 833 1828 ille
847 1777 1007 1848 utrumque
1021 1769 1153 1851 dixisset,
1166 1773 1235 1850 quia
1248 1780 1364 1833 utrum-

305 1866 338 1917 15
357 1878 414 1938 que
435 1859 513 1920 idem
533 1858 661 1937 Spiritus
680 1855 803 1938 diceret,
825 1865 856 1917 et
874 1855 929 1918 boc
953 1859 1050 1937 ipsum
1072 1859 1166 1940 aliter,
1188 1869 1232 1942 ut,
1253 1861 1281 1921 si
1303 1877 1365 1920 non

357 1948 460 2009 eadem
478 1945 576 2027 verba,
598 1946 676 2007 idem
695 1953 793 2005 mmen
812 1962 918 2006 sensus
936 1944 1013 2006 bene
1031 1947 1271 2027 intellegentibus
1289 1947 1364 2008 dilu-

357 2045 505 2115 cesceret,
531 2043 562 2096 et
588 2032 697 2112 aliquid
724 2035 962 2112 praetermittere
991 2043 1020 2096 ct
1048 2035 1156 2114 aliquid
1180 2036 1302 2116 addere,
1331 2045 1365 2097 ut

357 2127 445 2186 etiam
463 2124 532 2186 binc
556 2122 765 2184 ostenderetur
789 2139 849 2182 non
867 2121 1024 2183 humanam
1042 2123 1134 2184 luisse
1153 2126 1185 2185 in
1203 2124 1253 2185 illo
1272 2143 1364 2204 opere

357 2215 547 2292 servitutem,
578 2228 664 2290 quam
692 2207 790 2270 verbis
817 2209 943 2271 debebat
970 2213 1131 2292 interpres,
1161 2212 1212 2273 sed
1236 2212 1364 2274 divinam

304 2309 338 2359 20
356 2303 455 2381 potius
464 2308 650 2380 potestatem,
663 2315 738 2376 quae
748 2307 879 2358 mentem
893 2297 1026 2378 replebat
1039 2308 1070 2361 et
1083 2300 1203 2380 regebat
1217 2303 1365 2380 interpre-

356 2392 404 2450 tis.
431 2387 571 2448 Nonnulli
585 2397 683 2448 autem
697 2384 814 2446 codices
829 2385 958 2447 Graecos
971 2390 1223 2466 interpretationis
1238 2388 1363 2469 Septua-

261 2543 265 2552 ,
356 2481 436 2557 ginta
450 2494 485 2537 ex
495 2474 638 2536 Hebraeis
648 2471 799 2534 codicibus
814 2474 1012 2536 emendandos
1025 2485 1181 2558 putarunt,
1195 2494 1250 2538 nec
1264 2487 1364 2538 mmen

357 2569 422 2626 ausi
440 2573 511 2626 sunt
529 2563 695 2642 detrahere,
714 2560 792 2640 quod
806 2559 934 2622 Hebraei
951 2581 1011 2624 non
1031 2563 1177 2626 habebant
1194 2574 1225 2626 et
1239 2565 1364 2645 Septua

356 2656 436 2733 ginta
454 2661 634 2732 posuerunt;
653 2648 704 2710 sed
722 2656 837 2710 tantum
853 2651 939 2711 modo
958 2651 1144 2735 addiderunt,
1161 2671 1236 2732 quae
1255 2657 1286 2715 in
1305 2653 1364 2715 He·

303 2748 339 2799 25
356 2740 454 2804 bracis
482 2742 600 2800 inventu
627 2736 705 2817 apud
728 2736 919 2817 Septuaginta
947 2749 1126 2822 nouerant,
1153 2760 1247 2821 eaque
1270 2745 1364 2822 signis
1466 2752 1467 2803 ὲ

357 2827 532 2908 quibusdum
555 2830 585 2887 in
605 2824 756 2887 stellarum
774 2825 894 2886 modum
913 2828 998 2889 lactis
1021 2828 1057 2888 ad
1081 2832 1176 2909 cupita
1199 2830 1364 2893 eorundem

356 2933 496 2977 versuum
511 2922 696 2993 notaverunt,
714 2931 789 2992 qnae
804 2917 887 2994 signo
901 2918 1058 2978 asteriscos
1072 2927 1185 2979 vocant
1213 2917 1264 2979 llla
1282 2938 1365 3002 vero,

357 3022 431 3085 quae
450 3022 509 3064 non
528 3002 639 3064 babent
656 3000 792 3081 Hebraei,
818 3001 927 3064 babent
945 3013 1043 3065 autem
1063 3004 1263 3088 Septuaginta,
1281 3010 1364 3069 simi·

356 3093 424 3153 liter
438 3091 474 3154 ad
493 3094 589 3171 capita
607 3108 746 3151 versuum
761 3090 926 3153 iacentibus
945 3093 1074 3175 virgulis,
1093 3096 1170 3157 siout
1189 3095 1364 3157 scribuntur

303 3190 337 3240 oo
356 3183 470 3262 unciae,
493 3182 690 3259 signaverunt.
736 3176 775 3240 m
793 3179 879 3240 multi
897 3180 1014 3241 codices
1037 3181 1089 3244 bes
1111 3191 1196 3244 notas
1218 3182 1364 3246 babentes

356 3287 568 3349 usquequaque
588 3267 686 3328 diliusi
705 3274 776 3328 sunt
793 3275 825 3329 et
841 3266 945 3330 Latini.
983 3268 1063 3340 Qtrae
1083 3281 1258 3332 autemnon
1277 3290 1363 3352 prae-

355 3359 491 3418 termissa
513 3355 559 3416 vel
582 3355 688 3435 addita,
711 3354 762 3416 sed
787 3352 871 3417 aliter
895 3356 971 3417 dicta
995 3368 1073 3440 sunt,
1096 3361 1157 3420 sive
1180 3359 1269 3421 alium
1293 3379 1363 3422 sen·

355 3464 420 3506 sum
439 3446 548 3506 iaciant
565 3445 652 3504 ctiam
672 3445 769 3523 ipsum
788 3462 848 3504 non
871 3444 1087 3528 abhorrentem,
1110 3450 1171 3509 sive
1194 3447 1250 3508 alio
1274 3449 1363 3510 modo

355 3533 482 3595 cundem
501 3550 622 3594 sensum
641 3531 787 3612 explicare
807 3540 1020 3614 monstrentur,
1043 3537 1100 3595 nisi
1123 3537 1258 3615 utrisque
1281 3536 1363 3597 codi·
1465 3564 1466 3619 3

302 3631 335 3680 aa
355 3620 439 3682 cibus
467 3621 608 3700 inspectis
636 3627 791 3698 nequeunt
816 3621 951 3699 reperiri.
997 3620 1030 3683 Si
1059 3640 1146 3706 ergo,
1172 3631 1207 3684 ut
1233 3634 1363 3706 oportet,
1465 3684 1466 3687 ,

424 3777 438 3822 '1
464 3769 597 3840 apperuit
615 3770 741 3824 ΒΑΜ
762 3771 846 3824 Porr.
864 3787 882 3824 o
906 3772 952 3837 (ct.
972 3774 1039 3839 342,
1052 3777 1175 3844 20eqq);
1198 3782 1365 3846 apperuen't

350 3841 493 3911 pHoffm.
514 3843 523 3909 l
545 3846 578 3894 1⁶
602 3840 626 3894 si
649 3855 698 3895 om.
715 3841 771 3908 pE
790 3841 799 3909 ΙΙ
820 3846 854 3892 34
877 3841 1021 3908 utriunque
1040 3843 1137 3913 RAp¹
1156 3848 1166 3915 l
1186 3853 1220 3902 36
1239 3849 1364 3919 igiturv

341 4097 470 4154 A
