3284 4459
360 475 426 538 324
625 505 628 510 ·
665 511 669 518 -
770 489 792 530 s.
805 489 971 532 aueusrmr

350 625 473 684 'Nineue
498 632 668 684 evertetur.
724 623 914 702 Septuaginta
950 626 1059 703 quippe
1096 622 1181 701 longe
1216 625 1368 701 posterius
1461 634 1462 697 ᾗ

360 713 546 789 interpretati
572 710 650 771 aliud
669 711 776 772 dicere
804 719 980 791 potuerunt,
1010 710 1089 790 quod
1117 719 1216 770 tamen
1244 711 1280 770 ad
1303 729 1370 772 rem
1461 770 1462 773 ,

359 801 523 878 pertineret
550 806 580 859 et
607 801 636 858 in
665 818 757 860 unum
781 800 967 878 eundemque
992 816 1126 872 sensum,
1156 801 1287 877 quamvis
1311 800 1368 860 suh

361 886 451 947 altera
479 888 705 968 significatione,
733 896 940 968 concurreret,
970 887 1201 966 admoneretque
1224 887 1369 949 lectorem

326 984 487 1053 antraque
515 977 688 1036 attctoritate
718 994 776 1036 non
801 985 900 1055 spreta
928 975 965 1036 ah
984 975 1110 1036 historia
1134 993 1200 1036 sese
1223 975 1367 1036 adtollere
1462 1030 1463 1033 ,

360 1063 396 1122 ad
419 1081 452 1123 ea
476 1063 666 1144 requirenda,
695 1073 817 1143 propter
847 1080 921 1143 quae
944 1063 1134 1143 significanda
1158 1063 1280 1124 historia
1304 1067 1369 1143 ipsa

360 1153 527 1229 conscripta
550 1159 605 1212 est.
649 1151 736 1212 Gesta
759 1159 830 1213 sunt
852 1156 961 1231 quippe
984 1150 1032 1212 illa
1055 1154 1086 1211 iu
1105 1151 1216 1212 Nineve
1240 1154 1369 1233 civitate,

361 1240 412 1300 sed
436 1239 546 1318 aliquid
569 1243 657 1301 etiam
680 1241 928 1322 significaverunt,
950 1240 1029 1319 quod
1053 1239 1173 1300 modeim
1196 1239 1275 1300 illius
1298 1243 1369 1301 civi·

355 1329 430 1390 tatis
461 1327 595 1408 excedat3
626 1331 703 1389 sicut
732 1338 849 1407 gestum
878 1337 940 1408 est,
971 1328 1050 1408 quod
1078 1330 1141 1407 ipse
1170 1328 1313 1407 propheta
1337 1332 1369 1389 in

308 1428 342 1477 ιο
361 1424 463 1476 ventre
482 1418 542 1478 ceti
557 1415 657 1477 triduo
676 1417 741 1498 luit,
764 1424 794 1477 et
816 1425 914 1477 tamen
938 1417 1027 1477 alium
1051 1417 1224 1495 significarit
1246 1419 1278 1476 in
1300 1435 1370 1496 pro·
1432 1432 1436 1441 ·
1463 1442 1464 1497 3

362 1504 454 1565 fundo
483 1505 592 1564 interni
619 1505 717 1565 triduo
747 1505 895 1583 lutrarum,
926 1507 978 1585 qui
1006 1504 1143 1564 dominus
1167 1512 1214 1564 est
1235 1508 1369 1565 omnium

361 1591 581 1671 prophetarum.
634 1592 821 1672 Quapropter
853 1597 879 1653 si
910 1613 965 1672 per
995 1593 1074 1653 illam
1106 1593 1253 1653 civitatem
1286 1602 1370 1654 recte

361 1681 505 1758 accipitur
527 1680 651 1741 ecclesia
674 1684 805 1760 gentium
829 1681 1001 1762 prophetice
1025 1681 1162 1760 figurata,
1185 1698 1286 1740 eversa
1303 1683 1368 1742 sei·

362 1767 431 1829 licet
459 1785 522 1848 per
541 1773 762 1849 paenitentiam,
789 1778 824 1830 ut
856 1769 951 1849 qualis
979 1770 1076 1830 luerat
1100 1772 1160 1829 iam
1191 1787 1251 1828 non
1280 1779 1371 1849 esset,

312 1869 343 1918 ιε
361 1855 418 1915 hoc
448 1859 585 1934 quoniam
614 1876 669 1938 per
692 1857 842 1919 Christum
872 1859 982 1919 lactum
1012 1865 1058 1918 est
1088 1860 1119 1917 iu
1145 1856 1270 1918 ecclesia
1298 1876 1370 1936 geu·
1464 1846 1465 1871 ³

362 1946 446 2025 tium,
469 1947 554 2006 cuius
577 1946 625 2006 illa
648 1946 758 2006 Nineve
781 1948 906 2025 liguram
929 1945 1058 2025 gerebat,
1081 1948 1143 2006 sire
1166 1963 1221 2023 per
1244 1947 1369 2024 quadra-

362 2034 442 2111 ginta
471 2033 535 2094 dies
565 2037 624 2094 sive
659 2053 712 2113 per
741 2035 873 2096 triduum
910 2035 986 2095 idem
1016 2037 1081 2113 ipse
1110 2034 1293 2112 significatus
1323 2043 1370 2096 est

363 2119 511 2202 Christus3
543 2141 597 2202 per
625 2123 816 2203 quadraginta
844 2123 971 2203 seilicet,
1004 2124 1070 2201 quia
1099 2129 1143 2184 tot
1166 2121 1229 2182 dies
1252 2126 1370 2202 peregit

363 2227 430 2270 cum
462 2209 614 2290 discipulis
646 2214 707 2272 suis
737 2221 804 2290 post
833 2213 1084 2272 resurrectionem
1114 2219 1145 2271 et
1174 2211 1307 2271 ascendit
1337 2214 1369 2271 in

311 2311 344 2359 ιο
363 2297 489 2378 eaelum3
507 2300 711 2377 pertriduum
730 2317 809 2379 vero,
833 2303 901 2378 qula
920 2301 967 2361 die
985 2301 1074 2360 tertio
1093 2301 1272 2378 resurrexit3
1297 2308 1369 2359 tam-

362 2403 450 2464 quam
477 2386 618 2448 lectorem
648 2388 718 2447 nihil
746 2386 824 2447 aliud
853 2406 941 2466 quam
974 2387 1113 2447 historiae
1143 2405 1244 2447 rerum
1273 2397 1370 2466 gesta·

361 2491 429 2534 rum
455 2475 610 2536 inhaerere
638 2479 806 2555 cupientem
834 2474 870 2536 de
898 2493 1001 2537 somno
1028 2477 1222 2536 excitaverint
1250 2483 1368 2554 septua-

362 2563 441 2639 ginta
471 2565 649 2643 interpretes
686 2563 823 2642 idemque
861 2563 1021 2643 prophetae
1054 2563 1089 2624 ad
1122 2562 1368 2642 perscrutandam

361 2648 546 2711 altitudinem
577 2651 748 2731 prophetiae
786 2661 815 2714 et
855 2652 981 2731 quodam
1015 2652 1100 2712 modo
1133 2651 1275 2713 dixerint:
1310 2651 1371 2733 „ln

310 2748 343 2797 at
363 2736 554 2816 quadraginta
577 2739 681 2800 diebus
704 2742 801 2819 ipsuui
826 2759 950 2821 quaere,
972 2743 1003 2802 in
1026 2758 1085 2818 quo
1109 2749 1139 2800 et
1162 2739 1294 2801 triduum
1317 2759 1370 2819 po·

362 2827 456 2887 tueris
485 2828 630 2908 invenire3
660 2828 730 2888 illud
758 2830 788 2888 in
815 2831 1004 2910 ascensione,
1031 2828 1087 2889 lroc
1114 2831 1146 2888 in
1173 2830 1239 2890 eius
1269 2846 1370 2890 resur·

361 2915 494 2974 rectione
524 2911 683 2995 reperies.“
727 2916 855 2996 Propter
876 2916 955 2996 quod
979 2925 1106 2995 utroque
1130 2933 1256 2977 numero
1279 2919 1370 2995 signi-

361 3002 443 3061 ficari
470 3007 744 3065 convenientissime
774 3009 887 3085 potuit,
916 3022 1043 3084 quorum
1074 3023 1166 3066 unum
1188 3022 1244 3083 per
1267 3005 1370 3066 lonam

361 3089 547 3171 prophetam,
573 3093 700 3154 alterum
727 3111 781 3172 per
809 3096 994 3172 septuaginta
1020 3095 1219 3172 interpretum
1241 3093 1370 3172 prophe·

308 3189 343 3239 tto
363 3179 448 3258 dam,
478 3188 575 3240 tamen
606 3198 682 3241 unus
712 3189 801 3260 atque
831 3180 909 3242 idem
940 3181 1069 3263 Spiritus
1100 3181 1182 3242 dixit.
1227 3179 1370 3260 Longitu·

361 3265 459 3326 dinem
482 3268 571 3348 logio,
593 3277 627 3330 ut
649 3288 708 3330 non
725 3268 798 3331 haec
820 3275 876 3349 per
900 3268 1222 3348 multademonstrem,
1249 3271 1280 3330 in
1303 3272 1371 3348 qui·

360 3354 416 3414 bus
439 3354 475 3415 ab
499 3355 640 3418 llehraica
663 3360 785 3419 veritate
807 3366 951 3436 putantur
974 3360 1159 3436 septuaginta
1188 3359 1372 3436 interpretes

361 3443 529 3524 discrepare
558 3453 587 3505 et
613 3444 689 3506 bene
717 3445 858 3506 intellecti
888 3447 1079 3505 inveniuntur
1107 3462 1173 3505 esse
1196 3444 1372 3509 concordes.

361 3530 443 3593 Unde
468 3535 555 3594 etiam
573 3552 627 3613 ego
645 3551 700 3612 pro
723 3551 789 3593 meo
814 3532 933 3593 modulo
956 3524 1078 3612 vestigia
1101 3550 1229 3612 sequeus
1250 3537 1371 3612 aposto·

432 3691 446 3738 1
466 3686 608 3740 euerletur
627 3679 822 3756 GobgpoE'3
840 3686 966 3738 uertetur
984 3685 1012 3739 R
1030 3687 1175 3754 (antecedit
1191 3690 1230 3756 e);
1255 3689 1371 3756 subuer.

360 3776 436 3828 tetur
454 3769 593 3839 ΑΒέΕΨς
614 3771 821 3826 subuerterelror
839 3781 856 3823 n
874 3774 884 3841 ll
901 3772 985 3842 longe
1003 3789 1052 3827 om.
1067 3773 1095 3828 R
1113 3777 1123 3844 l
1141 3779 1175 3829 25
1193 3773 1299 3845 poteria
1320 3780 1372 3849 (ἔρ
