3284 4459
348 500 391 566 96
753 515 952 560 sunonem

349 653 473 712 mnrium
496 652 731 732 feminarumque
754 653 963 712 eoniuneIIone
986 654 1171 731 proveniunt
1217 651 1302 714 Unde
1326 663 1356 715 et

348 741 442 820 ipsae,
470 740 548 819 quod
575 748 694 820 praeter
720 739 810 802 Evam
837 757 984 819 nusquam
1011 742 1161 819 reperitur
1188 749 1256 802 onte
1279 742 1356 803 dilu-

347 829 437 907 vium,
459 829 628 890 nominIhus
646 831 774 908 propriis
797 831 1005 908 exprimuntur
1028 846 1136 888 uxores
1158 828 1238 891 illius
1260 829 1356 892 homi
1456 886 1460 899 ,

348 917 409 996 uis,
437 919 488 996 qui
519 920 689 978 nomiuatur
719 916 768 978 hie
800 919 978 978 novissimus
1004 925 1097 996 pater.
1143 915 1228 978 Siout
1254 927 1357 980 autem

313 1013 329 1063 ὁ
349 1002 429 1084 Cain,
453 1005 531 1084 quod
554 1008 767 1086 interpretatur
785 1007 943 1086 possessio,
966 1014 1102 1067 terrenae
1126 1007 1262 1067 eonditor
1285 1010 1355 1068 eivi-

348 1094 431 1173 tatis,
454 1101 485 1154 et
507 1094 585 1155 tihus
608 1096 686 1176 eius,
713 1096 743 1154 in
768 1096 854 1155 euius
877 1095 996 1154 noque
1019 1094 1137 1154 condite
1160 1103 1219 1176 est,
1241 1094 1356 1176 IIuoeh,

349 1181 429 1260 quod
461 1183 675 1263 iuterpretatur
705 1181 866 1264 dedicatio,
894 1182 1005 1243 indicat
1031 1183 1118 1243 istem
1145 1185 1295 1245 civitatem
1325 1196 1357 1245 et

348 1271 464 1331 initium
498 1279 529 1331 et
559 1272 648 1332 finem
684 1269 793 1331 hahere
826 1279 997 1352 terrenum,
1028 1269 1080 1330 ubi
1112 1270 1184 1331 nihil
1216 1280 1356 1351 speratur

349 1358 483 1439 amplius,
505 1376 593 1437 quam
611 1361 642 1419 iu
660 1358 717 1419 hoe
736 1358 854 1421 saeculo
873 1360 958 1419 eernl
974 1367 1087 1437 potest:
1109 1361 1150 1419 itu
1169 1359 1250 1440 Seth,
1274 1361 1355 1439 quod

297 1457 330 1507 ιο
349 1448 562 1526 interpretatur
591 1450 787 1528 resurreetio,
820 1464 888 1508 eum
916 1449 954 1507 sit
982 1449 1205 1525 generationum
1232 1466 1356 1510 seorsus

348 1543 642 1596 commemoratarum
673 1544 774 1616 poter,
811 1535 881 1614 quid
913 1535 951 1595 de
982 1534 1041 1596 filio
1073 1537 1137 1596 eIus
1168 1554 1251 1596 sacra
1281 1535 1356 1598 haee

348 1621 471 1684 historia
493 1623 583 1705 dicut,
606 1623 781 1684 intuendum
805 1632 861 1684 est

722 1848 841 1915 eursu
858 1849 979 1916 XVIII.

353 1977 656 2052 Ouidsmnifieatom
678 1980 719 2037 sit
740 1981 772 2038 in
789 1979 867 2038 Abel
886 1984 918 2039 et
938 1977 1011 2038 Seth
1033 1985 1064 2039 et
1085 1979 1175 2053 Eoos,
1196 1982 1279 2054 quod
1299 1998 1354 2057 op-

296 2075 329 2125 16
375 2068 554 2141 parented
578 2065 728 2126 Christum
751 2073 782 2126 et
802 2083 914 2141 corpus
936 2069 1011 2140 eius,
1033 2069 1068 2128 id
1088 2076 1133 2128 est
1154 2070 1323 2147 ecelesiam,

764 2157 929 2230 pertinere,

437 2277 476 2336 Et
493 2277 573 2353 Seth,
596 2279 701 2356 iuquit,
723 2284 813 2338 notus
832 2284 876 2338 est
894 2279 985 2353 filius,
1008 2285 1039 2339 et
1060 2281 1225 2340 nummasii
1245 2297 1355 2342 nomen

348 2367 413 2426 eius
445 2366 542 2437 Enos;
572 2368 624 2427 hie
654 2369 789 2442 sperauit
820 2368 965 2427 inuocare
995 2383 1102 2428 nomen
1133 2369 1256 2429 Bomt'ni
1285 2370 1354 2430 Dei.

348 2453 459 2532 Nempe
492 2454 597 2515 elamat
628 2453 782 2515 adtestatio
815 2455 955 2515 veritatis.
1008 2453 1042 2515 Iu
1075 2473 1127 2535 spe
1158 2457 1250 2534 igitur
1282 2459 1355 2518 vivit

295 2553 329 2602 *ιο
348 2541 435 2602 homo
458 2541 536 2602 filius
558 2544 799 2623 resurrectionis3
822 2544 853 2602 iu
876 2561 928 2622 spe
951 2545 1035 2618 vivit,
1058 2543 1197 2623 quamdiu
1221 2548 1353 2625 peregri·

349 2637 435 2690 netur
454 2629 511 2711 luc,
533 2632 636 2691 civitas
654 2630 715 2713 Dei,
738 2649 813 2710 quae
832 2633 962 2711 gIgnitur
985 2651 1020 2692 ex
1044 2632 1100 2692 fide
1123 2636 1354 2695 resurrectionis

349 2716 466 2778 Christi.
511 2717 555 2779 Ex
583 2718 698 2780 duobus
725 2737 853 2799 namque
875 2719 933 2779 Illis
955 2719 1138 2800 homiuibus,
1161 2720 1249 2802 Abel,
1272 2723 1353 2801 quod

349 2808 561 2885 iuterpretatur
583 2807 690 2887 iustus,
713 2815 743 2868 et
767 2810 831 2868 eius
854 2808 945 2868 fratre
968 2806 1049 2888 Seth,
1073 2809 1151 2887 q'uod
1175 2811 1352 2889 interpretu-

348 2901 397 2953 tur
427 2897 625 2969 resurreetio,
657 2914 737 2956 mors
769 2895 879 2956 Christi
910 2904 941 2955 et
972 2897 1030 2956 vitu
1060 2898 1124 2957 eius
1156 2916 1191 2956 ex
1224 2901 1352 2959 mortuis

295 2991 329 3040 25
348 2981 498 3060 figuratur,
544 2982 588 3042 Er
621 3001 678 3062 qua
707 2983 764 3043 fide
791 2986 922 3063 gIgnitur
951 2982 999 3045 hio
1028 2985 1129 3044 civitas
1153 2985 1220 3066 Dei,
1252 2985 1354 3049 idest

347 3070 451 3150 homo,
484 3073 534 3149 qui
567 3073 695 3150 speravit
726 3073 864 3132 Invocare
895 3089 1003 3132 nomen
1035 3071 1151 3133 Domini
1183 3073 1244 3134 uei.
1291 3075 1356 3151 Spe

347 3161 431 3218 enim*
448 3163 527 3220 salui
544 3158 626 3236 sactes
646 3178 762 3235 sumus,
785 3162 826 3220 ait
847 3159 1006 3239 apostolus.
1052 3161 1126 3238 Spes
1149 3168 1250 3222 autem
1271 3179 1355 3237 quae
1469 3192 1470 3251 r

347 3248 480 3320 videtur,
503 3265 563 3308 non
585 3256 630 3309 est
651 3266 726 3324 spes.
776 3249 864 3321 Quod
884 3251 963 3309 enim
985 3251 1067 3310 videt
1088 3253 1167 3324 quis,
1190 3253 1266 3324 quid
1285 3269 1353 3327 spe·

347 3337 418 3395 rot?
454 3336 489 3396 Si
510 3344 608 3397 autem
631 3339 713 3411 quod
734 3354 794 3398 non
816 3339 949 3398 videmus
970 3354 1136 3417 speramus,
1155 3356 1214 3414 per
1232 3342 1353 3415 patim-

294 3432 328 3481 30
347 3425 420 3483 tiam
457 3430 657 3500 expectamus.
702 3423 774 3484 Nam
812 3427 879 3503 quis
912 3442 1014 3485 vacare
1046 3426 1103 3486 hoo
1135 3427 1283 3486 existimet
1314 3427 1353 3488 eb

418 3545 461 3611 18)
480 3541 548 3597 Gen.
567 3547 592 3608 4,
607 3547 650 3595 ee.
705 3544 750 3610 eo)
768 3543 847 3596 Rom.
868 3547 893 3611 s,
908 3549 993 3612 susq.

418 3707 451 3755 10
473 3717 597 3756 seorsum
620 3701 668 3756 Ro
691 3703 700 3770 ΙΙ
723 3704 756 3753 28
780 3701 849 3770 quid
872 3719 913 3771 sp.
934 3702 1169 3773 VFGn’ahpro
1191 3705 1237 3774 (ef.
1257 3706 1303 3761 hh
1319 3713 1357 3764 10

345 3787 367 3828 ο.
383 3775 447 3840 25);
466 3771 535 3841 quid
553 3772 582 3826 ei
600 3787 640 3840 sp.
657 3771 771 3826 RAm¹e
