3284 4459
330 456 396 519 442
731 464 933 510 ssoousrnn

332 606 506 683 adfuerunt3
533 620 614 662 mors
641 619 711 662 rero
739 608 770 662 et
796 600 931 661 infernus
963 600 1170 681 reddiderunt,
1200 603 1344 682 quoniam

332 697 418 774 vitae,
441 693 476 754 de
500 709 558 770 qua
580 693 637 773 iam
661 691 805 770 exierant,
829 696 1014 751 revocarunt.
1060 688 1122 750 Nee
1145 691 1257 751 trustra
1281 690 1343 750 ior-

334 795 411 843 tasse
441 798 500 840 non
530 782 601 839 satis
628 779 684 839 suit
713 785 747 838 ut
775 777 889 838 diceret
915 794 996 839 mors
1022 786 1073 839 aut
1101 776 1255 854 infernus,
1287 778 1343 839 sed

333 878 494 949 utrumque
525 868 637 927 dictum
659 874 720 927 est:
743 884 823 925 mors
846 873 969 945 propter
995 865 1103 945 bonos,
1133 867 1185 945 qui
1213 875 1344 927 tantum-

299 971 315 1018 t
334 957 421 1019 modo
443 963 570 1017 mortem
592 956 708 1034 perpeti
730 962 906 1034 potuerunt,
929 972 987 1013 non
1011 962 1042 1015 et
1064 954 1228 1035 infernum3
1251 954 1345 1015 inier-

335 1065 392 1107 nus
414 1053 512 1106 autem
536 1051 657 1123 propter
681 1042 786 1123 malos,
809 1044 861 1122 qui
884 1043 971 1102 etiam
994 1060 1105 1121 poenas
1128 1043 1205 1122 apud
1228 1043 1345 1103 interos

335 1134 477 1214 pendunt
529 1131 561 1192 Si
589 1134 669 1192 enim
699 1147 758 1190 non
787 1128 915 1191 absurde
945 1130 1027 1191 credi
1056 1130 1174 1192 videtur
1205 1133 1346 1211 antiquos

336 1226 423 1284 etiam
446 1229 578 1301 sanctos,
605 1221 656 1300 qui
680 1220 797 1279 venturi
820 1216 930 1279 Christi
953 1226 1115 1280 tenuerunt
1138 1220 1239 1300 tidem,
1269 1219 1346 1280 locis

336 1311 454 1392 quidem
478 1327 494 1370 a
517 1309 673 1369 tormentis
696 1308 854 1385 impiorum
879 1308 1098 1388 remotissImis,
1122 1307 1173 1367 sed
1197 1307 1275 1387 apud
1298 1310 1346 1368 in·

286 1401 415 1460 roseros
434 1399 534 1477 fuisse,
557 1396 651 1456 donec
670 1414 721 1456 eos
744 1394 812 1454 inde
832 1393 943 1455 Christi
965 1397 1085 1473 sanguis
1108 1405 1139 1456 et
1161 1395 1196 1455 ad
1221 1414 1256 1456 ea
1277 1395 1346 1456 loca

336 1488 498 1548 descensus
525 1492 659 1565 erueret,
686 1483 820 1563 profecto
850 1482 990 1563 deinceps
1017 1482 1087 1543 honi
1114 1482 1217 1544 fideles
1247 1484 1345 1545 eiiuso

336 1576 386 1637 iilo
409 1576 505 1654 pretio
532 1575 590 1633 iam
619 1571 766 1649 redempti
787 1588 911 1651 prorsus
934 1571 1046 1632 inferos
1069 1574 1219 1653 nesciunt,
1248 1572 1347 1633 donec

337 1666 426 1725 etiam
449 1663 578 1741 receptis
600 1659 775 1739 corporibus
798 1658 874 1719 bona
898 1660 1059 1741 recipiant,
1082 1678 1156 1739 quae
1181 1669 1345 1721 merentur.

338 1750 411 1813 Cum
439 1758 537 1810 arrtem
565 1748 700 1809 dixisset:
727 1748 768 1808 Et
793 1750 925 1809 iudicati
949 1756 1022 1809 sunt
1043 1752 1157 1823 stupco·
1178 1752 1347 1811 secundum

286 1851 318 1899 15
334 1838 424 1916 sacta
445 1855 511 1912 sua,
534 1836 664 1897 breviter
687 1836 826 1918 subiecit,
849 1854 936 1914 quem
961 1836 996 1896 ad
1021 1836 1141 1897 modum
1165 1838 1277 1898 suerint
1299 1840 1346 1898 iu·

338 1928 440 1988 dicati:
462 1926 503 1986 Et
519 1942 600 1987 mors
619 1932 648 1985 et
666 1923 812 1999 infernus,
836 1926 941 2004 inquit,
964 1928 1048 1985 mosi
1064 1932 1136 1985 sont
1153 1928 1185 1986 in
1204 1932 1348 2002 stannum

339 2019 426 2091 tyois,
449 2014 495 2074 his
514 2012 683 2073 nominibus
707 2013 874 2090 significans
898 2012 1054 2093 diabolum,
1078 2015 1217 2093 quoniam
1240 2017 1348 2075 mortis

338 2110 383 2165 est
404 2108 507 2163 auctor
527 2101 769 2178 infernarumque
802 2118 978 2181 poenarum,
1006 2104 1233 2182 universamque
1257 2103 1348 2163 simul

339 2192 515 2253 daemonum
533 2190 712 2249 societatem.
759 2187 821 2248 Hoc
840 2196 886 2249 est
909 2190 987 2249 enim
1012 2190 1090 2267 quod
1115 2208 1204 2268 supra
1227 2191 1347 2251 eviden-

286 2293 320 2341 20
340 2284 399 2341 tius
421 2276 664 2360 praeoccupando
687 2279 744 2337 iam
765 2276 892 2339 dixerat:
915 2277 956 2338 Et
978 2280 1123 2354 diabolus,
1147 2281 1201 2355 qui
1220 2282 1347 2341 seduce-

340 2372 393 2431 bat
414 2387 472 2442 eos,
495 2370 602 2427 missus
620 2372 665 2426 est
683 2368 713 2425 io
736 2373 876 2440 stupeum
899 2368 979 2441 ionis
1001 2372 1031 2427 et
1050 2369 1214 2443 sephoris.
1260 2366 1348 2438 Quod

339 2476 409 2518 vero
438 2456 479 2516 ibi
507 2455 663 2516 obscurius
693 2452 867 2514 adiunxerat
893 2453 1008 2515 dicens:
1044 2454 1109 2528 Quo
1136 2461 1167 2517 et
1193 2456 1289 2517 bestia
1318 2464 1350 2518 et
1461 2508 1462 2511 ,

336 2544 616 2623 pseudopropheta,
649 2540 697 2601 hic
724 2542 868 2619 apertius:
891 2542 931 2601 Et
957 2545 1011 2617 qui
1036 2560 1097 2604 oon
1126 2550 1211 2619 sunt,
1240 2544 1348 2626 inquit,

341 2635 456 2694 inventi
472 2634 504 2692 io
522 2633 600 2692 libro
618 2633 699 2691 vitoe
715 2633 830 2705 scripti,
854 2633 938 2690 missi
953 2637 1025 2691 sunt
1042 2633 1073 2691 in
1096 2638 1235 2707 stupeum
1258 2635 1348 2705 spois.

288 2732 321 2781 to
341 2720 407 2781 Non
430 2719 523 2780 Deum
551 2717 626 2778 liber
652 2720 708 2777 iste
736 2725 959 2798 commemorat,
987 2737 1024 2779 ne
1048 2718 1194 2781 oblivione
1217 2718 1348 2801 saliatur3

342 2808 394 2868 sed
426 2806 722 2887 praedestinationem
755 2807 900 2884 significat
932 2824 1051 2888 eorum,
1087 2806 1195 2887 quibus
1226 2816 1349 2869 aeterna

342 2895 460 2957 dabitur
491 2895 558 2954 vita.
602 2892 704 2974 Neque
737 2896 816 2954 enim
847 2895 942 2954 nescit
976 2913 1027 2955 eos
1055 2894 1133 2956 Deus
1166 2904 1196 2956 et
1229 2896 1261 2959 in
1290 2895 1348 2958 hoc

341 2984 417 3044 libro
445 2983 568 3063 legitur,
596 2988 629 3042 ut
656 2983 745 3062 seiat3
772 2981 825 3042 sed
852 2985 951 3061 potius
979 2984 1041 3062 ipsa
1065 2984 1130 3044 eius
1152 2985 1349 3063 praescientia

343 3071 465 3153 dedis,
488 3087 563 3150 quae
583 3069 642 3130 ialli
659 3087 719 3130 non
737 3077 845 3150 potest,
868 3069 943 3131 liber
966 3080 1012 3131 est
1033 3073 1118 3152 vitae,
1141 3073 1172 3133 in
1195 3090 1254 3153 quo
1278 3083 1349 3136 sunt

289 3175 324 3222 30
343 3161 455 3239 scripti,
478 3159 508 3219 id
531 3166 577 3219 est
599 3166 667 3218 ante
690 3160 879 3237 praecogniti.

415 3333 459 3396 24)
478 3329 564 3397 Apoe.
583 3333 627 3394 20,
648 3332 680 3380 14
698 3344 738 3395 sq.

413 3535 445 3584 18
465 3532 494 3584 et
511 3529 683 3585 infernarum
701 3529 740 3596 ou
755 3533 787 3580 21
808 3526 929 3597 sulpuris
949 3528 995 3583 Re
1008 3530 1017 3597 ii
1032 3532 1064 3581 28
1073 3528 1316 3667 jeffrtur(
1206 3528 1286 3585 aab
1306 3528 1354 3595 (ob

340 3601 687 3673 aopelio;cf.4401.·dsq
681 3598 837 3652 Omrtmod
850 3600 935 3652 lootr.
945 3599 1034 3666 1139,
1040 3602 1103 3653 21·
1128 3599 1354 3670 egithoeppo
