3284 4459
561 520 601 559 mr
615 518 758 560 orvrrnun
771 520 825 559 nur
839 520 864 560 u.
878 520 940 561 xxr.
954 520 977 560 o.
990 520 1011 559 ι.
1222 505 1288 569 493

280 653 354 714 adeo
382 660 417 714 ut
445 672 497 713 eos
524 653 715 715 substernere
743 653 869 730 soleant,
902 656 954 732 qui
981 652 1089 715 limites
1112 654 1219 734 figunt,
1251 654 1287 713 ad

280 742 516 802 convincendum
529 742 714 823 litigatorem,
729 744 865 821 quisquis
879 750 946 821 post
960 741 1141 821 quantalibet
1155 752 1288 821 tempora

280 832 413 891 extiterit
435 832 584 909 fixumque
613 830 738 909 lapidem
761 830 885 891 limitem
908 848 967 890 non
991 848 1057 890 esse
1081 828 1288 891 contenderit?

281 918 355 989 Quis
378 937 429 979 eos
452 922 585 979 interra
609 919 707 980 umida
738 920 881 999 infossos,
912 917 965 980 ubi
988 918 1065 997 ligna
1088 926 1288 1000 putescerent,

280 1007 393 1069 tamdiu
415 1007 523 1071 durare
545 1006 812 1085 incorruptibiliter
835 1025 922 1086 posse
946 1008 1004 1066 nisi
1027 1025 1127 1068 rerum
1151 1006 1199 1067 ille
1223 1018 1323 1067 cor-o

280 1103 387 1175 ruptor
410 1098 487 1174 ignis
510 1091 629 1157 effecit?

369 1182 541 1245 Intueamur
567 1185 655 1243 etiam
678 1183 852 1244 miraculum
876 1183 972 1243 calcis.
1018 1182 1150 1262 Excepto
1173 1200 1222 1264 eo,
1251 1184 1288 1244 de

282 1290 342 1350 quo
360 1274 418 1331 iam
437 1273 508 1332 satis
527 1271 662 1352 diximus,
686 1271 764 1350 quod
783 1274 852 1349 igne
871 1271 1014 1352 candicat,
1038 1290 1097 1350 quo
1116 1271 1170 1331 alia
1194 1280 1287 1331 taetra

281 1359 456 1440 redduntur,
475 1362 564 1421 etiam
581 1360 781 1421 occultissime
800 1359 836 1419 ab
855 1362 923 1439 igne
941 1362 1039 1439 ignem
1059 1361 1188 1438 concipit
1207 1378 1287 1419 eum·

282 1466 340 1526 que
363 1450 421 1509 iam
443 1447 528 1526 gleba
550 1447 738 1527 tangentibus
762 1448 865 1526 frigida
888 1455 948 1507 tam
971 1448 1096 1508 latenter
1120 1456 1232 1529 servat,
1256 1454 1289 1508 ut
1308 1460 1341 1507 10

282 1536 356 1597 nulli
378 1544 481 1597 nostro
500 1539 601 1597 sensui
620 1554 743 1615 prorsus
766 1544 914 1616 appareat,
938 1536 989 1596 sed
1014 1544 1183 1615 compertus
1201 1554 1288 1615 expe·

283 1628 424 1705 rimeuto,
452 1627 541 1685 etiam
571 1624 642 1686 dum
664 1643 723 1684 non
747 1633 882 1705 apparet,
910 1628 1022 1685 sciatur
1043 1627 1142 1684 inesse
1166 1626 1288 1703 sopitus.

282 1713 410 1791 Propter
427 1713 506 1791 quod
526 1730 591 1774 eam
608 1716 702 1773 vivam
722 1712 833 1772 calcem
852 1712 1010 1793 loquimur,
1032 1712 1112 1773 velut
1129 1715 1194 1791 ipse
1212 1715 1288 1791 ignis

282 1801 378 1861 latens
410 1804 507 1861 anima
539 1804 578 1861 sit
607 1800 762 1861 invisibilis
791 1800 914 1861 visibilis
943 1803 1085 1880 eorporis.
1131 1800 1191 1863 lam
1218 1820 1288 1861 vero

283 1907 372 1967 quam
390 1892 498 1950 mirum
517 1897 572 1968 est,
594 1888 682 1968 quod,
705 1907 774 1949 cnm
792 1891 983 1969 extinguitur,
1005 1897 1078 1950 tune
1101 1888 1288 1950 accenditur!
1309 1902 1341 1950 15

282 1977 322 2038 Ut
353 1979 432 2037 enim
465 1977 581 2037 occulto
613 1979 680 2055 igne
711 1986 827 2058 careat,
860 1996 952 2055 aquae
982 1977 1149 2038 infunditur
1178 1996 1288 2056 aquave

282 2066 486 2146 perfunditur,
509 2073 540 2125 et
563 2083 631 2125 cum
653 2074 720 2125 ante
744 2068 783 2126 sit
806 2066 925 2146 frigida,
948 2065 1017 2126 iude
1040 2066 1188 2147 fervescit,
1210 2066 1289 2127 unde

283 2156 427 2215 ferventia
460 2161 566 2214 cuneta
599 2153 770 2231 frigescunt.
825 2152 911 2213 Velut
942 2155 1096 2232 expirante
1133 2172 1204 2232 ergo
1241 2153 1289 2213 illa

283 2241 368 2322 gleba
387 2242 544 2302 discedens
562 2242 647 2321 igniS,
671 2244 722 2319 qui
740 2240 857 2321 latebat,
881 2250 1011 2322 apparet,
1034 2259 1069 2301 ac
1087 2241 1193 2302 deinde
1216 2250 1288 2301 tam·

284 2349 373 2410 quam
402 2338 497 2389 morte
525 2332 568 2390 sic
591 2329 696 2407 frigida
719 2338 777 2409 est,
805 2338 839 2389 ut
862 2328 975 2390 adiecta
997 2329 1076 2390 unda
1100 2346 1159 2390 non
1182 2331 1221 2389 sit
1244 2348 1289 2389 ar·
1309 2342 1342 2390 20

284 2438 354 2480 sura
382 2426 413 2479 et
439 2436 527 2496 quam
555 2417 665 2477 calcem
693 2417 868 2479 vocabamus
899 2420 1005 2498 vivam,
1034 2435 1175 2478 vocemus
1197 2419 1290 2477 extin-

284 2516 370 2568 ctam.
417 2505 494 2576 Ouid
513 2506 656 2585 estquod
676 2505 745 2566 huie
767 2506 911 2567 miraculo
934 2505 1001 2565 addi
1024 2523 1111 2585 posse
1134 2501 1291 2567 videatur?

284 2605 314 2657 et
349 2605 448 2656 tamen
484 2593 610 2654 additur.
655 2593 728 2655 Nam
760 2597 786 2655 si
817 2612 876 2654 non
908 2593 1046 2655 adhibeas
1078 2611 1202 2675 aquam,
1239 2594 1290 2655 sed

284 2683 392 2763 oleum,
414 2683 493 2761 quod
517 2685 609 2761 magis
632 2684 726 2743 fomes
748 2692 794 2744 est
816 2684 907 2763 ignis,
930 2682 1009 2743 nulla
1033 2684 1097 2743 eius
1119 2684 1290 2762 perfusione

284 2773 331 2833 vel
353 2772 501 2831 infusione
529 2771 676 2831 fervescit.
721 2770 784 2831 Hoc
811 2770 986 2831 miraculum
1015 2772 1040 2831 si
1063 2771 1099 2831 de
1123 2771 1221 2850 aliquo
1244 2771 1290 2832 ln·
1309 2782 1343 2833 25

285 2861 352 2921 dico
375 2858 470 2938 lapide
493 2858 660 2937 legeremus
691 2862 752 2919 sive
776 2860 945 2920 audiremus
975 2867 1006 2919 et
1028 2861 1059 2919 in
1083 2868 1217 2921 nostrum
1241 2880 1289 2921 ex·

285 2951 482 3029 perimentum
510 2949 610 3007 venire
638 2965 698 3007 non
725 2955 838 3028 posset,
870 2947 1003 3025 profecto
1032 2956 1084 3009 aut
1106 2948 1291 3009 mendacium

284 3045 457 3117 putaremus
480 3043 532 3095 aut
554 3044 635 3095 certe
663 3036 812 3114 granditer
836 3038 1019 3097 miraremur.
1066 3035 1198 3106 Quarum
1220 3054 1291 3096 vero

285 3142 387 3186 rerum
405 3131 473 3183 ante
492 3132 611 3183 nostros
634 3123 735 3183 oeulos
758 3123 903 3183 cotidiana
928 3122 1103 3184 documenta
1126 3133 1291 3205 versantur,

285 3232 345 3275 non
368 3230 476 3292 genere
500 3214 598 3271 minus
620 3209 759 3291 mirabili,
782 3212 835 3271 sed
858 3214 921 3290 ipsa
944 3212 1115 3271 assiduitate
1138 3211 1291 3292 vilescunt,
1310 3224 1343 3272 30

284 3304 327 3363 ita
348 3309 383 3362 ut
405 3318 441 3361 ex
464 3302 527 3378 ipsa
549 3298 640 3378 ludia,
662 3316 737 3376 quae
756 3308 870 3360 remota
893 3306 1029 3378 estpars
1053 3298 1134 3359 orbis
1156 3316 1173 3359 a
1196 3298 1291 3380 nobis,

357 3458 400 3524 eo)
418 3455 489 3509 Prin.
510 3459 553 3522 aa,
567 3458 592 3521 a,
609 3458 651 3507 ee.

358 3653 390 3701 16
409 3664 499 3718 equae
516 3647 566 3701 inf.
581 3648 621 3702 ed.
636 3647 756 3712 Looao.;
776 3660 850 3713 aqua
869 3646 944 3699 enim
961 3644 1039 3699 fund.
1056 3647 1094 3714 R;
1115 3662 1189 3715 uque
1202 3646 1296 3700 infun·

285 3721 362 3775 ditur
379 3720 440 3774 Au
458 3719 516 3788 (aed
534 3720 640 3773 litterae
658 3718 848 3787 quaterue.)
870 3718 1015 3787 tabeqpv
1032 3718 1041 3787 ll
1061 3722 1094 3770 20
1112 3721 1223 3772 mortua
1237 3718 1297 3774 Ae¹

284 3792 345 3847 edd.
364 3791 415 3845 Er.
434 3790 526 3861 Impd.
545 3789 609 3845 Vere.
