3284 4459
534 533 574 574 na
588 533 733 576 caracara
746 533 799 574 nar
813 535 839 576 1..
854 533 916 574 xvr.
931 532 953 574 c.
966 535 1000 574 aa.
1206 517 1270 582 195

259 675 395 728 nostram
423 667 453 729 in
481 669 570 747 primi
595 668 786 748 praefigurati
813 667 883 730 sacti
910 669 1082 730 memoriam
1109 675 1271 748 revocaret,

261 758 333 834 quia
356 765 386 817 et
407 755 481 834 legis
503 755 570 817 illae
594 755 708 818 tabulae
731 756 823 834 digito
847 755 900 818 Dei
922 759 1049 836 scriptae
1072 757 1250 818 referuntur.

352 844 498 906 Defuncto
517 843 617 924 Moyse
639 844 781 924 populum
804 847 883 906 rexit
900 844 983 906 lesus
1002 845 1079 906 Nave
1103 854 1134 906 et
1156 848 1187 905 in
1210 853 1269 908 ter·

258 951 324 994 ram
354 934 561 1012 promissionis
587 933 752 994 introduxit
781 950 905 1011 eamque
935 933 1044 1013 populo
1074 933 1181 995 divisit.
1226 932 1269 994 llb

259 1021 310 1082 his
340 1020 457 1082 duobus
487 1020 671 1082 mirabilibus
696 1021 823 1083 ducibus
851 1021 927 1082 bella
954 1024 1041 1083 etiam
1069 1023 1304 1101 prosperrimae

259 1127 295 1169 ac
318 1109 494 1172 mirabiliter
521 1119 604 1188 gesta
631 1119 713 1189 sunt,
740 1108 801 1172 Deo
830 1117 1014 1173 contestante
1037 1127 1097 1171 non
1120 1119 1179 1171 tam
1202 1128 1270 1189 pro·

259 1207 328 1278 pter
351 1199 456 1258 merita
478 1196 608 1260 Hebraei
634 1197 736 1277 populi
760 1215 849 1276 quam
871 1206 994 1278 propter
1016 1206 1136 1277 peccata
1159 1215 1271 1278 eurum,

260 1302 338 1364 quae
361 1285 599 1366 debellabantur,
621 1288 754 1364 gentium
777 1285 841 1346 illas
865 1288 908 1346 eis
931 1288 1101 1365 provenisse
1124 1289 1270 1348 victorias.

261 1373 335 1434 Post
357 1375 432 1437 istos
454 1374 546 1435 duces
569 1373 683 1437 iudices
705 1375 842 1453 luerunt,
865 1376 923 1434 iam
945 1377 975 1434 in
999 1383 1078 1436 terra
1101 1377 1270 1453 promissio·

261 1464 309 1522 uis
331 1461 441 1541 populo
464 1461 631 1543 conlocato,
657 1471 691 1523 ut
718 1464 864 1541 inciperet
885 1464 1006 1524 interim
1028 1462 1113 1524 reddi
1136 1461 1268 1524 Abrahae
1291 1476 1323 1522 ru

260 1552 356 1628 prima
379 1552 536 1629 promissio
563 1550 600 1610 de
630 1557 718 1629 geute
741 1569 814 1630 uua,
841 1549 870 1610 id
893 1559 940 1612 est
962 1549 1109 1632 Hebraea,
1137 1559 1167 1614 et
1190 1559 1270 1612 terra

261 1638 412 1719 libanam,
440 1638 573 1700 nondum
596 1638 632 1700 de
655 1637 792 1702 omuibus
814 1637 953 1717 gentibus
976 1648 1007 1699 et
1029 1648 1091 1699 toto
1115 1639 1187 1701 orbe
1210 1646 1269 1701 ter·

262 1745 377 1806 rarum3
406 1726 485 1805 quod
515 1725 624 1790 Christi
654 1726 797 1789 adrentus
830 1729 862 1788 in
892 1744 980 1792 carne
1010 1736 1040 1788 et
1069 1745 1129 1788 uon
1160 1730 1270 1790 veteris

261 1815 335 1894 legis
361 1813 599 1895 ohservationes,
627 1814 679 1876 sed
708 1814 849 1894 evangelii
881 1815 953 1876 tides
982 1816 1078 1878 luerat
1104 1815 1269 1896 impletura.

263 1902 355 1966 Cadus
382 1905 427 1963 rei
454 1903 663 1983 praefiguratio
690 1904 766 1965 lacta
794 1911 852 1985 est,
883 1904 961 1982 quod
985 1922 1044 1967 nou
1067 1903 1195 1984 Moyses,
1218 1907 1268 1984 qui
1290 1915 1322 1964 15

262 1992 358 2070 legem
390 1990 499 2071 populo
531 1999 686 2071 acceperat
712 1994 744 2052 in
770 2000 872 2052 monte
903 1991 986 2073 Sina,
1018 1992 1069 2053 sed
1092 1991 1188 2073 lesus,
1221 1995 1269 2054 cui

262 2083 351 2140 etiam
380 2097 487 2140 nomen
514 2078 576 2140 Deo
604 2081 804 2159 praecipiente
833 2088 977 2140 mutatum
1005 2081 1101 2140 irrorat
1130 2090 1164 2142 ut
1186 2079 1269 2140 lesus

261 2177 426 2247 vocaretur,
449 2168 591 2248 populum
611 2170 642 2228 in
661 2177 772 2228 terram
789 2169 995 2246 promissionis
1014 2165 1136 2228 induxit.
1182 2167 1268 2228 Tem·

259 2255 385 2336 poribus
408 2265 506 2316 autem
529 2255 675 2336 iudicum,
697 2258 776 2316 sicut
798 2273 831 2316 se
854 2255 1000 2316 habebant
1023 2263 1052 2315 et
1074 2263 1194 2334 peccata
1217 2274 1268 2335 po·

259 2344 323 2423 puli
343 2353 373 2404 et
390 2344 594 2404 misericordia
612 2343 674 2424 Dei,
698 2343 920 2404 alternaverunt
938 2360 1080 2423 prospera
1099 2351 1129 2404 et
1147 2342 1267 2405 adversa
1288 2357 1322 2404 ‘20

258 2432 415 2492 bellorum.

351 2519 422 2580 lude
441 2530 561 2581 ventum
584 2520 688 2580 estad
711 2537 815 2598 regum
839 2530 982 2600 tempora,
1005 2537 1131 2598 quorum
1155 2522 1269 2600 primus

259 2610 394 2687 regnavit
423 2607 505 2688 Sau13
538 2601 587 2669 cui
618 2606 775 2687 reprobato
815 2615 846 2668 et
876 2607 980 2668 bellica
1010 2607 1090 2669 clade
1120 2618 1268 2689 prostrato

261 2699 386 2774 eiusque
417 2699 508 2775 stirpe
541 2698 664 2778 reiecta,
696 2715 732 2756 ue
765 2695 834 2756 inde
861 2714 947 2775 reges
976 2706 1146 2779 orerentur,
1179 2696 1268 2758 David

260 2787 406 2846 successit
432 2786 463 2845 in
493 2802 634 2864 regnum,
665 2787 750 2845 cuius
778 2785 905 2844 maxime
933 2782 1068 2845 Christus
1096 2785 1193 2846 dictus
1221 2796 1268 2848 est
1286 2799 1319 2846 25

260 2873 347 2933 lilius.
392 2872 427 2933 lu
454 2890 512 2951 qtro
540 2872 683 2934 articulus
715 2872 834 2952 quidam
862 2873 956 2932 lactus
984 2882 1029 2935 est
1058 2881 1087 2933 et
1115 2874 1269 2937 exordium

262 2960 390 3040 quodam
413 2960 500 3021 modo
528 2963 691 3022 iuventutis
712 2958 814 3040 populi
837 2960 904 3040 liei3
932 2963 1016 3021 cuius
1039 2965 1157 3039 generis
1181 2981 1268 3042 quae·

261 3050 329 3109 dam
352 3047 433 3109 velut
455 3048 653 3110 adulescentia
675 3047 839 3109 ducebatur
862 3046 898 3107 ab
921 3051 985 3128 ipso
1004 3049 1149 3112 Abraham
1173 3069 1268 3130 usque

261 3138 297 3198 ad
317 3135 396 3198 harno
415 3136 513 3198 David.
550 3136 651 3216 Neque
671 3139 750 3197 enim
773 3137 884 3197 frustra
902 3135 1065 3198 Matthaeus
1088 3139 1266 3220 evangelista

261 3228 305 3286 sic
328 3227 533 3305 generationes
556 3227 806 3305 commemoravit,
835 3234 870 3285 ut
897 3223 952 3284 boc
980 3227 1108 3304 primum
1131 3227 1266 3289 interval·
1286 3240 1321 3288 ao

260 3313 323 3374 lum
347 3313 582 3393 quattuordecim
605 3312 844 3392 generationibus
868 3312 1096 3396 commendaret,
1118 3313 1155 3375 ab
1178 3315 1267 3376 Abra·

260 3402 329 3462 bam
353 3389 466 3462 scilicet
487 3419 582 3480 usque
606 3401 641 3461 ad
665 3399 763 3462 David.
807 3400 851 3460 rlb
874 3399 1073 3462 adulescentia
1092 3405 1199 3482 quippe
1223 3405 1267 3463 in-

261 3492 335 3569 cipit
366 3490 453 3550 homo
485 3508 572 3569 posse
590 3507 760 3569 .geuerare;
791 3496 948 3568 propterea
978 3492 1201 3568 generationum
1231 3508 1268 3550 ex

335 3611 363 3676 e)
380 3609 467 3683 arod.
483 3615 525 3677 31,
537 3614 578 3664 re.
615 3607 750 3677 4)10a.1.
788 3611 832 3676 aa)
846 3607 927 3660 Num.
941 3612 982 3676 13,
995 3612 1036 3661 rt.
1073 3609 1117 3674 aa)
1131 3605 1180 3658 Mc.
1193 3609 1269 3671 1‚1r.

335 3738 369 3786 23
389 3733 434 3786 cui
454 3726 673 3802 VRAFaegp3
697 3746 752 3798 quo
773 3729 841 3785 Ghu
859 3731 868 3798 ΙΙ
886 3735 920 3782 24
939 3731 1082 3784 orerentur
1101 3727 1270 3797 VRAF9¹3

263 3802 404 3858 orirentur
423 3802 572 3873 Gabg¹po
1007 3885 1060 3934 13*
