3284 4459
335 487 401 551 254
737 499 938 543 smueosrnu

336 653 472 695 eversum
501 635 611 715 luerat,
638 636 827 713 instauravit;
854 642 885 694 et
911 636 1044 714 quamvis
1071 634 1191 713 plurimi
1219 637 1284 696 eius
1315 638 1349 696 iu

336 723 565 802 alienigenarum
588 723 730 802 degerent
752 725 850 802 terris,
873 741 932 783 nou
955 722 1058 783 hahuit
1080 732 1179 783 tamen
1201 723 1350 803 deinceps

336 811 408 872 duas
435 814 521 890 regni
540 821 648 890 partes
678 819 708 871 et
735 810 810 872 duos
838 811 971 871 diversos
998 814 1029 870 in
1057 811 1181 889 singulis
1207 811 1348 890 partibus

335 917 435 980 reges;
458 900 509 960 sed
528 902 559 960 in
578 898 762 960 Hierusalem
780 902 922 979 princeps
940 917 1043 960 eorum
1062 909 1127 960 erat
1144 918 1231 980 unus,
1254 909 1346 979 atque
1458 948 1459 955 ,

301 998 317 1047 5
336 987 371 1048 ad
395 986 448 1048 uei
471 988 628 1068 templum,
652 988 730 1066 quod
753 986 795 1048 ihi
818 995 890 1066 erat,
913 1005 1016 1048 omnes
1039 988 1186 1068 undique,
1208 988 1346 1049 ubicum-

337 1094 393 1154 que
424 1085 524 1137 essent
553 1086 584 1137 et
614 1076 821 1154 undecumque
850 1084 988 1156 possent,
1019 1095 1073 1155 per
1101 1085 1182 1136 certa
1211 1086 1346 1156 tempora
1458 1132 1459 1141 ,

335 1163 498 1224 veniebant.
552 1163 610 1225 Sed
643 1183 698 1224 nee
730 1173 802 1226 tunc
834 1167 877 1224 eis
909 1163 1010 1224 hostes
1042 1182 1078 1224 ex
1110 1164 1174 1224 aliis
1205 1164 1347 1244 gentihus

336 1261 611 1332 expugnatoresque
644 1253 815 1330 defuerunt,
848 1270 916 1312 uam
944 1255 1031 1313 etiam
1058 1251 1261 1314 Romanorum
1286 1256 1345 1315 iam

336 1340 507 1402 tributarios
530 1359 583 1402 eos
606 1340 741 1402 Christus
763 1343 884 1402 invenit.

285 1601 323 1650 1o
707 1583 826 1651 Garun
843 1583 960 1649 XXIV.

337 1714 383 1774 De
396 1715 560 1792 prophetie,
584 1716 638 1789 qui
658 1715 706 1774 vel
726 1715 811 1790 opud
828 1712 959 1774 Iudaeos
972 1716 1121 1788 postremi
1138 1711 1274 1788 fuer-unt,
1298 1717 1349 1774 uel
1458 1734 1459 1745 ²

417 1818 490 1876 quos
513 1805 601 1862 cirea
623 1809 738 1878 tempus
760 1803 927 1866 natiuitatis
953 1801 1067 1861 Christi
1087 1803 1263 1876 cenopolim

704 1891 810 1965 prodit
831 1891 967 1949 historio.

426 2013 501 2074 'loto
519 2021 618 2073 autem
640 2011 690 2072 illo
714 2019 856 2093 tempore,
879 2031 916 2072 ex
937 2030 996 2091 quo
1020 2012 1174 2074 redierunt
1195 2013 1233 2073 de
1251 2011 1344 2092 Bahp·

286 2112 319 2163 15
337 2102 429 2181 lonia,
458 2110 526 2181 post
547 2099 734 2180 Malachiam,
764 2102 912 2180 Aggaeum
935 2110 965 2161 et
989 2099 1174 2181 Zachariam,
1197 2102 1248 2179 qui
1271 2110 1355 2162 tune
1458 2136 1459 2139 =

338 2190 602 2270 prophetaverunt,
630 2196 660 2248 et
682 2187 805 2250 Esdram
829 2207 887 2248 non
916 2187 1085 2249 hahuerunt
1111 2188 1270 2268 prophetas
1293 2207 1343 2250 us·

339 2297 396 2358 que
421 2278 455 2340 ad
476 2277 635 2340 Salvatoris
658 2275 824 2356 adrentum,
847 2279 905 2336 nisi
927 2276 1018 2338 alium
1035 2275 1205 2338 Zachariam
1226 2287 1343 2354 patrem
1458 2320 1459 2353 3

337 2367 475 2429 lohannis
498 2377 528 2427 et
550 2364 701 2426 Elisabeth
728 2367 792 2425 eius
814 2383 951 2446 risorem,
979 2364 1089 2426 Christi
1111 2368 1262 2426 nativitate
1285 2367 1344 2427 iam
1458 2418 1459 2425 ,

338 2458 483 2536 proxima,
513 2462 543 2514 et
566 2472 601 2514 eo
624 2457 681 2513 iam
705 2461 773 2514 nato
797 2452 965 2514 Simeonem
989 2471 1090 2514 senem
1114 2461 1144 2513 et
1166 2455 1279 2514 Annam
1302 2457 1342 2515 ri·

286 2556 320 2605 20
339 2545 425 2605 duam
443 2546 560 2621 iamque
580 2541 771 2620 grandaevam
791 2551 820 2600 et
838 2543 936 2620 ipsum
954 2541 1113 2601 lohannem
1137 2543 1343 2623 novissimum,
1458 2614 1459 2621 ἵ

339 2633 389 2711 qui
416 2633 531 2692 iuvenis
557 2632 615 2691 iam
641 2632 778 2690 iuvenem
801 2629 950 2690 Christum
978 2647 1037 2690 nou
1066 2630 1185 2707 quidem
1209 2631 1344 2692 futurum

338 2719 498 2801 praedixit,
534 2717 586 2779 sed
623 2727 720 2778 tamen
757 2719 939 2796 incognitum
971 2716 1143 2797 prophetica
1175 2721 1346 2796 cognitione

338 2809 525 2887 monstravit3
552 2815 674 2886 propter
698 2804 777 2884 quod
800 2808 863 2885 ipse
887 2805 1029 2866 hominus
1052 2808 1105 2866 ait:
1133 2806 1200 2868 Lex
1222 2814 1253 2867 et
1269 2825 1343 2883 pro
1458 2832 1459 2885 3

318 2899 446 2976 phetae
473 2913 567 2972 usque
594 2898 638 2957 ud
664 2895 837 2956 Iohannem.
883 2893 940 2954 Sed
968 2897 1093 2955 istorum
1121 2896 1252 2974 quinque
1274 2913 1343 2974 pro·
1458 2902 1459 2911 ’

287 2995 320 3046 25
338 2984 468 3066 phetatio
500 3002 535 3044 ex
568 2983 718 3062 evangelio
745 2981 830 3042 nohis
859 2992 926 3042 nota
954 2991 1013 3063 est,
1040 2981 1091 3043 uhi
1118 2991 1149 3043 et
1174 2985 1240 3062 ipsa
1260 2984 1343 3062 virgo
1458 2994 1459 3055 s

339 3081 432 3134 mater
455 3071 572 3132 Domini
594 3080 661 3132 ante
683 3070 843 3132 lohauuem
866 3070 1058 3150 prophetasse
1081 3073 1238 3133 invenitur.
1284 3070 1343 3133 Sed
1458 3088 1459 3101 ¹

338 3161 414 3222 hauc
441 3163 566 3222 istorum
593 3158 777 3241 prophetiam
808 3158 909 3220 ludaei
940 3158 1062 3238 reprobi
1091 3177 1149 3219 non
1181 3162 1343 3239 accipiunt3
1458 3204 1459 3207 ,

339 3258 518 3328 acceperunt
549 3258 663 3329 autem,
700 3249 751 3326 qui
786 3266 824 3308 ex
854 3249 899 3307 eis
930 3246 1159 3308 innumerabiles
1191 3247 1343 3326 evaugelio
1458 3292 1459 3311 t

340 3337 538 3399 erediderunt.
583 3336 668 3397 l’une
696 3338 774 3396 enim
803 3352 871 3395 rere
898 3335 989 3396 lsrael
1016 3335 1128 3396 divisus
1156 3345 1202 3396 est
1230 3335 1342 3398 induo
1458 3352 1459 3391 ῑ

183 3437 184 3478 ῑ
286 3439 321 3489 30
340 3426 483 3490 divisione
509 3424 571 3506 illa,
599 3443 674 3504 quae
701 3441 757 3504 per
779 3423 945 3484 Samuelem
970 3422 1146 3503 prophetam
1173 3422 1253 3485 Sauli
1280 3425 1344 3502 regi
1458 3416 1459 3423 '

411 3580 456 3646 aa)
474 3576 524 3634 uu
545 3584 586 3645 11,
606 3582 647 3633 rs.

337 3697 549 3707 ——-—-—--—

409 3768 443 3817 ai
461 3761 524 3832 ubi]
541 3763 575 3814 nt
588 3759 616 3814 R
628 3762 638 3830 l
652 3763 685 3813 29
701 3775 768 3814 uere
781 3758 857 3812 anim
870 3758 911 3823 123
930 3757 1005 3811 anim
1018 3758 1062 3810 est
1074 3771 1139 3810 uera
1152 3756 1199 3812 ist.
1214 3757 1271 3812 diu.
1286 3758 1343 3812 rell.
