3284 4459
359 526 423 590 112
772 538 794 580 s.
809 537 975 580 auousrnu

356 673 494 734 dentibus
512 674 682 734 iudicantur
700 691 760 733 non
782 675 877 752 ipsius
899 691 965 734 esse
988 671 1148 752 credenda3
1172 674 1250 733 sicut
1271 672 1365 732 multa

356 760 412 822 sub
436 760 606 822 nominibus
630 770 660 822 et
682 761 807 822 aliorum
830 760 1041 840 prophetarum
1065 769 1097 820 et
1117 762 1284 821 recentiora
1306 760 1364 822 sub

356 848 525 910 nominibus
560 848 760 928 apostolorum
790 848 827 909 ab
859 849 1016 910 haereticis
1047 849 1256 929 proferuntur,
1288 866 1365 927 quae

356 941 453 998 omnia
476 940 594 998 nomine
618 937 855 1017 apocryphorum
878 937 914 998 ab
937 939 1112 998 auctoritate
1135 939 1276 998 canonica
1299 937 1365 998 dili·

320 1028 437 1105 sgenti
464 1027 678 1086 examinatione
705 1035 818 1086 remota
849 1033 928 1086 sunt.
976 1025 1071 1104 lgitur
1099 1024 1264 1086 secandum
1291 1028 1365 1085 scri-

358 1121 462 1193 pturas
477 1115 633 1174 canonicas
647 1113 796 1175 Hebraeas
811 1123 898 1192 atque
914 1113 1094 1175 Christianae
1108 1113 1217 1174 multos
1231 1115 1366 1193 gigantes

356 1211 423 1262 ante
447 1201 589 1263 diluvium
612 1203 704 1263 luisse
727 1220 787 1262 non
810 1201 932 1263 dubium
956 1209 1016 1282 est,
1039 1209 1069 1262 et
1091 1201 1146 1262 hos
1168 1202 1261 1263 luisse
1284 1203 1366 1263 cives

355 1292 521 1369 terrigenae
540 1292 689 1351 societatis
707 1289 874 1371 hominum3
897 1289 950 1351 Dei
967 1298 1066 1350 autem
1084 1289 1169 1371 lilios,
1187 1292 1240 1368 qui
1258 1308 1365 1351 secun-

356 1378 430 1438 dum
454 1395 573 1438 carnem
600 1378 636 1438 de
661 1377 733 1438 Setb
754 1381 907 1458 propagati
929 1387 1014 1460 sunt,
1040 1380 1071 1438 in
1094 1377 1170 1438 banc
1192 1380 1366 1439 societatem

305 1480 337 1529 ιο
356 1466 474 1526 deserta
491 1469 603 1527 iustitia
622 1466 793 1526 declinasse.
830 1466 891 1527 Nec
909 1466 1077 1526 mirandum
1095 1474 1150 1547 est,
1173 1466 1253 1545 quod
1276 1469 1366 1527 etiam

356 1554 392 1614 dc
422 1556 494 1635 ipsis
523 1557 656 1633 gigantes
686 1557 766 1614 nasci
795 1562 966 1634 potuerunt
1017 1553 1121 1633 Neque
1149 1556 1230 1615 enim
1261 1573 1365 1616 omnes

355 1644 498 1724 gigantes,
521 1642 573 1702 scd
591 1645 684 1721 magis
702 1643 787 1704 multi
809 1644 912 1720 utiquc
935 1644 1161 1718 transiuerant,
1185 1660 1273 1721 quam
1295 1654 1365 1722 post

356 1730 498 1792 diluvium
520 1730 704 1811 temporibus
732 1733 849 1791 ceteris.
895 1731 976 1802 Quos
998 1739 1156 1810 propterea
1178 1749 1280 1792 creare
1303 1731 1364 1809 pla·

357 1821 419 1879 cuit
441 1816 583 1899 Creatori,
605 1826 639 1879 nt
662 1820 751 1879 etiam
772 1819 843 1879 binc
865 1819 1074 1880 ostenderetur
1096 1837 1156 1880 non
1180 1819 1276 1880 solum
1299 1820 1365 1898 pul-

304 1921 338 1970 rb
356 1906 557 1987 claritudines,
593 1924 697 1968 verum
733 1909 820 1967 etiam
858 1907 1075 1986 magnitudines
1112 1917 1143 1968 et
1173 1907 1365 1970 fortitudines

357 2012 516 2075 corporum
543 2013 603 2055 nou
630 1995 921 2074 magnipendendas
943 2013 1009 2056 esse
1032 1997 1171 2076 sapienti,
1203 1998 1255 2074 qui
1277 1998 1365 2074 spiri-

356 2081 464 2144 talibus
482 2091 570 2162 atque
587 2082 792 2144 inmortalibus
811 2083 899 2162 longe
921 2083 1093 2144 melioribus
1115 2092 1204 2162 atque
1226 2083 1365 2145 firmiori·

356 2170 413 2233 bus
431 2179 462 2231 et
479 2170 626 2234 bonorum
644 2174 782 2252 propriis,
805 2189 866 2232 non
888 2171 1035 2232 bonorum
1058 2172 1261 2250 malorumque
1284 2190 1365 2232 oom-

357 2258 496 2320 munibus
526 2259 712 2321 beatificatur
743 2259 837 2321 bonis.
890 2259 985 2331 Quam
1021 2277 1085 2321 rem
1114 2260 1189 2321 alius
1220 2261 1365 2340 propbeta

302 2347 566 2412 recommendans
589 2351 644 2409 ait:
671 2349 722 2409 lbi
740 2347 870 2423 suerunt
889 2353 1030 2424 pipantes
1057 2351 1104 2409 iiii
1124 2350 1284 2424 nominati,
1311 2353 1367 2424 qui

356 2437 396 2496 ab
418 2439 504 2498 initio
528 2435 658 2512 fuerunt
683 2441 842 2510 staturosi,
869 2440 998 2498 scientes
1016 2440 1175 2512 proelium.
1221 2438 1288 2499 Non
1309 2439 1366 2498 ltos

356 2527 447 2600 clepit
468 2525 621 2601 Dominus,
643 2541 701 2586 nee
722 2528 802 2585 uiam
822 2528 970 2586 scientiae
992 2527 1077 2586 dedit
1096 2527 1172 2596 illis;
1193 2528 1249 2586 sed
1270 2529 1364 2587 inter·

357 2616 470 2687 ierunt,
502 2617 575 2688 quin
601 2629 661 2675 non
688 2614 862 2674 babuerunt
889 2616 1081 2689 sapientiam,
1109 2615 1273 2689 perierunt
1290 2631 1365 2690 pro

352 2708 424 2776 pter
446 2703 745 2762 inconsiderantiam.

303 2947 338 2995 as
729 2924 847 3018 Carnu
864 2926 982 2993 XXIV.

383 3056 448 3127 Quo
470 3057 557 3116 modo
579 3057 811 3129 intollerandum
833 3058 886 3129 sii,
909 3056 992 3130 quod
1012 3056 1051 3116 de
1073 3058 1131 3129 eis,
1154 3059 1208 3130 qui
1229 3058 1343 3116 diluvio

453 3144 609 3220 perdendi
630 3150 727 3217 erant,
751 3143 897 3204 Dominus
919 3145 1051 3203 dixerit:
1073 3143 1177 3203 Erunt
1197 3146 1263 3204 dies

622 3246 727 3292 corum
749 3237 869 3291 centum
890 3233 999 3305 suinai
1020 3232 1103 3291 anni.

447 3354 531 3426 Quod
560 3363 658 3414 autem
686 3354 760 3414 dixit
781 3352 874 3415 Deus:
902 3354 1003 3415 Erunt
1030 3356 1095 3415 dies
1118 3370 1222 3414 earum
1245 3361 1367 3415 centnm

305 3458 339 3507 30
358 3445 466 3519 oipinti
487 3446 574 3517 anni,
601 3461 661 3502 non
689 3443 733 3503 sic
755 3442 961 3521 accipiendum
983 3449 1042 3523 est,
1069 3443 1154 3520 quasi
1175 3444 1366 3521 praenuntia-

428 3580 474 3648 24)
491 3577 554 3633 Bar.
574 3582 599 3645 3,
618 3582 652 3632 26
671 3594 731 3646 sqq.
768 3579 813 3645 30)
832 3574 900 3631 Gen.
920 3581 945 3643 θ,
963 3579 989 3632 3.

429 3731 461 3780 15
480 3725 566 3780 eiiam
584 3741 649 3791 mss;
668 3725 755 3780 etiam
773 3727 803 3779 ab
819 3741 836 3780 a
855 3727 866 3795 Ι]
886 3730 920 3780 22
939 3725 989 3780 sed
1006 3741 1072 3793 mem
1091 3728 1120 3780 et
1137 3742 1154 3780 a
1171 3726 1299 3796 (Graecas
1317 3730 1368 3783 nal

356 3797 511 3868 ἀπώλοντο)
524 3798 534 3866 ΙΙ
548 3801 581 3850 29
600 3795 712 3850 illorum
731 3795 774 3852 1⁷¹
