3284 4459
738 440 760 481 S.
774 439 941 482 aunuum

417 576 496 637 Hinc
514 578 654 636 metuunt
671 578 861 655 cupiuntque,
879 576 983 636 dolent
1000 576 1204 653 gaudentque,

418 752 598 829 Suspioiunt,
622 754 742 814 clausae
764 754 898 813 tenebris
921 757 953 813 ot
975 684 1248 814 carcerem(icccsolitrza⁸

329 884 429 937 tamen
457 873 542 935 aliter
570 894 601 935 se
628 875 718 936 habet
744 875 817 936 fides
845 883 955 936 nostra.
999 872 1072 935 Nam
1096 878 1248 954 corruptio
1270 894 1337 936 cor·

294 975 311 1025 b
329 966 420 1044 poris,
443 980 517 1045 quae
537 964 673 1043 adgravat
692 966 828 1044 animam,
851 982 910 1024 non
928 966 1042 1043 peccati
1060 965 1149 1043 primi
1172 972 1218 1023 est
1240 982 1338 1045 causa,

330 1052 382 1113 sed
413 1062 522 1133 poena3
554 1070 610 1113 nec
643 1071 711 1113 caro
742 1051 944 1132 corruptibilis
975 1054 1101 1112 animam
1132 1054 1339 1132 peccatricem,

330 1140 382 1201 sed
405 1142 501 1201 anima
523 1143 674 1219 peccatrix
696 1142 767 1203 iecit
789 1159 856 1202 esse
879 1138 1102 1219 corruptibilem
1126 1158 1253 1202 carnem.
1293 1140 1338 1203 Ex

330 1246 387 1307 qua
411 1231 601 1308 corruptione
621 1232 718 1289 carnis
740 1229 810 1290 licet
833 1231 960 1289 existant
983 1228 1125 1308 quaedam
1148 1230 1339 1290 incitamenta

329 1318 469 1391 vitiorum
491 1325 521 1376 et
543 1318 607 1397 ipsa
630 1317 775 1378 desideria
798 1319 915 1397 vitiosa,
939 1335 997 1378 nou
1020 1325 1119 1377 tamen
1142 1319 1239 1378 omnia
1262 1320 1339 1378 vitae

278 1418 312 1469 10
330 1406 448 1485 iniquae
467 1406 537 1465 vitia
555 1405 711 1466 tribuenda
730 1414 800 1466 sunt
818 1407 909 1485 carni,
932 1423 969 1465 ne
988 1404 1024 1464 ab
1042 1404 1090 1465 his
1108 1405 1244 1466 omnibus
1267 1424 1338 1485 pur·

330 1508 435 1573 gemus
458 1492 619 1575 diabolum,
643 1496 694 1573 qui
717 1512 776 1553 non
799 1493 888 1553 habet
911 1511 1038 1553 carnem.
1087 1493 1152 1554 Etsi
1175 1498 1255 1554 enim
1278 1494 1338 1554 dia·

330 1580 415 1642 bolus
438 1582 599 1643 fornicator
617 1582 663 1642 vel
687 1581 822 1642 ebriosus
845 1581 891 1641 vel
914 1583 939 1641 si
962 1581 1033 1660 quid
1056 1581 1145 1643 huius
1168 1582 1248 1642 modi
1270 1582 1339 1643 mali

330 1678 389 1751 est,
418 1670 496 1749 quod
524 1668 560 1729 ad
588 1673 686 1732 caruis
709 1673 839 1749 pertinet
861 1669 1039 1750 voluptates,
1067 1688 1127 1730 non
1149 1674 1248 1749 potest
1271 1670 1339 1751 dici,

330 1776 399 1819 cum
422 1760 460 1818 sit
483 1760 571 1819 etiam
593 1758 695 1819 talium
718 1766 908 1837 peccatorum
932 1776 1036 1817 suasor
1058 1767 1089 1819 et
1110 1760 1267 1837 instigator
1289 1776 1337 1818 oc·

279 1858 312 1909 15
332 1845 443 1907 cultus:
466 1854 512 1907 est
534 1855 633 1908 tamen
655 1848 779 1908 maxime
804 1844 951 1925 superbus
974 1855 1062 1925 atque
1084 1846 1210 1907 invidus.
1256 1845 1339 1917 Quae

331 1933 414 1994 illum
433 1936 576 1996 vitiositas
595 1938 638 1996 sic
657 1934 793 2010 obtinuit,
817 1943 851 1995 ut
873 1941 996 2014 propter
1018 1934 1093 1995 hano
1117 1942 1198 1995 esset
1219 1935 1250 1995 in
1274 1952 1338 1995 oar-

331 2022 451 2083 ceribus
472 2022 623 2103 caliginosi
641 2023 730 2084 huius
753 2025 830 2083 aeris
853 2031 973 2082 aeterno
997 2022 1142 2101 supplicio
1166 2022 1338 2084 destinatus.

330 2108 410 2171 Haec
443 2119 541 2171 autem
572 2114 655 2192 vitia,
686 2129 761 2191 quae
793 2119 898 2171 tenent
924 2113 955 2171 in
986 2110 1101 2171 diabolo
1131 2112 1338 2192 principatum,

332 2201 414 2260 carni
444 2198 549 2260 tribuit
576 2198 739 2279 apostolus,
769 2216 856 2279 quam
884 2207 1000 2259 certum
1027 2208 1073 2260 est
1100 2198 1247 2260 diabolum
1277 2218 1338 2260 non

277 2298 313 2351 20
331 2286 449 2348 habere.
486 2286 563 2349 Dicit
581 2290 659 2348 enim
679 2289 857 2367 inimicitiae,
880 2290 1094 2370 contentiones,
1117 2287 1338 2362 aemulationes,

333 2378 542 2456 animositates,
569 2376 692 2436 invidias
715 2394 804 2455 opera
828 2393 894 2435 esse
918 2378 1029 2456 carnis;
1056 2394 1183 2454 qnorum
1206 2377 1338 2438 omnium

332 2464 477 2525 malorum
500 2472 590 2543 eaput
607 2472 695 2542 atque
719 2466 801 2543 origo
825 2463 964 2543 superbia
987 2473 1042 2545 est,
1064 2482 1138 2543 quae
1162 2467 1225 2524 sine
1249 2483 1338 2525 carne

332 2560 435 2631 regnat
457 2555 489 2612 in
512 2551 635 2615 diabolo.
682 2551 754 2623 Quis
772 2561 871 2612 autem
894 2551 943 2612 illo
967 2561 1013 2612 est
1035 2554 1182 2613 inimicior
1205 2550 1339 2613 sanctis?

332 2639 405 2711 Quis
433 2640 575 2702 adversus
602 2659 653 2701 eos
681 2642 907 2720 contentiosior,
937 2642 1096 2700 animosior
1123 2649 1154 2701 et
1176 2643 1268 2721 magis
1291 2660 1338 2701 ae-

279 2743 314 2791 26
333 2728 431 2789 mulus
446 2738 533 2808 atque
547 2730 664 2790 invidus
678 2724 851 2789 invenitur?
881 2728 1009 2788 Athaco
1027 2730 1123 2789 omnia
1142 2747 1210 2789 oum
1233 2728 1339 2790 habeat

333 2818 396 2877 sine
425 2834 530 2895 carne,
561 2835 620 2896 qno
648 2816 735 2877 modo
763 2825 834 2877 sunt
854 2819 912 2876 ista
934 2834 1025 2896 opera
1047 2819 1160 2897 caruis,
1189 2819 1247 2877 nisi
1270 2820 1339 2896 quia

332 2923 422 2984 opera
445 2914 515 2965 sunt
536 2904 678 2985 hominis,
700 2922 802 2986 quem,
826 2903 904 2964 sicut
926 2903 999 2986 dixi,
1027 2907 1145 2965 nomine
1169 2908 1266 2966 carnis
1289 2924 1338 2985 ap-

332 2990 442 3073 pellat?
473 2992 539 3053 Nou
563 2996 642 3054 euim
664 2992 798 3053 habendo
822 3010 951 3074 carnem,
975 3010 1062 3072 quam
1085 3012 1144 3053 non
1167 2994 1256 3054 babet
1278 2995 1337 3055 dia·

331 3081 426 3163 bolus,
449 3081 501 3141 sed
520 3082 643 3142 vivendo
662 3082 825 3142 secundum
842 3099 875 3142 se
897 3084 1006 3162 ipsum,
1027 3080 1084 3141 hoo
1107 3090 1153 3142 est
1174 3083 1339 3144 secundum

279 3186 314 3235 ³0
333 3170 491 3251 hominem,
514 3171 610 3230 iactus
629 3179 675 3230 est
692 3169 779 3230 bomo
799 3170 903 3230 similis
926 3168 1054 3250 diabol03
1067 3172 1146 3248 ¹quia
1169 3178 1200 3231 et
1220 3169 1270 3231 ille
1293 3190 1338 3231 se·

332 3258 463 3319 cundum
491 3276 522 3318 se
551 3260 648 3338 ipsum
666 3261 774 3318 ‘vivere
802 3257 907 3338 voluit,
938 3257 1055 3336 quando
1077 3259 1108 3318 in
1132 3260 1255 3320 veritate
1278 3277 1339 3319 non

333 3348 424 3428 stetit,
447 3354 480 3408 ut
503 3364 563 3408 non
586 3347 622 3407 de
646 3346 713 3427 liei,
735 3345 787 3408 sed
811 3346 848 3406 de
871 3363 926 3406 suo
949 3346 1135 3407 mendacium
1158 3346 1339 3430 loqueretur,

405 3489 430 3556 a)
450 3487 518 3541 Aen.
538 3492 563 3555 c,
579 3493 700 3557 raosqq.
755 3488 799 3557 21)
819 3487 881 3541 Gal.
900 3491 926 3556 a,
940 3492 983 3541 2ο,
1038 3489 1083 3557 aa)
1100 3486 1139 3540 10.
1158 3491 1184 3553 a,
1197 3492 1240 3541 44.

404 3634 420 3683 2
443 3629 600 3697 suscipiunt
617 3628 697 3684 noe
715 3630 725 3699 p
747 3634 782 3683 24
805 3627 957 3684 animosior
979 3647 1029 3685 om.
1048 3629 1138 3697 nup
1161 3633 1195 3681 25
1216 3629 1256 3682 At
1275 3589 1341 3697 r⁷z¹;¹

330 3700 378 3755 Ad
396 3701 431 3769 l¹3
449 3700 486 3753 Et
504 3700 674 3770 AFGepo;
692 3718 742 3755 om.
762 3701 800 3755 ab
1004 3715 1006 3719 “
