3284 4459
548 492 589 532 nn
603 491 746 532 crvrrnrn
760 491 813 532 om
827 492 852 531 n.
865 491 953 532 xvm.
967 491 991 533 c.
1004 493 1037 533 ιι.
1051 493 1083 532 ts.
1256 475 1321 542 269

314 629 410 706 syrios
434 634 573 705 regnaret
596 625 761 705 Asopiades
785 624 862 704 apud
887 626 1040 705 Sicyonios
1063 625 1221 705 Marathus,
1244 625 1322 705 opud

315 715 438 793 Argivos
469 715 601 793 Triopas.
651 713 766 773 Educto
796 722 895 774 autem
924 713 1033 793 popuio
1062 716 1094 774 in
1124 722 1224 774 monte
1252 713 1323 774 Sina

315 803 464 864 divinitus¹
475 812 623 882 acceptam
643 801 763 862 tradidit
781 801 885 882 legem,
908 802 1090 881 quod'vetus
1107 801 1217 863 dicitnr
1233 811 1323 863 teste·

315 901 463 970 mentum,
486 893 554 969 quia
576 891 788 969 promissiones
812 899 947 950 terrenas
963 889 1071 971 habet,
1094 898 1125 951 et
1147 908 1202 971 per
1223 889 1322 950 iesum

316 979 466 1040 Christum
485 980 618 1039 futurum
638 979 735 1038 soeret
752 987 961 1039 testamentum
980 996 1097 1058 novum,
1119 997 1179 1058 qno
1197 997 1322 1057 regnum
1341 988 1358 1037 o

316 1067 464 1128 caelorum
502 1069 734 1146 promitteretur.
793 1065 879 1128 Hunc
920 1068 1005 1126 enim
1040 1066 1175 1127 ordinem
1211 1068 1326 1127 servari

316 1154 480 1234 oportebat,
503 1157 581 1215 sicut
598 1157 629 1214 in
648 1171 708 1214 nno
728 1173 847 1234 quoque
866 1153 993 1235 homine,
1016 1157 1067 1234 qui
1089 1156 1120 1215 in
1139 1155 1233 1216 Deum
1255 1173 1324 1234 pro·-

316 1244 386 1324 ficit,
409 1242 442 1302 id·
462 1245 566 1322 agitur,
589 1242 668 1321 qttod
691 1245 732 1303 nit
754 1243 913 1324 apostolus,
936 1252 969 1304 ut
991 1260 1052 1304 nort
1072 1246 1114 1304 rit
1131 1246 1221 1320 prins
1243 1245 1333 1318 quod,
1423 1273 1426 1276 >

316 1334 455 1408 spiritale
472 1338 533 1403 cst‚·
554 1333 610 1392 sed
626 1333 708 1406 qnod
725 1335 864 1406 animale,
884 1338 990 1408 posteo
1007 1334 1162 1408 spiritole;
1184 1332 1324 1410 quoniam

318 1422 395 1479 sicut
414 1419 486 1479 dicit
503 1427 533 1479 et
552 1437 654 1479 verum
674 1428 727 1492 est,
747 1423 866 1496 primns
883 1420 969 1480 horno
992 1422 1031 1481 de
1048 1426 1143 1493 terro,
1166 1426 1324 1490 torrentior
1343 1431 1375 1478 10

316 1510 467 1569 secundus
494 1509 580 1568 horno
608 1509 646 1568 de
675 1511 768 1569 cneio
814 1507 900 1568 Rexit
922 1517 1021 1568 antem
1043 1507 1187 1587 populum
1208 1507 1324 1586 Moyses

317 1613 371 1675 per
399 1609 491 1655 annos
519 1595 710 1674 quadraginta
741 1598 773 1656 in
805 1595 924 1656 deserto
954 1606 984 1657 et
1006 1605 1143 1657 mortuus
1165 1605 1211 1656 est
1234 1614 1323 1655 anno·

301 1699 385 1764 rum
408 1691 527 1744 centum
551 1694 581 1744 et
605 1685 716 1763 viginti,
739 1702 806 1744 cum
826 1683 977 1744 Christum
999 1687 1088 1745 etiem
1110 1687 1174 1765 ipse
1197 1684 1324 1765 prophe-

318 1781 410 1832 tasset
431 1789 486 1852 per
507 1773 616 1850 figures
640 1770 886 1833 observationum
901 1772 1063 1833 carnalium
1084 1775 1116 1833 in
1134 1771 1323 1834 tabernaculo

319 1871 348 1920 et
378 1859 542 1920 sacerdotio
573 1869 603 1920 et
634 1860 786 1920 sacrificiis
813 1860 936 1940 aliisque
966 1862 1098 1939 mysticis
1127 1861 1323 1940 plurimisque
1343 1873 1376 1920 15

319 1947 470 2009 mandatis.
516 1948 608 2027 Moysi
636 1951 781 2008 successit
807 1947 892 2009 lesus
923 1948 1001 2009 Nare
1030 1958 1060 2009 et
1086 1952 1118 2009 in
1145 1958 1226 2010 terra
1256 1968 1324 2029 pro-

319 2038 467 2097 missionis
494 2035 696 2097 introductum
724 2036 866 2116 populum
894 2036 1057 2097 conlocavit
1083 2055 1119 2098 er
1149 2040 1324 2098 auctoritate

319 2124 415 2184 divino
444 2122 776 2203 debellatisgentibus,
802 2143 818 2184 a
842 2124 950 2202 quibus
973 2125 1075 2185 eadem
1098 2124 1162 2185 loca
1185 2125 1324 2185 teneban-

319 2221 377 2296 tur.
423 2211 483 2282 Qui·
507 2229 573 2272 cum
602 2211 744 2292 populum
771 2215 898 2273 rexisset
923 2221 992 2292 post
1019 2222 1144 2274 mortem
1167 2212 1260 2291 Moysi
1283 2215 1323 2273 ri-

319 2301 393 2378 ginti
415 2308 446 2360 et
468 2308 583 2380 septem
605 2318 711 2380 annos,
734 2303 823 2362 etiam
845 2302 908 2380 ipse
921 2300 1098 2361 -deinnctus-
1112 2310 1159 2362 est
1182 2309 1377 2379 regnantem

319 2388 397 2467 opud
415 2388 550 2466 Assyrios
568 2397 670 2449 octavo
689 2388 803 2448 decimo
817 2391 949 2468 Amynta,
972 2388 1049 2467 apud
1068 2388 1222 2468 Sicyonios
1241 2398 1324 2449 sexto

319 2477 433 2537 decimo
462 2476 584 2556 Corace,
612 2476 689 2555 apud
712 2477 972 2556 Argivos-'decimo
996 2477 1114 2559 Danaos
1135 2475 1212 2556 apud
1236 2476 1324 2538 Athe-

320 2567 441 2626 nienses·
462 2574 567 2643 quarto
589 2563 790 2626 Erichthonio.

713 2805 833 2874 Cnrur
852 2784 943 2877 ΧΠ.Ι
990 2771 1026 2868 ⁵2

320 2936 366 2995 De
392 2937 492 2995 saeris
516 2933 666 3008 salsorum
694 2925 846 3007 deornm(
864 2952 944 3009 qnae
970 2951 1058 3009 repes
1088 2933 1240 2995 Graeciae
1268 2938 1326 2996 illis
1344 2947 1378 2995 25

320 3024 502 3099 temporibus
521 3025 723 3096 instituerunt,
746 3027 834 3096 quoe
847 3023 887 3082 ob
906 3025 991 3083 exitu
1002 3022 1115 3083 lornei
1131 3040 1172 3083 ex
1190 3024 1326 3100 Aepypto

445 3129 541 3188 noque
564 3113 608 3174 od
628 3113 698 3174 Iesu
721 3115 805 3174 Nove
827 3116 940 3175 obitum
963 3117 1205 3176 dinumerantur.

411 3237 468 3298 Per
490 3235 563 3295 haec
586 3225 727 3314 tempora,
750 3234 780 3296 id
803 3243 849 3296 est
871 3218 907 3297 nb
931 3240 1012 3298 exitu
1032 3236 1130 3299 lsrael,
1146 3255 1182 3298 ex
1200 3231 1330 3316 Aegypto

322 3343 418 3406 usque
441 3323 477 3385 ed
500 3332 625 3384 mortem
645 3323 710 3406 Iesu
729 3322 817 3401 Nave,
829 3342 896 3405 -per
915 3343 1006 3406 quem
1023 3326 1155 3406 populus
1173 3325 1252 3386 idem
1270 3332 1329 3384 ter·

395 3460 438 3528 11)
459 3464 482 3512 1.
498 3456 557 3512 Cor.
579 3462 619 3524 15,
635 3463 719 3526 46sq2
766 3485 768 3490 ·

394 3607 408 3653 1
428 3599 589 3653 mnrntheus
603 3600 648 3652 Ae
661 3561 716 3667 till
727 3575 772 3652 'de
791 3599 869 3652 caelo
884 3599 974 3668 chp
988 3572 1035 3665 (cs.
1050 3599 1067 3654 i.
1082 3603 1117 3654 13
1130 3615 1151 3653 c.
1166 3602 1275 3668 23sq);
1295 3598 1329 3653 de

324 3669 402 3724 coelo
421 3669 550 3724 ceeicstis
564 3669 722 3726 Arcano
739 3670 749 3738 ΙΙ
769 3675 801 3728 16
820 3672 896 3723 terro
909 3669 1101 3740 RFGacpp3
1119 3672 1224 3725 terrem
1237 3671 1330 3739 Abel]

323 3757 440 3810 reprom.
460 3740 611 3809 Mores.
629 3743 695 3804 270,
709 3745 724 3793 1
1249 3798 1252 3805 ‚
1283 3801 1286 3805 .
