3284 4459
355 514 418 578 110
753 525 954 569 suuousrm

353 664 459 726 diebus
482 665 540 724 illr's
563 669 676 738 etpost
696 664 780 735 illud,
803 679 872 722 eom
890 663 1044 722 intrarent
1058 663 1119 735 filii
1136 661 1195 722 Dei
1215 663 1260 722 od
1276 664 1360 735 filias

352 753 517 826 dominum,
545 758 575 812 et
595 751 787 826 peneraaanr
807 752 884 821 aidi,·
905 751 952 810 illi
972 757 1064 810 eram
1083 752 1223 825 poponus
1250 767 1270 810 u
1291 767 1359 812 sae·

353 843 421 904 aulo
444 841 578 902 domines
600 841 755 900 nominati.
800 836 880 898 Haeo
902 836 971 898 libri
993 835 1083 898 verba
1105 837 1197 898 divini
1220 839 1291 898 satis
1312 840 1359 899 in·

354 927 452 988 disant
465 929 524 988 iam
537 926 594 990 illis
609 924 714 988 diebus
732 926 825 987 luisse
843 928 976 1004 gigantes
994 943 1085 1004 super
1103 933 1222 1007 terram,
1241 926 1360 1004 quando

319 1029 335 1078 t
353 1016 406 1076 lilii
423 1015 477 1077 Ilei
500 1021 679 1097 aeceperunt
702 1031 812 1075 uxores
835 1013 910 1074 fllias
933 1013 1095 1093 hominum,
1117 1032 1187 1074 oum
1209 1031 1259 1074 eas
1282 1032 1359 1075 ama-

353 1112 422 1166 rent
453 1103 559 1183 bonas,
589 1102 619 1162 id
649 1109 695 1162 est
724 1101 872 1180 pulchras.
923 1100 1113 1163 Consuetudo
1144 1103 1254 1182 quippe
1287 1105 1359 1163 sori-

353 1201 458 1272 ptnrae
487 1190 575 1252 huius
605 1199 664 1272 est,
695 1192 784 1250 etiam
807 1192 958 1269 speciosos
980 1207 1106 1270 eorpore
1128 1188 1223 1250 bonos
1245 1209 1359 1253 vocare.

355 1279 414 1342 Sed
438 1288 468 1341 et
490 1288 646 1360 postquam
669 1278 725 1339 hoa
748 1279 859 1339 laetum
883 1287 937 1359 est,
958 1279 1021 1338 nati
1043 1286 1113 1339 sunt
1135 1280 1277 1357 gigantes.
1310 1278 1359 1340 Sie

355 1369 434 1430 enim
457 1370 512 1430 ait:
545 1369 689 1442 Gipontes
713 1374 812 1428 autem
835 1374 925 1429 eram
946 1385 1039 1443 super
1061 1370 1231 1428 terrentia
1255 1368 1361 1429 diebus

303 1471 336 1519 10
354 1461 412 1518 tilis
435 1464 466 1518 et
487 1463 557 1533 post
574 1458 658 1530 illud,
680 1473 749 1517 aum
771 1459 926 1517 intrarent
944 1458 1004 1529 filii
1020 1455 1080 1517 liei
1100 1457 1144 1515 ud
1161 1458 1244 1528 fitius
1265 1457 1358 1516 irorat-

353 1563 433 1607 aum.
486 1544 564 1623 Ergo
594 1553 625 1606 et
656 1553 723 1604 aute
755 1542 812 1604 illis
843 1542 947 1604 diebus
979 1553 1010 1603 et
1041 1551 1109 1622 post
1139 1543 1221 1604 illud.
1272 1542 1358 1614 Quod

353 1642 452 1694 antem
475 1635 528 1695 ait:
550 1633 591 1693 Et
605 1634 798 1709 permutant
818 1634 885 1706 sibi,
908 1633 980 1692 satis
1002 1631 1140 1712 ostendit,
1163 1631 1243 1710 quod
1265 1634 1359 1713 prius,

353 1730 511 1800 antequam
543 1723 586 1782 sie
618 1720 759 1781 caderent
791 1719 845 1780 lilii
880 1718 947 1800 liei,
979 1717 1040 1780 lieo
1072 1718 1266 1800 generabant,
1299 1738 1359 1781 non

354 1809 427 1890 sihi,
459 1810 488 1870 id
519 1817 566 1870 est
596 1826 656 1870 nou
688 1807 856 1870 dominante
884 1807 1006 1868 libidine
1041 1807 1182 1888 coeundi,
1214 1807 1266 1868 sed
1294 1826 1360 1869 ser·
1467 1830 1468 1837 ¹

302 1911 334 1960 15
353 1900 450 1959 viante
483 1897 579 1957 officio
610 1895 804 1976 propagandi3
836 1913 897 1956 non
925 1895 1064 1957 familiam
1089 1895 1185 1956 fastus
1211 1899 1271 1976 sui,
1305 1897 1358 1957 sed

354 1989 432 2047 eires
461 1987 586 2046 civitatis
612 1984 679 2066 Dei,
708 1984 816 2062 quibus
847 1983 1057 2045 adnuntiarent
1085 1991 1235 2087 tamquam
1261 1984 1359 2064 angeli

352 2074 420 2155 Dei,
446 2083 481 2135 ut
507 2081 653 2154 ponerent
679 2074 711 2134 in
735 2071 796 2132 lieo
819 2089 903 2152 spem
926 2090 1025 2152 suam,
1052 2071 1164 2133 simdes
1187 2071 1279 2152 illius,
1306 2076 1360 2153 qui

353 2171 440 2224 natus
463 2171 510 2222 est
531 2161 568 2222 de
581 2159 678 2241 Seth,
700 2160 779 2222 filius
802 2162 1048 2241 resurrectionis,
1072 2168 1103 2221 et
1124 2162 1256 2240 sperarit
1276 2162 1359 2222 invo-

353 2269 420 2312 oare
453 2268 560 2312 nomen
592 2247 708 2310 Domini
739 2248 806 2327 Dei3
838 2250 870 2309 in
903 2266 960 2327 qua
987 2267 1041 2327 spe
1070 2257 1172 2309 essent
1198 2267 1268 2309 oum
1295 2252 1360 2311 suis

299 2352 333 2402 20
352 2341 480 2419 posteris
498 2337 660 2400 coheredes
678 2346 869 2402 aeternornm
892 2335 1039 2398 honorum
1062 2344 1094 2398 et
1115 2335 1171 2397 suli
1190 2334 1252 2396 lieo
1274 2346 1359 2417 patre

352 2429 459 2489 iratres
482 2426 618 2487 filiorum.

440 2515 506 2576 Non
533 2523 631 2576 autem
654 2513 719 2574 illos
747 2516 788 2574 ita
811 2513 905 2574 luisse
929 2512 1049 2591 angelos
1071 2512 1138 2592 liei,
1166 2521 1201 2574 ut
1223 2512 1360 2575 homines

353 2622 413 2665 non
446 2611 559 2684 essent,
590 2604 667 2662 sieut
698 2601 817 2682 quidam
849 2608 969 2681 putant,
1001 2600 1054 2661 sed
1086 2600 1221 2662 homiues
1253 2602 1360 2680 procul

352 2691 443 2753 dubio
462 2692 564 2773 luisse,
586 2692 734 2769 scriptura
751 2691 816 2770 ipse
835 2692 898 2751 sine
923 2689 982 2749 ulla
1005 2688 1195 2768 ambiguitate
1219 2689 1359 2752 declarat.

300 2792 333 2842 25
352 2779 428 2840 Cum
454 2781 534 2844 enim
562 2779 758 2858 praemissum
786 2787 879 2852 esset,
908 2777 987 2856 quod
1014 2774 1149 2839 videntes
1176 2782 1280 2852 onorii
1301 2780 1363 2841 lter·

348 2872 431 2943 filios
452 2869 613 2942 dominum,
635 2868 709 2941 qaia
732 2867 929 2939 tonuerunt,
950 2873 1142 2942 sumpserunt
1163 2868 1224 2927 sibi
1243 2884 1361 2929 uxorea

352 2975 392 3018 ex
410 2957 546 3017 omnibus
564 2972 641 3030 quaa
663 2957 827 3030 cleperent,
850 2971 918 3018 mox
941 2953 1113 3016 adiunctum
1134 2962 1194 3015 est:
1216 2955 1258 3014 Et
1279 2957 1362 3017 droit

351 3045 497 3106 Dominus
515 3043 611 3104 Deus:
634 3043 701 3103 Noa
715 3044 908 3118 permanebit
923 3044 1050 3119 spiritus
1071 3057 1155 3102 meus
1177 3044 1209 3103 in
1231 3044 1359 3104 domiai·

353 3134 408 3193 tus
434 3135 482 3193 iris
509 3133 541 3192 in
568 3137 740 3205 aeternam,
764 3137 893 3207 propter
918 3132 1001 3205 quod
1021 3147 1097 3191 earo
1119 3137 1198 3192 urat.
1245 3130 1361 3211 Spiritu

299 3232 334 3282 to
352 3219 406 3280 Dei
429 3221 538 3299 quippe
557 3219 676 3285 fuerant
698 3219 768 3280 laeti
790 3217 887 3297 angeli
904 3217 959 3278 Ilei
980 3225 1012 3278 et
1033 3217 1086 3278 tilii
1108 3216 1171 3298 liei,
1193 3218 1245 3278 sed
1269 3218 1360 3280 deeli-

352 3306 448 3368 nando
467 3307 503 3368 ad
521 3307 662 3369 interiora
680 3305 821 3368 dicuutur
844 3305 979 3367 homines
1001 3307 1120 3366 nomine
1143 3314 1276 3387 naturae,
1298 3325 1361 3369 nou

352 3398 478 3477 gratiae3
501 3395 642 3455 dicuntur
660 3402 690 3455 et
709 3411 777 3455 oaro
801 3393 971 3455 desertores
994 3395 1117 3472 spiritns
1140 3402 1171 3454 et
1193 3393 1360 3455 deserendo

351 3482 471 3545 deserti.
507 3482 546 3544 Et
568 3484 754 3563 septuaginta
773 3482 893 3561 quidem
915 3483 1095 3562 interpretes
1118 3488 1150 3543 et
1172 3474 1361 3561 angelos‘iiei

421 3606 448 3674 3)
467 3601 534 3660 Gen.
555 3608 680 3672 o,1sqq.
736 3605 780 3674 17)
798 3603 843 3658 Ps.
864 3609 905 3671 tt,
921 3608 945 3656 7.

422 3741 454 3790 11
474 3735 531 3789 illis
551 3737 630 3791 RAr
653 3736 699 3805 (ef.
714 3739 758 3804 4);
785 3735 815 3790 in
834 3733 892 3789 illis
912 3734 1108 3805 VFGabepo
1130 3738 1139 3805 ΙΙ
1162 3741 1196 3791 ti
1215 3737 1361 3808 elegerent

354 3808 438 3874 Gam-
456 3808 490 3874 of.
510 3812 572 3873 109,
585 3811 623 3862 28
1032 3828 1034 3835 ·
