3284 4459
570 563 611 604 uu
624 562 767 605 amnena
780 562 835 603 um
848 564 874 603 u.
888 563 974 604 xvm.
988 563 1011 604 o.
1024 564 1057 605 re.
1257 545 1319 610 301

313 701 378 761 iiati
401 707 471 760 sunt
499 698 535 759 ad
558 707 690 777 tempus,
717 707 751 758 ut
778 700 965 776 erigerentur
991 699 1022 758 in
1046 691 1230 758 aeternum“.·
1251 697 1321 756 'in-

311 805 437 864 pressos
465 795 605 848 aeternos
631 789 696 847 eius
719 803 779 864 pro
805 786 961 847 laboribus
987 787 1065 856 aidi,
1091 785 1148 846 boe
1171 789 1217 845 est
1238 801 1321 864 „uon

316 879 380 937 sine
399 876 535 936 mercede
554 876 735 935 aeternitatis
754 872 885 934 laborem
904 875 1034 934 caritatis
1053 868 1179 952 aspexi“.
1211 872 1321 933 Taber-

307 968 431 1026 -naaota
447 965 624 1040 Aethiopum
642 969 845 1039 expavescent
861 970 892 1024 et
908 963 1110 1024 tabernacola
1132 969 1237 1035 terrae
1253 960 1321 1021 Ma-

316 1056 411 1129 dian,
444 1051 500 1112 hoo
528 1059 573 1112 est
600 1061 726 1131 „gentes
755 1059 876 1129 repente
903 1052 1080 1130 perterritae
1108 1051 1212 1110 nuntio
1235 1051 1357 1110 mira-5

316 1140 420 1202 biiium
437 1148 559 1202 tuorum
578 1141 666 1199 etiam
686 1156 760 1217 quae
780 1157 838 1198 uon
859 1139 975 1199 suntin
995 1140 1060 1198 iure
1079 1137 1210 1198 Romano
1234 1144 1323 1196 eruut

315 1231 347 1290 iu
370 1229 480 1308 populo
499 1223 691 1288 christiana.
738 1228 891 1302 Numquid
912 1231 945 1287 in
963 1228 1139 1301 fluminibus
1161 1229 1260 1286 iratas
1282 1243 1323 1300 ea,

316 1319 457 1391 Domine,
485 1323 540 1377 aot
567 1319 598 1375 in
622 1317 798 1390 fluminibus
825 1313 919 1390 soror
948 1322 1017 1374 tuns
1035 1320 1091 1374 aot
1112 1317 1144 1375 in
1166 1317 1249 1374 mori
1269 1315 1322 1374 inr-

313 1415 403 1482 petos
422 1407 512 1466 taus?
535 1404 590 1463 boe
610 1402 676 1463 ideo
699 1403 810 1463 dietum
834 1412 889 1483 est,
912 1405 979 1482 quia
1003 1420 1062 1463 non
1085 1405 1165 1462 veuit
1188 1419 1267 1462 nuuc
1289 1410 1324 1462 ut

316 1493 428 1554 indicet
460 1492 621 1571 mundum,
658 1491 709 1551 sed
742 1499 775 1552 ut
812 1491 940 1551 salvetur
972 1489 1100 1551 mundus
1131 1507 1186 1569 per
1216 1492 1322 1569 ipsunt
1342 1501 1376 1550 ιο

323 1575 401 1656 Onia
425 1583 570 1643 ascendes
596 1588 903 1656 superoptimam,
930 1586 962 1641 et
989 1581 1134 1655 equitatio
1157 1586 1211 1639 tna
1233 1581 1324 1653 ratus,

309 1671 375 1730 boa
397 1677 444 1730 est
466 1667 679 1751 „evangelistae
699 1670 742 1728 tui
760 1668 921 1747 portabunt
942 1675 982 1749 te,
1005 1669 1055 1746 qui
1078 1675 1224 1746 reguntur
1246 1683 1262 1726 a
1281 1670 1325 1782 't‘el

318 1767 349 1819 et
380 1757 564 1836 evangelium
596 1765 680 1816 tuum
709 1754 787 1817 salus
816 1757 874 1816 erit
900 1757 960 1838 eis,
990 1758 1043 1835 qui
1066 1754 1192 1817 eredunt
1213 1756 1244 1815 iu
1267 1763 1324 1815 te.

318 1848 483 1908 Intendens
506 1847 642 1906 intendes
664 1860 771 1904 areum
794 1851 877 1903 tuom
899 1861 993 1921 snper
1013 1852 1144 1921 sceptra,
1167 1845 1243 1904 dicit
1264 1843 1323 1904 Do-

318 1934 505 2008 minus,'bua
528 1941 574 1993 est
596 1931 841 2012 „comminaberis
864 1932 1005 1992 iudicium
1029 1941 1112 1992 tuum
1137 1934 1225 1992 etiam
1248 1933 1376 2010 regi-15

319 2021 376 2084 bus
408 2015 533 2083 terrae“,
577 2021 765 2081 Hominibus
795 2023 953 2082 scindetur
979 2027 1078 2096 terra,
1110 2020 1166 2080 boe
1195 2028 1241 2081 est
1261 2022 1324 2102 „iu-

318 2109 481 2172 duentibus
517 2107 704 2169 sermonibus
740 2107 973 2187 praedicantium
1014 2118 1044 2170 te
1081 2110 1253 2188 aperientur
1288 2105 1325 2169 ad

319 2197 520 2260 confitendum
544 2196 696 2256 bominum
720 2195 817 2278 corda,
840 2195 948 2274 quibus
972 2205 1019 2257 est
1040 2196 1166 2256 dietum:
1188 2195 1326 2256 Scindite

319 2289 536 2348 cordavestra
559 2291 589 2346 et
612 2302 671 2346 non
693 2286 893 2345 aestimento“.
940 2284 1015 2355 Quid
1040 2294 1098 2345 est:
1128 2284 1276 2344 Videbunt
1297 2291 1326 2344 te

319 2383 350 2437 et
372 2376 514 2436 dolebunt
532 2375 645 2450 papati,
668 2375 725 2433 uisi
748 2381 781 2433 ut
804 2372 931 2450 lugendo
953 2375 1014 2432 siut
1036 2368 1138 2432 beati?
1166 2369 1243 2442 Quid
1267 2379 1327 2433 est:
1342 2383 1378 2433 20

321 2465 506 2539 dispernens
530 2479 626 2536 aquas
650 2464 781 2535 incesso,
809 2478 845 2520 au
868 2459 1062 2540 „ambulando
1085 2463 1115 2520 iu
1137 2459 1194 2540 eis,
1223 2461 1273 2538 qui
1296 2466 1325 2520 te

320 2569 415 2629 usque
440 2568 555 2629 quaque
580 2549 761 2627 adnuntiant,
784 2547 838 2608 hac
861 2559 948 2626 atque
971 2549 1025 2609 bae
1049 2549 1193 2626 dispergis
1216 2546 1325 2608 fluenta

321 2633 513 2699 doctrinam?
559 2636 634 2708 Ouid
664 2647 722 2697 est:
753 2637 845 2697 Dedit
873 2639 1000 2714 abyssos
1027 2653 1127 2698 uocem
1156 2652 1256 2711 snam,
1288 2654 1326 2696 an

320 2726 524 2808 ,profunditas
553 2724 651 2786 cardis
678 2725 798 2785 humaui
821 2724 892 2803 quid
915 2727 944 2785 ei
966 2725 1117 2786 rideretur
1140 2717 1326 2802 expressit“?

321 2816 461 2875 Altitudo·
481 2817 664 2891 phantasiae
690 2831 766 2874 suae
792 2821 940 2892 tamquam
968 2830 1071 2874 versus
1094 2814 1257 2892 superioris
1281 2820 1326 2872 est
1345 2812 1379 2874 ‘au

321 2904 480 2982 expositi03
513 2900 634 2962 altitudo
667 2903 746 2960 enim
778 2910 825 2962 est
856 2900 987 2982 abyssus.
1033 2900 1117 2971 Quod
1145 2909 1244 2961 autem
1273 2903 1327 2962 ait:

322 2992 509 3051 Pbontariae
530 3007 620 3068 snae,
649 2989 883 3049 subaudiendum
906 2998 952 3050 est
978 3007 1102 3070 „rocem
1125 2984 1242 3069 dedit“;
1269 2988 1327 3049 boc

316 3086 381 3158 est,
404 3077 483 3156 quod
507 3078 647 3158 diximus,
675 3077 768 3163 „quid
792 3081 818 3137 ei
842 3077 993 3138 rideretur
1015 3071 1187 3156 expressit“.
1232 3075 1326 3136 Phan-

322 3169 396 3228 tasia
419 3169 528 3246 quippe
552 3169 623 3225 visio
648 3175 701 3246 est,
725 3183 811 3244 quam
836 3184 894 3226 nou
917 3169 1021 3246 tenuit,
1044 3183 1103 3224 uon
1127 3165 1251 3243 operuit,
1274 3165 1326 3224 sed

322 3254 490 3320 confitendo
518 3257 669 3314 eructavit.
715 3254 858 3315 Eteoatns
885 3262 929 3315 est
955 3257 1012 3328 soi,
1039 3261 1071 3314 et
1097 3257 1170 3313 lana
1192 3255 1274 3313 stetit
1294 3256 1379 3314 into

310 3346 432 3405 *ordine
463 3359 532 3417 sao,
565 3341 621 3402 hoa
653 3342 896 3421 est',‚adseeudit
923 3340 1059 3403 Christus
1088 3339 1270 3422 meadum,
1297 3348 1328 3400 et

308 3430 457 3492 -ordinata
490 3438 536 3491 est
568 3429 690 3490 eeclesia
724 3429 779 3490 sub
811 3449 882 3509 rege
914 3425 995 3492 suo“.
1041 3429 1077 3491 In
1105 3433 1201 3490 iucem
1224 3431 1327 3489 iacula

395 3585 440 3649 10)
458 3583 496 3638 10.
516 3588 540 3649 a,
561 3588 601 3636 ιτ,
641 3585 683 3651 ta)
702 3581 760 3637 1021
777 3587 803 3648 a,
825 3588 864 3639 ιε.

343 3769 345 3774 ·
393 3764 410 3811 4
424 3757 548 3811 maetam
563 3757 624 3826 effi
639 3753 753 3820 madian
765 3753 963 3821 nauarent>
976 3753 985 3821 p
1000 3759 1015 3805 s
1028 3751 1175 3820 repentino
1191 3747 1271 3820 aas
1284 3731 1331 3818 'iel

308 3826 504 3897 'inmas-iou
522 3834 554 3880 21
573 3842 611 3909 an
630 3823 925 3909 RAEab95iuGe5
943 3821 1055 3890 nisipo
1123 3824 1130 3830 ’
1213 3823 1215 3827 ’
