3284 4459
331 495 398 559 426
734 504 755 545 o
769 504 935 547 uuousmm

333 644 457 723 cotidie,
484 642 564 703 velut
586 644 617 700 in
635 640 756 720 abysso,
783 642 879 700 caecis
902 648 933 701 et
955 640 1111 719 profundis
1134 640 1274 701 cordibus
1297 642 1344 701 in-

333 732 477 792 cludatur.
522 728 628 789 Utrum
661 737 758 788 autem
789 730 878 788 etiam
908 727 965 789 illis
994 728 1104 789 ultimis
1132 728 1228 789 tribus
1257 732 1344 791 annis

334 831 363 880 et
387 818 539 880 mensibus
563 836 630 898 seq,
660 816 776 895 quando
805 816 921 877 solutus
944 820 1013 877 totis
1036 816 1150 878 viribus
1174 820 1344 878 saeviturus

335 918 394 983 est,
424 906 542 987 aliquis,
564 908 595 965 in
620 922 678 983 qua
700 922 759 964 non
783 906 894 984 luerat,
925 908 963 965 sit
985 924 1161 966 accessurus
1185 906 1220 965 ad
1245 906 1343 987 fidem,

299 1009 315 1057 5
334 995 474 1057 nonnulla
493 997 627 1073 quaestio
647 1001 700 1053 est.
747 992 811 1063 Quo
828 992 914 1052 modo
929 996 1007 1053 enim
1022 994 1111 1055 stabit
1130 994 1208 1073 quod
1228 994 1343 1055 dictum

334 1095 392 1145 est:
424 1086 497 1157 Ouio
524 1088 621 1143 intrat
647 1086 679 1141 in
710 1084 828 1142 domum
848 1080 952 1157 sortis,
979 1090 1014 1143 ut
1036 1100 1110 1143 vaso
1132 1086 1198 1144 eius
1221 1087 1344 1162 eripiat,

333 1178 394 1235 nebi
412 1175 501 1250 prius
524 1173 697 1246 alligaverit
715 1169 841 1245 sortem,
871 1172 895 1229 si
919 1173 1007 1230 eiiam
1031 1170 1128 1231 soluto
1152 1170 1345 1250 eripiuntur?

334 1263 375 1322 dc
398 1280 452 1341 per
474 1260 531 1320 hoc
554 1260 590 1320 ad
613 1258 670 1319 boc
692 1276 798 1335 cogere
820 1258 937 1318 videtur
959 1260 1015 1319 ista
1039 1262 1198 1339 sententia,
1221 1270 1255 1321 ut
1277 1280 1344 1321 cre-

334 1351 438 1411 damus
456 1349 506 1409 illo
524 1349 594 1408 licet
612 1349 718 1425 exiguo
737 1356 871 1425 tempore
890 1349 1037 1407 neminem
1062 1366 1252 1409 accessurum
1276 1367 1344 1410 esse

283 1451 316 1498 10
334 1438 443 1519 populo
473 1436 654 1513 Christiano,
684 1434 735 1494 sed
764 1452 832 1495 cum
862 1438 920 1514 eiS,
950 1438 1001 1513 qui
1028 1438 1085 1495 iam
1109 1435 1267 1497 Christiani
1296 1456 1345 1498 re-

334 1530 412 1607 perti
442 1527 571 1604 luerint,
600 1523 748 1583 diabolum
778 1532 991 1603 pugnaturum,
1022 1542 1058 1584 cx
1090 1524 1197 1603 quibus
1227 1528 1344 1587 etiamsi

335 1616 425 1693 aliqui
444 1615 512 1673 victi
531 1613 626 1672 secuti
644 1630 712 1671 eum
731 1612 852 1691 luerint,
875 1630 934 1671 non
957 1630 1009 1671 eos
1032 1611 1068 1671 ad
1090 1614 1344 1692 praedestinatum

335 1704 463 1763 illiorum
492 1700 546 1760 Dei
578 1718 734 1759 numerum
771 1703 931 1777 pertinere.
986 1700 1088 1780 Neque
1120 1704 1199 1762 enim
1232 1703 1344 1763 trustra

336 1792 413 1851 idem
432 1789 577 1848 lohannes
595 1788 754 1868 apostolus,
777 1790 829 1866 qui
853 1797 883 1849 ot
905 1788 981 1848 hauc
1004 1789 1189 1869 apocalypsin
1213 1794 1345 1873 scripsit,

284 1892 316 1938 15
335 1882 366 1939 in
390 1878 515 1957 epistula
547 1896 599 1936 sua
628 1877 664 1936 de
692 1875 868 1954 quibusdam
893 1876 977 1939 dicit:
1009 1879 1059 1939 Ex
1081 1880 1167 1941 nobis
1189 1883 1344 1956 exierunt,

335 1970 472 2028 sednon
494 1974 586 2026 erant
601 1982 642 2025 ex
663 1966 765 2036 nebim
787 1982 859 2025 nom
881 1968 909 2025 si
927 1964 1059 2041 fuissent
1080 1986 1120 2027 ex
1141 1969 1235 2047 nobis,
1258 1987 1342 2030 mon-

335 2060 445 2116 stssent
465 2057 568 2128 utiquc
598 2054 760 2113 nobiscum.
806 2052 864 2113 Sed
889 2049 959 2130 quid
983 2054 1015 2113 lit
1038 2053 1074 2114 de
1098 2053 1248 2133 parvulis?
1294 2057 1345 2117 Ni-

337 2145 428 2203 mium
451 2146 560 2221 quippe
588 2140 760 2200 incredibile
784 2150 830 2200 est
853 2141 948 2201 nullos
971 2144 1029 2202 iam
1052 2152 1136 2203 natos
1158 2153 1188 2204 et
1211 2145 1345 2206 nondum

336 2232 497 2311 baptizatos
526 2232 737 2309 praeoccupari
767 2228 1001 2290 Christianorum
1029 2231 1104 2290 filios
1131 2230 1180 2291 illo
1209 2242 1346 2312 tempore

284 2333 318 2381 20
337 2321 474 2396 inlanteS,
497 2318 594 2379 nullos
613 2320 700 2377 etiam
719 2319 791 2395 ipsis
811 2320 891 2378 nasci
911 2320 967 2377 iam
987 2318 1104 2399 diebus;
1128 2330 1178 2380 aut
1197 2322 1222 2380 si
1245 2333 1345 2402 erunt,

336 2427 396 2469 non
428 2426 480 2469 eos
512 2425 529 2466 a
564 2405 737 2485 parentibus
769 2408 831 2465 suis
864 2405 899 2465 ad
930 2406 1078 2467 lavacrum
1110 2413 1345 2487 regenerationis
1390 2480 1394 2487 ⁴

337 2497 424 2557 modo
443 2513 631 2575 quocumque
650 2493 782 2573 perduci.
828 2493 913 2564 Quod
932 2495 957 2553 si
976 2494 1035 2574 liet,
1059 2514 1117 2573 quo
1136 2505 1221 2575 pacto
1245 2498 1345 2559 soluto

337 2588 394 2645 iam
422 2583 538 2643 diabolo
566 2600 633 2641 vasa
659 2584 714 2641 ista
743 2583 921 2664 eripientur,
949 2584 980 2642 in
1003 2586 1088 2643 cuius
1112 2584 1232 2645 domum
1255 2604 1346 2647 nemo

337 2675 441 2752 intrat,
473 2680 507 2732 ut
533 2688 601 2730 vasa
628 2672 692 2729 eius
719 2672 838 2750 eripiat,
870 2672 927 2730 nisi
954 2668 1037 2748 prius
1065 2671 1225 2751 alligaverit
1253 2672 1346 2737 cum?

284 2773 318 2820 25
337 2759 430 2819 lmmo
455 2776 524 2818 vero
551 2758 580 2817 id
608 2761 707 2837 potius
735 2767 781 2817 est
803 2758 997 2839 credendum,
1026 2778 1081 2820 nec
1104 2764 1155 2839 qui
1179 2762 1283 2823 cadant
1307 2764 1345 2824 de

338 2848 462 2908 ecclesia
481 2864 536 2906 nec
554 2847 607 2924 qui
625 2845 765 2906 accedant
784 2846 925 2907 ecclesiae
944 2847 993 2907 illo
1017 2857 1150 2927 tempore
1175 2850 1346 2933 defuturos3

338 2936 390 2995 sed
420 2935 554 3013 prolecto
582 2942 640 2993 tam
669 2934 761 2993 lones
789 2943 878 2994 erunt
905 2942 935 2995 et
958 2946 1096 3014 parentes
1117 2956 1172 3017 pro
1196 2938 1345 3019 baptizan-

338 3024 384 3084 dis
406 3021 535 3102 parvulis
559 3024 621 3081 suis
644 3032 674 3082 et
696 3022 740 3095 hi,
769 3025 819 3100 qui
843 3031 914 3083 tunc
937 3027 1075 3103 primitus
1098 3025 1242 3088 credituri
1265 3040 1347 3109 sunt,

338 3120 373 3172 ut
395 3110 479 3172 illum
501 3110 608 3170 fortem
635 3112 753 3169 vincant
776 3113 864 3169 etiam
887 3129 946 3171 non
969 3112 1105 3194 ligatum,
1128 3112 1157 3173 id
1181 3125 1227 3176 est
1249 3120 1346 3177 omni-

284 3213 319 3260 80
338 3199 404 3279 bus,
427 3197 563 3277 qualibus
581 3207 666 3259 antea
689 3216 859 3279 numquam,
882 3200 927 3259 vel
951 3200 1064 3262 artibus
1087 3202 1274 3265 insidiantem
1299 3206 1345 3265 vel

338 3296 493 3363 urgentem
512 3285 625 3346 viribus
643 3295 673 3346 et
691 3285 845 3364 vigilanter
868 3286 1038 3366 intellegant
1061 3297 1091 3349 et
1113 3290 1274 3352 toleranter
1303 3294 1345 3354 le·

339 3383 414 3455 rant,
437 3392 471 3434 ac
490 3376 533 3433 sic
552 3374 593 3434 illi
612 3376 700 3434 etiam
721 3391 778 3433 non
798 3373 886 3452 ligato
902 3377 1072 3455 eripiantur.
1110 3377 1171 3439 Nec
1187 3378 1252 3440 ideo
1272 3382 1346 3443 falsa

410 3548 437 3613 a)
455 3544 505 3599 ut.
526 3550 567 3612 12,
586 3550 629 3598 m.
668 3546 711 3611 ιτ)
732 3545 813 3600 1.10.
833 3549 859 3611 a,
879 3550 920 3599 m.

338 3688 551 3698 -—-—-

413 3777 445 3823 14
464 3769 656 3837 apocalypsim
673 3768 724 3837 p¹o
742 3771 751 3837 ll
770 3772 802 3820 ll
823 3768 854 3819 lit
872 3786 937 3835 ntem
959 3770 1040 3823 lietu
