3284 4459
573 543 613 582 uu
627 542 770 584 mvmnuu
783 543 838 584 nur
850 543 877 584 u.
891 543 965 583 xum.
980 543 1003 583 o.
1019 545 1038 582 a.
1251 525 1317 590 203

307 674 418 736 nouum
441 693 476 737 ac
499 679 729 758 sempiternum,
752 680 803 756 qui
827 686 873 738 est
896 676 1031 738 Christus
1055 675 1146 736 lesus.
1192 673 1264 734 Nam
1288 682 1318 735 et

308 763 374 824 Heli
411 766 564 827 sacerdote
601 765 759 842 reprobato
797 765 977 826 substitutus
1010 767 1040 824 iu
1074 764 1126 824 Dei
1165 765 1318 824 servitium

308 851 429 913 Samuel
444 849 534 912 simul
547 851 678 911 officium
693 850 812 910 iunctus
827 847 990 910 sacerdotis
1005 855 1035 909 et
1048 847 1165 927 iudicio,
1184 858 1214 910 et
1230 850 1317 912 Saule

307 941 425 1001 abiecto
448 959 501 1001 rex
525 939 616 1001 David
640 940 780 1000 iuudatus
802 941 834 1000 in
857 957 949 1018 reguo
973 938 1028 999 hoc
1053 939 1132 1018 quod
1155 938 1221 999 dico
1245 941 1317 1018 figu-

306 1037 458 1090 raverunt.
503 1027 595 1089 Mater
619 1046 736 1108 quoque
759 1030 823 1107 ipsa
847 1027 991 1088 Samuelis
1014 1026 1112 1107 duna,
1135 1045 1210 1107 quae
1233 1031 1352 1107 priuos

307 1119 365 1178 iuit
388 1116 499 1177 sterilis
527 1125 557 1178 et
583 1119 748 1196 posteriore
772 1115 953 1176 fecunditate
976 1115 1082 1176 laetata
1105 1125 1163 1196 est,
1191 1116 1317 1195 prophe·

307 1215 372 1267 tare
399 1204 477 1265 aliud
507 1224 567 1266 uou
591 1204 719 1284 videtur,
747 1222 815 1265 cum
838 1203 1063 1284 gratulationem
1087 1222 1170 1264 suam
1193 1203 1318 1265 Domino

307 1294 406 1355 iundit
424 1291 569 1374 exultans,
592 1293 709 1372 quando
728 1292 856 1354 eundem
874 1311 1002 1373 puerum
1021 1301 1122 1353 uatum
1141 1302 1170 1353 et
1194 1293 1317 1354 ablacta-

307 1391 372 1444 tum
395 1381 457 1442 Deo
480 1382 578 1443 reddit
600 1381 702 1442 eadem
724 1384 849 1464 pietate,
873 1399 929 1461 qua
953 1390 1081 1441 voverat.
1126 1379 1203 1442 Dicit
1225 1384 1318 1443 enim:

309 1473 527 1543 confirmatum
557 1477 602 1532 est
629 1487 685 1530 car
717 1487 814 1531 meum
846 1473 878 1530 in
905 1471 1049 1544 Domino,
1077 1473 1245 1530 exaltatum
1273 1478 1319 1532 est
1337 1483 1372 1532 10

306 1576 436 1622 cornum
458 1575 556 1619 meum
585 1562 616 1619 in
639 1558 703 1619 Deo
726 1575 799 1619 meo.
845 1559 1013 1619 Dilatatum
1036 1564 1195 1634 estsuper
1217 1562 1315 1619 inimi·

306 1665 360 1710 cos
382 1665 463 1708 meos
489 1663 654 1720 aseneum,
681 1650 797 1707 laetata
824 1664 890 1706 sum
918 1651 949 1708 in
973 1649 1107 1707 salutari
1128 1653 1187 1707 tuo.
1238 1647 1314 1718 Quo-

307 1739 391 1797 niam
419 1752 480 1796 non
508 1743 552 1796 est
573 1742 697 1795 sanctus
724 1738 804 1796 sicut
827 1735 986 1809 Dominus,
1019 1743 1048 1796 et
1071 1751 1131 1795 non
1154 1741 1200 1796 est
1221 1738 1318 1797 iustus

304 1828 389 1886 siant
414 1825 497 1884 Deus
524 1830 643 1894 nostem·
668 1839 729 1883 non
760 1830 805 1884 est
831 1830 956 1884 sanctus
979 1829 1108 1901 praeter
1137 1829 1174 1884 te.
1221 1825 1318 1885 Nolite

302 1915 442 1990 pioriari
467 1918 497 1973 et
523 1916 616 1973 nolite
643 1913 727 1986 loqui
747 1915 883 1983 excelsa,
911 1914 1371 1988 nequeprocedatmapni·1t

307 2005 441 2077 loquium
464 2003 503 2060 ae
525 2018 580 2061 ore
602 2006 709 2060 oestro.
759 2001 907 2072 Quoniam
930 2000 1013 2059 Deus
1034 2002 1236 2061 scientiarum
1258 2001 1318 2062 Dc·

307 2095 421 2163 minus,
448 2096 479 2149 et
501 2089 584 2150 Deus
608 2104 806 2165 praeparans
828 2090 1056 2149 adinventiones
1077 2105 1158 2148 suas.
1203 2090 1318 2152 Arcum

302 2181 472 2256 potentium
488 2176 566 2251 fecit
583 2180 743 2250 infirmum,
767 2184 797 2236 et
814 2179 948 2249 infirmes
967 2178 1144 2253 praecincti
1164 2183 1236 2237 suni
1257 2182 1317 2238 uir·

302 2277 417 2339 tutem·
432 2271 521 2344 pleni
536 2267 673 2342 panibus
693 2268 838 2325 minorati
862 2270 944 2337 sunt,
975 2271 1006 2325 et
1027 2267 1194 2325 esurientes
1216 2273 1316 2327 trans·

304 2359 412 2416 ierunt
439 2360 564 2414 terram.
624 2354 703 2426 Quia
729 2355 843 2413 sterilis
868 2355 990 2429 peperit
1018 2359 1142 2428 septem,
1172 2358 1203 2414 et
1224 2357 1318 2416 multa
1336 2366 1371 2416 uo

306 2447 342 2504 in
367 2445 441 2515 tiliis
471 2444 627 2514 infirmata
653 2447 706 2502 est.
752 2441 898 2501 Dominus
927 2443 1092 2513 mortificat
1118 2447 1149 2502 et
1176 2444 1318 2524 vivificat,

304 2534 435 2592 deducit
461 2532 505 2590 ad
530 2529 646 2604 inferos
672 2535 703 2591 et
725 2531 854 2590 reducit.
900 2529 1046 2590 Dominus
1065 2546 1220 2605 pauperes
1239 2528 1320 2606 facit

305 2626 340 2681 et
358 2623 444 2698 ditat,
468 2619 609 2678 humiliat
625 2625 655 2678 et
673 2621 798 2679 exaltat.
844 2617 981 2678 Suscitat
1002 2633 1022 2678 a
1045 2624 1131 2678 terra
1151 2635 1319 2695 pauperem

304 2715 340 2769 ei
367 2709 406 2768 de
432 2714 570 2767 stercore
592 2708 684 2780 eripit
707 2710 842 2782 inopem,
871 2713 906 2766 ut
928 2709 1065 2767 conlocet
1086 2723 1153 2767 eum
1176 2725 1244 2769 eum
1265 2725 1318 2784 po-

305 2797 441 2858 tentibus
459 2798 577 2871 popuii,
605 2802 636 2855 et
656 2797 757 2855 sedem
783 2797 905 2869 alariae
931 2796 1130 2856 nereditatem
1157 2797 1236 2857 dans
1257 2800 1319 2868 eis;
1337 2809 1371 2858 25

305 2887 389 2945 -dans
418 2891 517 2944 uotum
539 2885 670 2963 voventi,
698 2889 729 2944 et
755 2884 912 2943 benedixit
939 2899 1035 2943 annos
1064 2885 1148 2959 iusti,
1177 2889 1319 2960 quoniam

306 2989 370 3034 non
394 2975 425 3031 in
448 2974 561 3032 virtute
580 2978 686 3047 potens
709 2978 757 3032 est
777 2974 834 3030 air.
880 2971 1027 3032 Dominus
1050 2974 1202 3044 infirmum
1222 2973 1320 3048 saciet

307 3063 524 3121 aduersarium
542 3077 637 3134 sunm,
661 3059 807 3120 Dominus
824 3067 956 3120 sanctus.
994 3060 1061 3120 Non
1077 3063 1229 3134 alorietur
1243 3081 1318 3138 pru·

310 3151 385 3210 dens
404 3150 618 3225 inprudentia
640 3164 706 3222 sua,
728 3154 759 3209 et
780 3163 841 3208 non
861 3149 1014 3223 aiorietur
1032 3155 1139 3224 potens
1162 3152 1194 3210 in
1212 3157 1319 3228 poten·

320 3363 324 3370 Ι
364 3309 398 3368 “i
421 3303 568 3355 seruitium
585 3301 628 3356 R¹
645 3305 726 3369 (251,
744 3308 796 3368 25;
823 3307 869 3369 37,
888 3307 920 3369 3,·
948 3308 1017 3370 385,
1036 3308 1088 3371 18,·
1115 3307 1159 3361 ui.
1181 3310 1238 3360 7ο.
1257 3309 1320 3373 32);

308 3371 497 3426 ministerium
506 3373 546 3428 R’
555 3374 587 3426 in
595 3390 657 3427 mor
676 3375 749 3427 ¹rell.
759 3376 797 3442 oss
812 3373 961 3428 Dofficium
970 3375 1169 3446 ammaim
1184 3375 1276 3430 officio
1285 3394 1302 3430 o
1311 3378 1320 3446 ΙΙ

310 3447 326 3495 9
349 3442 444 3496 reddit
462 3444 594 3509 nabau
616 3461 632 3497 r
668 3444 742 3497 didit
759 3445 889 3514 AFapp
906 3447 915 3514 ΙΙ
935 3451 969 3499 10
987 3446 1141 3500 exaltatum
1161 3447 1251 3516 Repp
1269 3462 1318 3502 sea.

310 3513 421 3578 Graece
449 3515 479 3566 et
501 3512 585 3568 exoli.
608 3515 766 3569 AFGabo
788 3517 797 3583 ΙΙ
821 3521 853 3568 11
878 3531 993 3569 cornum
1012 3517 1120 3572 R¹AF
1142 3518 1188 3584 (cf.
1207 3520 1272 3581 227,
1286 3520 1319 3583 4,·

308 3583 580 3654 Μαι-17119211).
596 3588 652 3638 526
660 3602 698 3654 sq.
705 3606 715 3651 ,·
733 3586 952 3654 1120121713,
970 3589 1081 3652 239,1,·
1099 3592 1134 3642 11
1149 3589 1214 3655 Η.);
1233 3603 1319 3640 cornu

309 3653 527 3725 R’Gab¹eppv
548 3658 557 3723 ΙΙ
581 3660 614 3708 12
637 3672 667 3710 oa
691 3671 785 3710 meum
807 3671 892 3724 super
909 3656 946 3710 in.
965 3675 1001 3710 m.
1021 3658 1049 3711 A
1066 3672 1114 3711 see.
1134 3658 1191 3712 aad.
1210 3658 1289 3712 Ales.
1309 3659 1318 3728 ΙΙ

311 3729 345 3777 11
361 3724 478 3794 gloriari
492 3727 649 3794 RAabep3
668 3726 785 3796 gloriari
798 3725 917 3794 superbe
932 3727 1001 3798 Fau
1014 3730 1024 3795 ΙΙ
1040 3733 1072 3780 18
1086 3728 1208 3781 infirmes
1223 3728 1318 3783 RAb¹

308 3797 357 3862 (cf.
371 3795 465 3863 Lueifi
478 3799 603 3863 231,16,·
620 3800 716 3862 286,2
729 3798 784 3862 Η.,·
800 3799 900 3866 frapm.
915 3799 990 3852 Fies.
1001 3798 1085 3852 Hebe.
1099 3802 1195 3864 6,12);
1214 3797 1317 3851 infirmi

310 3865 567 3937 FGab¹eppo;cf.
577 3870 697 3932 204,23,·
706 3870 796 3932 206,8
809 3868 818 3934 ΙΙ
832 3867 966 3920 uirtutem
976 3867 1117 3990 (divuparss
1124 3867 1317 3934 amaeam,-

309 3938 377 4001 238,
384 3940 426 4003 4);
445 3937 552 3991 uirtute
561 3938 609 3990 Aa
622 3939 632 4004 ΙΙ
645 3942 680 3989 24
698 3936 873 4005 principibus
883 3937 944 3991 Re
959 3937 1053 4005 Vulp.;
1070 3953 1097 3990 se
1133 3938 1168 4004 cs.
1183 3941 1249 4004 208,
1257 3941 1293 3991 21
1307 3938 1317 4006 i

308 4011 344 4059 28
363 4008 456 4078 suum]
475 4007 535 4061 eius
554 4006 584 4060 F
601 4011 677 4073 (209,
691 4010 785 4073 isqq.)
