3284 4459
590 516 633 556 nn
645 515 789 558 emmanu
802 517 857 557 nm
870 517 896 558 n.
910 517 973 558 m.
987 518 1010 558 c.
1024 521 1044 559 a.
1256 504 1322 568 509

313 658 342 711 et
364 667 426 712 non
448 667 504 726 epo
525 652 623 711 uror?
658 649 793 710 Eundem
816 652 904 711 ctiam
928 669 1057 712 vermem
1081 660 1187 731 putant
1208 652 1321 713 intelle-

312 738 442 817 gendum
470 756 545 799 esse.
589 737 663 797 Nam
691 740 835 816 scriptum
863 747 922 818 cst,
949 741 1102 817 inquiunt:
1129 741 1218 802 Sicut
1239 744 1333 802 tinec

312 830 517 888 aestimatam
539 834 570 887 ci
591 830 701 887 vermis
722 830 846 901 lippum,
868 830 914 888 sic
936 844 1059 889 moeror
1081 833 1246 890 excruciat
1267 847 1322 891 cor

311 918 381 975 νι’νε“.
427 914 484 986 Oui
511 932 581 974 vero
609 932 720 993 poenas
750 925 780 975 ct
802 917 893 975 animi
915 924 946 975 et
968 918 1102 994 corporis
1124 919 1155 977 in
1178 916 1228 976 illo
1251 937 1320 997 sup·

313 1002 401 1082 plicio
419 1003 535 1063 suturas
552 1020 619 1062 csse
638 1020 698 1062 non
721 1002 865 1076 dubitant,
889 1005 955 1081 igne
980 1006 1027 1063 uri
1050 1022 1168 1084 corpus,
1191 1008 1356 1066 animumc

313 1101 413 1152 autem
449 1091 515 1151 rodi
550 1090 679 1169 quodam
713 1091 801 1152 modo
844 1109 942 1151 verme
980 1094 1122 1152 maeroris
1159 1093 1322 1154 adfirmant.

314 1179 399 1250 Quod
427 1180 484 1239 etsi
511 1178 682 1239 credibilius
709 1180 831 1260 dicitur,
860 1182 927 1257 quia
957 1182 1060 1257 utique
1084 1179 1244 1241 absurdum
1268 1189 1323 1255 cst,

313 1267 355 1327 ibi
373 1266 506 1327 dolorem
524 1276 574 1328 aut
593 1270 727 1347 corporis
750 1277 801 1328 aut
824 1270 914 1327 animi
937 1267 1122 1329 delaturum:
1146 1286 1200 1347 ego
1223 1278 1322 1330 tamen

314 1356 429 1416 lacilius
452 1365 498 1416 cst
516 1364 551 1416 ut
567 1354 604 1415 ad
627 1374 736 1434 corpus
759 1356 854 1415 dicam
877 1364 1037 1433 utrumque
1060 1359 1211 1435 pertinere
1235 1376 1322 1435 quam

314 1452 463 1523 neutrum,
486 1452 517 1505 et
534 1442 601 1503 ideo
620 1446 742 1503 tacitum
764 1446 795 1504 in
818 1443 875 1504 illis
899 1444 1012 1504 divinae
1036 1446 1200 1523 scripturae
1223 1445 1322 1506 verbis
1343 1458 1375 1505 ιν

314 1534 404 1592 animi
440 1531 590 1611 dolorem,
630 1534 770 1610 qnoniam
807 1548 994 1610 consequens
1031 1550 1096 1592 esse
1133 1532 1323 1614 intellegitur,

315 1622 430 1681 etiamsi
457 1638 516 1680 non
544 1619 672 1698 dicatur,
699 1628 735 1680 ut
756 1637 882 1698 corpore
905 1622 948 1679 sic
971 1620 1088 1680 dolente
1112 1624 1228 1682 animus
1251 1640 1322 1699 quo-

315 1726 372 1787 que
405 1708 500 1769 sterili
531 1709 711 1787 paenitentia
743 1710 903 1768 crucietur.
948 1707 1070 1786 Legitur
1097 1711 1206 1789 quippe
1234 1719 1264 1770 et
1291 1712 1323 1771 in

314 1796 466 1858 veteribus
489 1798 659 1875 scripturis:
694 1797 835 1857 Vindicta
861 1799 966 1857 cornio
995 1800 1081 1873 impii
1103 1801 1182 1872 ipoic
1204 1805 1235 1859 ct
1257 1816 1322 1860 ver-

314 1888 378 1947 mis.
424 1884 526 1945 Potuit
551 1883 671 1944 brevius
700 1884 771 1944 dici:
800 1882 935 1943 Vindicta
961 1887 1052 1963 impii.
1098 1884 1160 1946 Cur
1187 1904 1258 1965 ergo
1282 1887 1323 1947 di·
1344 1900 1375 1947 15

316 1985 396 2035 ctum
424 1980 483 2033 cst:
512 1975 619 2033 'cornio
646 1975 742 2049 impii,
775 1974 833 2031 nisi
861 1974 928 2049 quia
956 1981 1131 2053 utrumque,
1162 1974 1193 2035 id
1221 1984 1266 2035 cst
1294 1984 1325 2036 et

314 2064 392 2141 ignis
411 2070 441 2121 et
459 2062 576 2140 vermis,
598 2078 693 2139 poena
715 2062 774 2121 erit
796 2056 915 2120 carnis?
951 2060 1010 2121 Aut
1032 2063 1057 2120 si
1080 2061 1237 2122 vindictam
1261 2082 1323 2123 car-

315 2153 362 2212 nis
380 2158 537 2229 propterea
556 2147 655 2208 dicere
675 2148 776 2228 voluit,
799 2150 867 2226 quia
890 2148 946 2208 boc
969 2150 1000 2208 in
1023 2148 1142 2209 homine
1164 2150 1323 2211 vindicabi-

315 2248 381 2319 tur,
411 2236 490 2316 quod
518 2235 682 2297 secundum
716 2253 836 2296 carnem
863 2238 970 2297 vixerit
996 2230 1133 2317 (propter
1159 2237 1216 2298 boc
1244 2242 1323 2299 enim

315 2329 415 2387 veniet
440 2328 471 2385 in
501 2333 628 2385 mortem
655 2324 829 2397 secundam,
857 2342 945 2402 quam
973 2325 1147 2402 significavit
1172 2326 1324 2405 apostolus
1343 2338 1377 2389 νο

315 2416 431 2477 dicens:
458 2413 495 2474 Si
515 2416 596 2474 cuim
616 2415 784 2474 seeundum
806 2430 932 2473 carnem
954 2415 1108 2486 viceritis,
1130 2409 1325 2497 moriemini),

317 2503 404 2581 eligat
432 2504 557 2580 quisque
587 2500 667 2578 quod
694 2500 803 2580 placet,
831 2509 883 2560 aut
908 2503 1007 2579 iguem
1034 2500 1166 2561 tribuere
1196 2506 1324 2584 corpori,

316 2594 413 2651 animo
436 2607 580 2668 vermem,
607 2587 664 2648 boc
686 2590 820 2668 proprie,
843 2588 916 2648 illud
939 2590 1066 2668 tropice,
1090 2597 1141 2650 eut
1162 2597 1323 2669 utrumque

315 2681 435 2759 proprie
458 2679 585 2756 corpori.
630 2674 690 2735 lam
709 2678 789 2736 enim
811 2678 882 2735 satis
906 2678 1043 2756 superius
1067 2677 1213 2756 disputavi
1235 2698 1323 2758 posse

317 2766 451 2827 animalia
473 2767 561 2825 etiam
585 2766 615 2824 in
634 2763 752 2842 ignibus
775 2766 882 2844 vivere,
904 2766 936 2824 in
960 2766 1075 2825 ustione
1100 2768 1163 2826 sine
1187 2785 1323 2829 consum·
1342 2780 1375 2829 25

316 2858 427 2935 ptione,
449 2856 480 2914 in
498 2852 599 2912 dolore
620 2854 684 2913 sine
703 2860 807 2933 morte,
829 2870 883 2931 per
902 2853 1076 2913 miraculum
1099 2857 1322 2934 omnipotentis·

317 2946 383 3004 simi
412 2941 575 3021 Creatoris3
607 2941 656 3000 cui
682 2940 739 2999 boc
768 2939 909 3019 possibile
933 2958 998 3002 esse
1022 2944 1073 3019 qui
1096 2951 1196 3023 negat,
1225 2962 1240 3004 a
1264 2964 1322 3023 quo

317 3034 357 3092 sit
387 3027 530 3110 quidquid
560 3030 591 3089 in
622 3030 735 3088 naturis
767 3028 905 3089 omnibus
932 3032 1057 3091 miratur
1086 3033 1211 3109 ignorat.
1256 3032 1323 3111 ipsc

316 3127 363 3180 est
386 3121 464 3179 enim
483 3116 571 3197 Deus,
593 3119 645 3195 qui
667 3118 765 3177 omnia
786 3119 819 3176 in
841 3117 898 3176 boc
921 3117 1031 3178 mundo
1054 3134 1159 3197 magna
1182 3128 1212 3179 et
1234 3139 1323 3199 parva

316 3206 466 3287 miracula,
485 3223 560 3283 quac
579 3207 881 3285 commemoravimus,
899 3213 930 3266 et
947 3206 1215 3285 incomparabiliter
1228 3208 1323 3289 plura,
1341 3221 1376 3269 30

317 3313 392 3375 quae
419 3312 480 3355 non
507 3295 813 3373 commemoravimus,
841 3293 912 3353 lecit
939 3294 1101 3372 eademque
1123 3297 1188 3373 ipso
1212 3296 1322 3357 mundo

317 3501 359 3554 uo
389 3427 536 3553 ugalpn.
557 3434 599 3495 11,
617 3433 659 3483 ee.
697 3430 724 3495 4)
743 3428 823 3482 Prov.
844 3434 886 3495 ιι,
905 3434 947 3484 eo.
988 3434 1029 3490 ro)
1048 3428 1132 3483 Enati.
1153 3434 1177 3496 v,
1199 3434 1238 3483 19.
1276 3433 1321 3497 ιι)

360 3519 396 3555 m.
433 3542 441 3568 ‚
495 3543 502 3555 .
800 3513 803 3517 .

388 3719 402 3766 1
423 3729 482 3766 non
500 3727 553 3781 ego
572 3711 621 3782 Rp
640 3709 770 3774 Giarmo.;
793 3725 850 3763 non
868 3726 918 3764 cm.
934 3710 975 3775 A3
999 3725 1050 3777 ego
1069 3726 1125 3764 non
1146 3711 1300 3781 oeooepv
1317 3722 1325 3781 ΙΙ

317 3789 352 3837 29
371 3784 446 3839 enim
464 3786 507 3837 esi
524 3800 541 3837 ν
