3284 4459
309 513 373 580 362
714 523 735 565 e
749 523 928 566 anonsumr

308 663 411 739 utique
440 661 559 722 maiorb
588 667 634 718 est
660 658 784 740 gloriae,
811 667 921 737 quanto
951 657 1090 719 meliores
1112 659 1327 739 suntlapides·

308 751 388 829 viri,
413 746 521 826 quibus
551 746 742 808 credentibus
778 748 985 825 renovatisque
1018 750 1211 809 construitur.
1257 748 1328 818 Sed,

308 837 375 897 ideo
397 854 452 916 per
480 837 726 898 instaurationem
748 833 851 913 templi
873 834 953 899 illins
976 835 1139 912 significata
1162 845 1220 909 est,
1248 840 1327 916 quia·

307 928 371 1004 ipsa
394 926 545 986 renovatio
572 923 653 984 iilius
679 923 804 984 aedificii
833 923 980 1000 significat
1001 923 1120 1000 eloquio
1141 923 1321 1003 propbetico

273 1024 289 1072 5
309 1013 435 1074 alterum
453 1020 671 1091 testamentum,
694 1012 774 1090 quod
792 1010 956 1090 appellatur
974 1029 1091 1072 novum.
1137 1012 1223 1083 Quod
1245 1030 1319 1091 ergo

308 1101 387 1162 Dens
414 1101 488 1162 dixit
516 1118 571 1180 per
598 1107 795 1161 memoratum
822 1098 1010 1179 prophetam:
1038 1101 1079 1160 lit
1104 1103 1183 1162 dabo
1208 1119 1319 1178 pacem

309 1193 340 1250 in
363 1194 429 1251 loco
457 1193 525 1262 isto,
553 1207 607 1268 per
635 1189 849 1267 significantem
876 1187 974 1248 locum
1001 1188 1064 1267 iile,
1093 1191 1145 1268 qui
1168 1206 1203 1248 eo
1226 1192 1317 1268 signi-

305 1279 422 1359 ficatur,
435 1276 652 1355 intellegendus
667 1284 725 1355 est3
740 1283 781 1355 ut,
805 1278 873 1354 quia
891 1275 941 1335 iiio
960 1275 1025 1336 loco
1044 1279 1207 1337 instaurato
1225 1279 1317 1355 signi-

308 1367 392 1428 iicata
415 1374 462 1427 est
489 1365 626 1441 ecclesia,
658 1381 733 1444 quae
758 1364 855 1425 iuerat
876 1363 1056 1424 aedificanda
1079 1383 1134 1444 per
1156 1363 1320 1445 Christum,

256 1467 297 1516 10.
309 1454 381 1514 nihii
396 1451 518 1532 <aliud>
540 1456 711 1533 accipiatur,
734 1451 813 1532 quod
832 1449 1021 1511 dictumest:
1047 1453 1134 1512 Dodo
1151 1471 1261 1529 pacem
1284 1458 1319 1514 in

307 1547 374 1606 ioco
397 1547 462 1617 isto,
485 1543 543 1602 uisi
564 1540 659 1622 „dabo
677 1557 780 1620 paoem
802 1542 834 1601 in
857 1539 931 1620 ioco,
953 1558 1043 1619 quem
1066 1542 1211 1620 significat
1233 1541 1332 1602 iocus-

309 1625 392 1692 iste“.
429 1628 574 1701 Quoniam
592 1631 691 1690 omnia
710 1629 903 1707 significantia
922 1628 1061 1689 videntur
1078 1629 1205 1709 quodam
1228 1630 1319 1690 modo

309 1737 411 1779 earnm
434 1735 551 1797 rerum,
579 1735 652 1796 quas
676 1717 857 1796 significant,
887 1719 1036 1777 sustinere
1058 1734 1214 1798 personas3
1237 1721 1318 1778 sicut

308 1807 420 1868 dictum
449 1815 495 1866 est
524 1804 561 1866 ab
590 1805 736 1886 apostolo:
767 1805 862 1866 Petro
890 1813 960 1867 erat
993 1807 1144 1878 cbristus,
1177 1809 1320 1884 quoniam

258 1907 289 1956 15
308 1903 392 1975 petra
424 1894 487 1970 illa,
524 1894 560 1954 de
593 1912 650 1973 qua
683 1892 740 1954 hoc
767 1893 879 1954 dictum
910 1903 971 1975 est,
1002 1893 1186 1973 significabat
1212 1897 1317 1973 utique

311 1981 469 2043 Christum.
524 1982 617 2043 Maior
653 1990 700 2042 est
734 1984 834 2060 itaque
866 1981 958 2060 gloria
990 1983 1095 2042 domus
1128 1982 1217 2043 buius
1248 1986 1321 2042 novi

309 2073 478 2132 tastamenti
515 2089 602 2148 quam
640 2070 745 2131 domus
780 2071 889 2149 prioris
922 2073 1030 2130 veteris
1062 2073 1249 2152 testamenti,
1286 2081 1332 2132 et-

308 2169 380 2220 tunc
403 2158 555 2238 apparebit
571 2161 673 2237 maior,
689 2176 758 2218 cum
781 2157 973 2218 dedicabitur.
1018 2157 1103 2219 Tunc
1121 2161 1200 2218 enim
1218 2163 1322 2220 ueniet

309 2250 500 2310 desideratus
532 2250 650 2308 cunetis
679 2248 833 2321 pentibus,
865 2249 942 2306 sicut
971 2245 1079 2325 iegitur
1110 2249 1139 2307 in
1173 2245 1318 2307 Hebraeo.

258 2348 291 2397 20
309 2335 383 2396 Nam
405 2339 519 2416 primus
539 2337 602 2395 eius
621 2334 763 2395 adventus
787 2332 916 2394 nondum
936 2345 1000 2394 erat
1017 2334 1201 2395 desideratus
1224 2337 1320 2395 omni·

309 2425 365 2486 bus
383 2423 529 2503 gentibus.
575 2422 640 2482 Non
664 2425 742 2482 enim
766 2439 854 2499 quem
878 2422 1022 2483 deberent
1050 2422 1219 2483 desiderare
1242 2427 1318 2483 seie-

309 2513 395 2593 bant,
429 2514 459 2572 in
495 2528 581 2589 quem
615 2529 674 2570 non
714 2509 909 2570 crediderant.
968 2509 1052 2570 Turno
1089 2512 1177 2570 etiam
1211 2529 1317 2572 secun·

309 2600 379 2661 dum
413 2601 596 2678 septuaginta
631 2601 809 2676 interpretes
847 2591 929 2678 (quia
963 2608 993 2658 et
1029 2601 1093 2677 ipse
1125 2599 1320 2678 propheticus

309 2704 415 2748 sensus
447 2680 508 2768 est)
540 2690 661 2748 venient
689 2703 768 2760 quoe
797 2690 894 2746 eiecta
923 2694 995 2746 sunt
1025 2689 1148 2747 Domini
1173 2690 1212 2748 de
1243 2706 1317 2749 cun·

260 2789 292 2837 25
312 2780 369 2837 ctis
391 2777 540 2850 pectione.
593 2773 677 2835 Tunc
703 2775 783 2833 enirn
808 2792 876 2834 vere
902 2792 961 2833 non
989 2778 1109 2834 venient
1135 2778 1193 2835 nisi
1215 2776 1319 2856 eiecta,

310 2864 345 2924 de
374 2862 482 2942 quibus
510 2863 582 2923 dicit
608 2862 770 2942 apostolus:
798 2863 885 2922 Sicut
912 2865 1001 2937 eiecit
1028 2881 1082 2924 nos
1105 2867 1137 2924 in
1160 2867 1224 2941 ipso
1246 2874 1320 2925 ante

309 2954 416 3014 mundi
433 2954 680 3012 constitutionem.
726 2949 791 3029 ipse
811 2952 920 3029 quippe
943 2950 1133 3032 architectus
1156 2955 1208 3030 qui
1231 2951 1334 3015 dixttz.

309 3039 402 3101 Multi
427 3043 541 3114 vocati,
566 3041 665 3116 pauci
691 3056 762 3099 vero
786 3042 888 3113 eiecti,
918 3057 976 3098 non
1005 3039 1041 3099 de
1064 3039 1126 3119 his,
1149 3042 1200 3117 qui
1223 3045 1318 3101 vocati

310 3131 352 3189 sic
376 3136 534 3206 venerunt,
557 3136 590 3188 ut
612 3124 649 3187 de
673 3129 804 3186 convivio
829 3129 1050 3208 proicerentur,
1073 3127 1125 3187 sed
1148 3128 1185 3188 de
1215 3128 1318 3190 electis

170 3247 171 3254 ¹
257 3230 291 3279 30
309 3218 565 3278 demonstraturus
595 3223 641 3275 est
664 3214 844 3274 aedificatam
867 3215 1002 3296 domum,
1025 3233 1101 3296 quae
1125 3216 1234 3276 nullam
1257 3207 1334 3277 rui?

171 3751 172 3776 t

171 3781 174 3814 t

310 3323 377 3366 nam
397 3304 536 3383 deinceps
559 3302 735 3364 formidabit.
781 3303 866 3363 Nunc
890 3312 997 3385 autem,
1019 3304 1136 3384 quaudo
1160 3304 1243 3365 ethi
1271 3324 1316 3365 re-

379 3444 574 3515 nugg.r‚1o.
613 3437 658 3514 ic)
671 3451 693 3499 1.
706 3444 765 3499 eor.
777 3451 851 3512 1o‚4.
891 3449 935 3515 19)
946 3448 1017 3516 agg.
1028 3452 1085 3515 cs.
1122 3448 1249 3519 anuph.
1262 3457 1319 3517 1,4.

308 3515 541 3584 mmmm

346 3713 413 3834 tem
432 3709 511 3762 aliud
524 3725 573 3764 om.
589 3707 792 3778 nendum}
805 3713 814 3778 ΙΙ
828 3714 862 3762 20
880 3710 958 3777 prius
972 3728 989 3765 o
1002 3713 1012 3779 d
1026 3716 1059 3764 28
1076 3728 1143 3766 uero
1157 3714 1320 3786 aaron

308 3795 345 3834 an
376 3799 411 3834 m.
421 3797 459 3850 po
