3284 4459
358 441 423 504 364
766 451 787 492 s.
802 451 967 492 sucosam

356 587 483 667 auditur,
506 589 583 668 qula,
606 588 664 647 etsi
682 588 807 665 quisque
832 595 891 646 tam
914 587 1000 646 sortis
1023 588 1071 665 sit,
1093 593 1127 646 ut
1149 604 1243 664 aequo
1267 588 1370 646 animo

355 677 495 757 perierat,
518 675 641 736 voltam
660 674 791 754 vigilans,
814 683 848 735 ut
866 673 988 753 provido
1012 673 1134 733 consilio
1157 682 1267 755 caveat,
1290 692 1370 752 quae

356 763 497 824 adversus
530 781 598 824 eum
630 762 750 823 molitur
781 765 910 823 amicitia
942 761 1092 843 simulata,
1125 780 1228 823 eorum
1265 770 1369 823 nmen

357 852 509 913 bominum
526 851 708 932 perfidorum
728 851 812 932 malo,
836 869 904 910 cum
923 868 974 910 eos
993 868 1058 910 esse
1081 852 1227 929 pessimos
1250 853 1367 931 experi-

230 971 233 976 ·
321 949 420 1022 ntur,
448 943 473 1001 si
500 943 563 1019 ipsc
592 939 687 1000 bonus
716 948 774 1020 est,
802 942 930 1018 graviter
953 941 1143 999 excrucietur
1165 957 1288 999 necesse
1312 949 1369 1021 est,

357 1032 418 1090 sire
450 1046 568 1108 semper
596 1027 665 1088 mali
692 1028 802 1087 luerint
831 1036 861 1088 et
889 1046 921 1088 se
949 1026 1043 1087 bonos
1066 1027 1219 1106 finxerint,
1250 1030 1369 1106 sivein

357 1120 445 1178 istam
468 1116 608 1177 malitiam
636 1134 672 1176 ex
700 1114 830 1176 bonitate
859 1117 964 1175 mutati
986 1117 1054 1175 sint.
1100 1114 1133 1175 Si
1156 1133 1226 1194 ergo
1251 1111 1368 1195 domds,

358 1223 513 1266 commune
542 1206 711 1284 perfugium
739 1207 770 1264 in
797 1202 844 1264 his
874 1203 958 1263 malis
990 1202 1111 1263 humani
1140 1206 1272 1284 generis,
1302 1211 1369 1265 tuta
1462 1260 1463 1265 ,

357 1303 491 1368 nonest,
514 1292 586 1371 quid
605 1295 716 1373 civitas,
739 1310 814 1370 quae
833 1299 944 1371 quanto
968 1293 1061 1351 maior
1084 1299 1139 1371 cst,
1161 1299 1243 1352 tanto
1266 1293 1368 1353 iorum
1462 1358 1463 1365 χ

307 1394 339 1444 10
358 1385 423 1443 eius
451 1379 553 1441 litibus
580 1388 611 1441 ct
638 1379 773 1441 civilibus
803 1388 834 1440 et
861 1379 1063 1440 criminalibus
1090 1379 1220 1460 plenius,
1249 1383 1369 1441 etiamsi

292 1465 293 1468 ’
358 1473 513 1550 quiescant
531 1487 590 1529 non
609 1468 705 1528 solum
723 1467 921 1549 turbulentae,
944 1485 1047 1528 verum
1066 1470 1183 1546 saepius
1206 1475 1237 1528 et
1258 1487 1368 1530 cruen-

357 1568 405 1618 tae
429 1557 589 1617 seditiones
612 1575 646 1617 ac
671 1556 746 1617 bella
769 1556 873 1636 civilia,
896 1574 912 1616 a
935 1573 1063 1633 quorum
1086 1558 1199 1616 eventis
1222 1565 1293 1618 sunt
1314 1557 1369 1618 ali·

358 1645 475 1724 quando
498 1644 608 1705 liberae
632 1647 775 1725 civitates,
797 1663 814 1704 a
837 1643 978 1725 periculis
1001 1639 1184 1722 numquam?

764 1815 880 1883 Oreos
902 1817 959 1884 Vl

307 1939 339 1991 lo
388 1928 435 1989 De
457 1944 565 1989 errore
587 1929 788 1989 bumanorum
811 1931 1002 2004 iudiciorum,
1026 1945 1095 1989 oum
1116 1931 1231 1990 veritos
1252 1932 1336 1990 latet.

447 2048 524 2121 Quid
546 2052 610 2130 ipsa
628 2051 737 2111 iudicia
759 2050 913 2111 hominum
936 2051 973 2111 de
996 2049 1175 2132 bominibuS,
1198 2070 1272 2131 quae
1296 2055 1368 2113 civi·

358 2138 468 2200 tatibus
497 2141 528 2198 in
558 2139 740 2216 quantalibet
766 2158 838 2219 pace
866 2137 1054 2199 manentibus
1081 2139 1185 2200 deesse
1216 2159 1275 2200 non
1298 2159 1368 2221 pos·

358 2236 442 2308 sunt,
470 2226 565 2306 qualia
588 2236 726 2305 putamus
749 2245 829 2308 esse,
853 2245 940 2306 quam
963 2229 1087 2307 misera,
1110 2245 1197 2305 quam
1220 2221 1370 2290 dolenda?

359 2315 482 2388 Quando
511 2314 631 2393 quidem
658 2315 689 2376 bi
717 2316 861 2396 iudicant,
888 2317 939 2393 qui
963 2317 1159 2376 conscientias
1182 2334 1300 2397 eorum,
1328 2318 1368 2378 dc

306 2417 340 2468 to
359 2403 468 2484 quibus
495 2403 639 2485 iudicant,
667 2421 790 2464 cernere
819 2412 980 2483 nequeunt.
1025 2402 1108 2463 Unde
1137 2421 1225 2483 saepe
1255 2423 1367 2484 cogun-

359 2500 408 2553 tur
440 2493 596 2551 tormentis
630 2493 832 2553 innocentium
870 2495 991 2553 testium
1022 2491 1059 2552 ad
1091 2491 1214 2551 alienam
1246 2511 1370 2555 causam

358 2581 556 2660 pertinentem
582 2597 726 2657 quaerere
749 2583 910 2641 veritatem.
957 2579 1034 2650 Quid
1057 2598 1126 2639 cum
1147 2583 1178 2640 in
1202 2599 1255 2641 sua
1278 2599 1370 2643 ceusu

360 2670 487 2746 quisque
514 2675 672 2745 torquetur
699 2675 744 2749 et,
773 2687 843 2728 cum
870 2669 1024 2746 quaeritur
1051 2677 1153 2729 utrum
1183 2671 1222 2730 sit
1244 2687 1369 2753 nocens,

360 2758 510 2816 cruciatur
533 2763 563 2814 et
586 2757 728 2815 innocens
756 2755 811 2816 luit
833 2774 888 2834 pro
911 2759 1024 2817 incerto
1048 2755 1161 2816 scelere
1184 2759 1369 2819 certissimas

306 2857 340 2907 uo
358 2861 485 2924 poenas,
512 2860 572 2902 non
602 2845 669 2921 qnia
703 2843 773 2904 illud
806 2846 989 2904 commisisse
1023 2843 1185 2925 detegitur,
1215 2845 1268 2906 sed
1299 2834 1370 2924 quia

359 2949 419 2992 non
443 2931 626 2991 commisisse
649 2929 803 2992 nescitur?
848 2933 889 2992 Ac
916 2950 971 3013 per
992 2931 1050 2992 boc
1073 2934 1238 3010 ignorantia
1258 2929 1370 2996 indicis

359 3019 534 3100 plerumque
554 3026 601 3079 est
618 3018 765 3080 calamitas
784 3023 960 3081 innocentis.
1004 3019 1044 3080 llt
1061 3020 1141 3099 quod
1159 3028 1206 3081 cst
1227 3023 1368 3083 intolera-

360 3107 448 3168 bilius
471 3108 622 3192 magisque
653 3107 849 3186 plangendum
873 3107 1101 3189 rigandumque,
1127 3110 1154 3170 si
1176 3109 1241 3171 fieri
1263 3114 1371 3193 possit,

359 3195 492 3257 lontibus
515 3195 714 3270 lacrimarum,
738 3215 805 3256 cum
829 3205 987 3276 propterea
1009 3196 1098 3257 iudex
1119 3204 1258 3275 torqueat
1280 3216 1369 3260 accu-

306 3297 342 3350 ιο
360 3292 471 3362 satum,
499 3301 536 3343 ne
565 3283 679 3344 occidat
709 3286 845 3345 nesciens
867 3286 1070 3366 innocentem,
1097 3285 1131 3346 lit
1152 3303 1207 3366 per
1229 3288 1369 3365 ignoran-

361 3375 418 3433 tiae
442 3373 599 3452 miseriam,
622 3381 657 3433 ut
679 3380 709 3433 et
731 3380 844 3432 tortum
867 3382 897 3434 et
918 3373 1109 3433 innocentem
1131 3373 1254 3454 occidat,
1278 3394 1370 3454 quem

361 3479 398 3522 ne
430 3464 618 3522 innocentem
655 3460 805 3521 occideret
841 3468 976 3522 torserat.
1027 3460 1060 3522 Si
1092 3463 1171 3521 enim
1203 3463 1370 3525 secundum

359 3552 485 3610 istorum
517 3550 690 3627 sapientiam
723 3547 847 3626 elegerit
882 3567 918 3610 ex
954 3547 1011 3610 bac
1044 3550 1103 3610 rita
1140 3550 1243 3628 lugere
1278 3568 1370 3629 quam

357 3655 598 3762 ‘'oosse'ru
617 3693 645 3746 n
665 3693 711 3760 (ef.
731 3696 794 3759 517,
812 3698 864 3759 ro;
887 3694 960 3764 uoq.
981 3695 1099 3760 confoe
1118 3699 1150 3763 4,
1168 3699 1217 3765 ιι,
1234 3701 1274 3752 22
1295 3704 1372 3770 ιω),

357 3765 447 3834 deleg.
466 3764 655 3831 Acroeppo
