3284 4459
543 513 583 555 nn
597 514 740 556 crumena
753 514 808 554 nan
821 514 847 555 n.
861 514 910 555 xx.
925 513 948 555 o.
962 516 994 555 11.
1009 516 1040 554 m.
1226 500 1292 565 435

286 649 354 710 dam
387 648 474 709 modo
504 650 614 727 tegitur
641 650 778 710 inimicus
806 651 958 729 antiquum
985 656 1016 710 et
1042 649 1078 710 de
1106 656 1185 710 teoto
1213 650 1293 729 ipsae

287 743 391 818 erunt,
424 736 541 815 quando
573 739 605 796 in
636 744 772 816 apertum
804 737 905 798 odium
932 736 967 797 de
999 745 1103 816 operto
1134 745 1294 817 erupturae

286 833 366 887 sunt.
412 824 497 896 Quod
520 841 591 885 vero
613 826 667 886 ait:
690 825 731 885 Et
753 828 960 887 ascenderunt
980 843 1077 901 supra
1099 832 1205 887 terroe
1226 828 1293 887 loti·

286 916 421 975 tudinem
442 920 473 975 et
497 916 662 975 cinxerunt
684 920 789 975 costra
809 920 985 975 sanctorum
1008 921 1038 975 et
1059 916 1200 976 dilectem
1222 918 1329 995 civi-5

287 1009 394 1064 tatem:
423 1020 483 1062 non
512 1002 616 1080 utique
646 1000 681 1060 ad
713 1018 805 1062 unum
833 1000 931 1061 iocum
959 1004 1074 1061 venisse
1102 1001 1148 1062 vei
1177 1005 1295 1063 venturi

287 1109 356 1151 esso
384 1090 540 1169 significati
573 1097 656 1167 sunt,
688 1091 773 1167 quasi
800 1107 860 1149 uuo
890 1089 987 1168 aliquo
1015 1089 1079 1150 loco
1107 1089 1209 1150 futura
1235 1092 1295 1151 sint

287 1185 384 1239 eastra
402 1187 573 1238 sanctornm
591 1186 622 1238 et
644 1176 749 1238 dilecta
773 1179 884 1258 civitas,
907 1196 974 1237 ourn
998 1176 1070 1237 baec
1093 1195 1153 1238 non
1176 1180 1214 1239 sit
1237 1180 1295 1238 nisi

288 1266 398 1328 Christi
427 1266 551 1327 eeclesia
578 1273 640 1326 toto
668 1272 816 1326 terrarum
843 1264 914 1325 orbe
945 1265 1063 1345 diffusa3
1095 1283 1129 1327 ao
1155 1284 1209 1345 per
1238 1265 1295 1326 boo

287 1354 468 1432 ubicumque
487 1362 559 1414 tuno
577 1356 643 1434 erit,
667 1356 790 1433 quaein
810 1353 947 1415 omuibus
966 1352 1103 1433 gentibus
1127 1356 1192 1434 erit,
1216 1354 1294 1433 quod

287 1443 484 1522 significatum
502 1450 549 1502 est
570 1444 689 1503 nomine
707 1441 870 1503 latitudinis
893 1451 1000 1523 terrae,
1023 1441 1064 1503 ibi
1086 1449 1176 1503 eruut
1199 1449 1294 1503 eastra
1314 1458 1347 1506 ιο

288 1537 471 1610 sanctorum,
494 1529 536 1591 ibi
558 1532 616 1591 erit
637 1529 743 1591 dilecta
766 1529 827 1590 Deo
852 1532 953 1591 civitas
976 1533 1055 1612 eius,
1078 1529 1120 1591 ibi
1141 1528 1178 1590 ab
1202 1532 1293 1591 omni·

287 1618 345 1681 bus
367 1621 495 1679 inimicis
518 1620 594 1699 suis,
623 1620 693 1696 quia
715 1623 746 1679 et
767 1619 825 1697 ipsi
847 1619 878 1679 in
901 1618 1038 1680 omnibus
1061 1636 1130 1679 oum
1153 1618 1201 1679 illa
1223 1637 1293 1699 gen·

288 1707 368 1769 tibus
390 1713 498 1788 erunt,
524 1708 742 1785 persecutionis
764 1706 844 1767 iliius
866 1709 1037 1769 inmanitate
1061 1709 1210 1787 cingetur,
1238 1707 1294 1768 boo

287 1805 348 1878 est,
366 1798 398 1857 in
420 1798 571 1875 angustias
594 1796 794 1857 tribulationis
816 1796 964 1858 artabitur
983 1795 1161 1875 urguebitur
1176 1795 1294 1856 conclu·

287 1884 388 1962 detur3
425 1900 480 1943 neo
517 1882 649 1942 militiam
685 1900 769 1942 suam
800 1881 932 1964 deseret,
968 1900 1043 1963 quae
1075 1882 1216 1944 vocabulo
1249 1891 1295 1945 est
1314 1898 1347 1947 15

287 1971 431 2052 appellata
454 1980 629 2032 castrorum.

683 2210 802 2279 Geron
821 2212 893 2278 XII.

287 2355 336 2405 An
360 2345 402 2403 od
422 2343 559 2403 ultimum
576 2343 755 2418 supplicium
775 2344 929 2418 pertineat
951 2343 1117 2418 impiorum,
1140 2343 1223 2415 qnod
1244 2342 1293 2403 de

389 2432 542 2491 scendisse
565 2431 644 2505 ionas
667 2432 705 2490 de
727 2434 812 2491 caelo
836 2437 865 2490 et
887 2431 1005 2491 eosdem
1027 2431 1189 2490 comedisse

694 2525 887 2578 memoretur.
1267 2567 1272 2579 .
1313 2534 1347 2585 to

377 2641 463 2712 Quod
482 2658 552 2700 vero
571 2643 624 2701 ait:
647 2642 688 2702 Et
705 2643 860 2702 deseendit
877 2643 957 2716 ionas
979 2642 1017 2702 de
1039 2643 1125 2701 coelo
1147 2647 1177 2702 et
1199 2658 1293 2703 come

288 2734 335 2793 dit
356 2747 423 2792 eos:
446 2747 505 2789 non
528 2736 693 2790 extremum
712 2727 875 2808 putandum
898 2735 945 2790 est
967 2728 996 2788 id
1019 2745 1085 2788 esse
1108 2728 1295 2811 supplicium,

288 2818 369 2898 quod
397 2820 466 2898 erit,
499 2835 568 2879 oum
596 2816 724 2879 dicetur:
755 2817 911 2878 Discedite
937 2834 957 2877 o
984 2833 1044 2890 me,
1071 2819 1239 2893 maledieti,
1263 2821 1294 2879 in

288 2912 388 2983 ionem
411 2915 577 2968 aeternnm.
622 2903 706 2965 'inno
735 2907 843 2983 quippe
871 2906 902 2963 in
931 2906 1029 2983 ignem
1051 2906 1207 2965 mittentur
1228 2906 1294 2987 ipsi,

288 3013 348 3056 non
372 2996 449 3073 ignis
472 2993 508 3054 de
532 2993 612 3054 oaeio
640 2995 737 3054 veniet
764 2994 795 3053 in
819 2994 907 3071 ipsos.
952 2991 1007 3053 Hie
1030 3000 1128 3054 autem
1151 2992 1226 3053 bene
1250 2995 1293 3055 in·
1314 3010 1346 3060 eo

288 3082 438 3162 tellegitur
461 3084 542 3158 ionis
564 3083 603 3145 oe
620 3084 705 3143 caelo
728 3081 764 3141 de
788 3082 851 3160 ipsa
874 3080 1011 3141 firmitate
1034 3089 1214 3162 sanctorum,
1237 3100 1294 3160 qua

289 3189 348 3232 non
371 3172 486 3231 cessuri
509 3177 580 3231 sunt
612 3167 823 3249 saevientibus,
853 3176 886 3229 ut
909 3185 1012 3229 eorum
1035 3169 1143 3229 iaciant
1164 3169 1294 3231 volunta·

288 3269 358 3320 tem.
403 3257 635 3319 Firmamentum
658 3264 704 3319 est
726 3258 805 3317 enim
829 3254 956 3337 eaelum,
985 3257 1071 3317 ouius
1093 3256 1230 3318 firmitate
1253 3256 1295 3317 ilii

287 3346 502 3409 oruoiabuntur
524 3346 730 3407 ardentissimo
748 3344 820 3423 zelo,
843 3345 981 3423 quioniam
1000 3361 1060 3404 non
1082 3352 1223 3423 poterunt
1245 3345 1294 3405 ad·

288 3434 407 3497 trahere
426 3437 457 3495 in
475 3442 574 3515 partes
593 3432 768 3494 Antichristi
790 3440 909 3493 sanctos
927 3429 1045 3492 Christi.
1090 3430 1128 3492 Et
1151 3434 1214 3511 ipse
1238 3434 1295 3496 erit
1313 3452 1346 3499 ao

358 3534 402 3601 m)
420 3533 506 3601 Apso.
527 3536 569 3597 ao,
584 3534 609 3584 o.
664 3532 709 3600 ee)
727 3529 778 3584 Mt.
799 3535 842 3597 no,
857 3536 899 3585 41.

358 3660 469 3725 tmpre
478 3654 676 3724 RAGno9E3
692 3654 889 3723 superbepon
902 3655 911 3723 ΙΙ
926 3659 960 3708 14
969 3653 1286 3725 urguebimrunapu'
1292 3683 1300 3727 5

283 3743 433 3813 urgeditnr
450 3761 480 3813 μς
502 3742 649 3813 urgebitur
669 3742 738 3798 (ino
760 3744 770 3812 ΙΙ
792 3748 826 3797 21
852 3740 946 3796 oDeo
965 3742 1099 3812 (ἀπὸτοῦ
1118 3746 1190 3798 θεοῦ
1210 3742 1300 3801 Oorrf‘

284 3815 401 3882 Sumit)
418 3815 463 3869 bie
481 3814 552 3869 deest
569 3815 601 3867 iu
618 3815 803 3883 inmitemque
821 3812 898 3883 opud
916 3814 965 3869 Eu
989 3815 1039 3883 'pm
1058 3820 1083 3869 et
1101 3814 1236 3883 Primos.;
1254 3816 1300 3871 sed

284 3887 321 3955 ef.
336 3888 401 3953 423,
414 3887 466 3951 30;
483 3887 594 3951 436,1‚·
612 3888 674 3951 444,
689 3888 724 3937 13
743 3886 840 3953 (Apoe.
859 3888 904 3952 21,
918 3888 949 3953 2)
964 3830 1029 3954 ᾒὸ
1049 3901 1133 3955 super
1150 3886 1226 3955 ipsos
1243 3905 1260 3942 o

1036 3973 1087 4026 28*
