3284 4459
354 471 419 534 522
756 482 957 525 snoousnmt

353 620 493 680 tendatur
524 636 595 697 ergo
627 636 661 679 ac
692 619 889 697 protundatur
926 620 991 679 lons
1023 620 1113 681 huius
1141 620 1366 679 misericordiae

353 706 508 784 usquead
532 707 684 766 damnatos
707 706 827 785 angelos
851 706 953 767 saltem
977 716 1045 786 post
1068 707 1162 768 multa
1183 716 1272 785 atque
1296 727 1365 787 pro·
1465 728 1466 753 ;

352 796 411 855 lixa
433 793 648 873 quantumlibet
675 794 792 855 saecula
819 795 996 856 liberandos.
1042 794 1102 856 Cur
1125 814 1222 873 usque
1246 799 1364 856 univer-

354 901 416 943 sam
439 890 574 943 naturam
598 892 695 943 manat
718 882 884 963 humanam,
908 891 1028 944 etcum
1051 883 1086 943 ad
1110 884 1272 963 angelicam
1295 903 1365 945 ven-

318 981 335 1029 o
354 980 417 1032 tum
440 971 544 1051 luerit,
573 989 641 1031 mox
665 968 794 1032 arescit?
838 971 904 1032 Non
927 972 1037 1032 audent
1059 982 1157 1031 tamen
1181 990 1214 1031 se
1237 972 1365 1033 ulterius

354 1059 518 1119 miserando
555 1061 709 1138 porrigere
746 1069 777 1120 et
811 1060 848 1119 ad
880 1059 1084 1119 liberationem
1115 1062 1209 1138 ipsius
1243 1079 1363 1139 quoque

353 1147 460 1207 diaboii
478 1150 642 1225 pervenire.
688 1147 797 1208 Verum
824 1150 849 1207 si
874 1148 979 1226 aliquis
1003 1148 1118 1228 audeat,
1142 1150 1233 1208 vincit
1255 1167 1363 1227 nempe

352 1238 433 1295 istos
479 1234 518 1295 Et
552 1244 650 1295 tamen
688 1245 770 1295 tanto
806 1238 956 1295 invenitur
993 1254 1094 1296 errare
1132 1236 1296 1297 deformius
1334 1246 1364 1297 et

352 1332 456 1384 contra
485 1331 567 1384 recta
592 1322 646 1384 Dei
678 1323 766 1384 verba
797 1326 989 1405 perversiuS,
1021 1332 1131 1402 quanto
1159 1322 1216 1383 sibi
1246 1324 1365 1386 videtur

301 1424 333 1471 10
352 1414 464 1473 sentire
487 1412 671 1473 clementius.

729 1615 847 1683 Oneon
869 1618 990 1684 XVHI.

351 1731 398 1790 De
411 1731 467 1803 bis,
487 1732 542 1804 qui
552 1734 712 1792 novissimo
724 1736 973 1810 iudiciopropter
982 1739 1229 1797 intercessionem
1238 1744 1360 1797 saneto-

431 1835 500 1877 rum
518 1821 665 1877 neminem
683 1819 835 1879 bominum
850 1825 962 1895 putant
979 1837 1044 1879 esse
1062 1822 1276 1881 damnandum.

441 1940 517 2001 Sunt
546 1943 647 2021 etiam,
679 1940 780 2019 quales
811 1944 843 2002 in
871 1941 1127 2003 conlocutionibus
1157 1946 1268 2005 nostris
1296 1948 1362 2025 ipse

300 2040 332 2088 15
352 2046 418 2089 sum
437 2038 586 2109 expertus,
610 2031 670 2109 qui,
693 2047 762 2089 cum
780 2032 916 2089 venerari
934 2029 1088 2091 videantur
1107 2034 1271 2109 scripturas
1294 2052 1361 2094 san·

351 2125 427 2194 ctas,
456 2116 589 2176 moribus
615 2116 793 2195 inprobandi
820 2127 890 2179 sunt
922 2126 953 2178 et
981 2118 1093 2196 agendo
1125 2137 1243 2180 causam
1276 2139 1362 2183 suam

350 2204 443 2265 multo
463 2207 605 2265 maiorem
623 2223 711 2283 quam
729 2206 780 2265 isti
798 2206 1031 2265 misericordiam
1051 2204 1112 2266 Deo
1134 2206 1271 2269 tribuunt
1290 2227 1361 2288 erga

350 2293 511 2353 humanum
543 2311 646 2370 genus.
699 2292 807 2353 Dicunt
839 2296 918 2353 enim
951 2294 986 2353 de
1017 2294 1100 2354 malis
1132 2304 1163 2355 et
1190 2295 1360 2358 infidelibus

349 2380 518 2442 bominibus
540 2381 680 2441 divinitus
704 2380 824 2458 quidem
847 2399 951 2442 verum
973 2381 1157 2460 praedictum
1180 2401 1256 2459 esse,
1279 2385 1360 2464 quod

297 2482 331 2530 20
350 2470 431 2548 digni
460 2477 542 2549 sunt,
570 2468 622 2529 scd
650 2487 718 2529 cum
746 2468 781 2528 ad
807 2468 949 2529 iudicium
973 2478 1092 2530 ventum
1115 2471 1221 2550 luerit,
1244 2475 1359 2534 miseri·

350 2557 481 2617 cordiam
507 2574 574 2617 esse
602 2565 815 2637 superaturam.
861 2556 988 2617 Donabit
1015 2561 1095 2619 enim
1119 2577 1183 2640 eos,
1210 2562 1360 2642 inquiunt,

350 2646 519 2705 misericors
549 2644 629 2705 Deus
659 2643 798 2724 precibus
831 2653 862 2705 et
889 2645 1154 2707 intercessionibus
1187 2658 1360 2709 sanctorum

350 2750 481 2792 suorum.
528 2731 561 2791 Si
580 2735 658 2792 enim
677 2732 800 2793 orabant
823 2751 877 2811 pro
901 2732 967 2813 illis,
992 2733 1108 2811 quando
1133 2753 1183 2794 eos
1206 2736 1359 2813 patieban-

350 2828 399 2879 tur
421 2822 567 2899 inimicos,
590 2823 811 2899 quantomagis
834 2821 950 2899 quando
974 2822 1116 2884 videbunt
1138 2822 1264 2884 humiles
1288 2844 1359 2905 sup·

296 2918 331 2967 aa
350 2907 500 2987 plicesque
523 2907 700 2986 prostratos!
737 2908 840 2987 Neque
868 2912 947 2969 enim
971 2909 1152 2970 credendum
1175 2920 1234 2985 est,
1266 2915 1360 2996 aiunt,

349 3005 420 3055 tunc
444 2997 605 3055 amissuros
624 3006 741 3055 sanctos
764 3000 878 3056 viscera
901 2997 1130 3079 misericordiae,
1154 3017 1221 3059 cum
1245 3000 1361 3063 luerint

348 3083 534 3163 plenissimae
553 3101 587 3143 ac
605 3084 838 3162 perfectissimae
863 3088 1034 3165 sanctitatis,
1057 3094 1099 3167 ut,
1123 3089 1174 3165 qui
1196 3098 1268 3147 tunc
1292 3107 1359 3150 ora·

348 3171 420 3232 bant
445 3189 500 3250 pro
528 3173 656 3231 inimicis
684 3174 759 3246 suis,
790 3172 907 3249 quando
931 3181 962 3233 et
983 3176 1040 3253 ipsi
1064 3176 1127 3235 sine
1150 3184 1272 3253 peccato
1296 3194 1359 3239 non

348 3268 447 3340 erant,
474 3267 545 3318 tunc
568 3278 628 3319 non
651 3267 739 3319 orent
760 3278 815 3337 pro
839 3260 1022 3340 supplicibus
1046 3264 1123 3341 suis,
1151 3263 1268 3342 quando
1292 3266 1359 3327 nul·

295 3358 330 3406 30
349 3345 410 3407 lum
430 3349 583 3425 coeperint
600 3346 710 3406 babere
728 3355 892 3424 peccatum.
938 3350 996 3410 Aut
1019 3367 1088 3409 vero
1108 3349 1186 3411 Deus
1209 3362 1282 3412 tunc
1305 3372 1360 3415 eos

348 3454 408 3496 non
432 3436 569 3495 exaudiet
590 3443 635 3496 tot
658 3443 688 3494 et
709 3433 783 3495 tales
806 3435 881 3495 lilios
905 3454 984 3517 suco,
1008 3436 1124 3515 quando
1148 3440 1179 3497 in
1202 3447 1282 3499 tanta
1306 3459 1359 3501 eo-

417 3585 432 3629 3
446 3578 921 3649 usqueRAanp(101,11;26);
935 3597 1024 3650 usque
1039 3582 1166 3650 adoepv
1179 3586 1188 3652 ΙΙ
1203 3588 1218 3635 i
1231 3585 1363 3657 audetoll

347 3651 379 3700 12
394 3647 621 3701 intercessionem
635 3649 681 3718 fd?
697 3665 758 3703 -nes
769 3666 832 3718 ppo
847 3654 856 3721 ll
871 3657 903 3704 19
918 3653 993 3720 quod
1008 3652 1088 3722 digni
1103 3656 1169 3706 sunt
1182 3654 1363 3729 nneaoey

346 3720 427 3783 (523,
443 3721 498 3783 28,·
520 3719 536 3771 l.
552 3722 570 3772 5
587 3735 609 3772 c.
623 3722 661 3773 23
679 3720 773 3786 med.);
797 3737 843 3787 qu.
862 3725 951 3775 morte
970 3723 996 3777 d.
1017 3739 1037 3776 s.
1057 3741 1087 3791 a,
1111 3742 1156 3793 qu.
1177 3725 1202 3779 d.
1222 3743 1243 3779 a,
1263 3728 1362 3783 eterno

346 3785 483 3855 supplicio
498 3806 533 3856 p3
551 3805 597 3856 qu.
617 3788 644 3841 d.
663 3805 684 3841 s.
703 3805 795 3856 poene
814 3807 830 3843 v
