<?xml version="1.0" encoding="UTF-8"?>
<!DOCTYPE html PUBLIC "-//W3C//DTD XHTML 1.0 Transitional//EN"
    "http://www.w3.org/TR/xhtml1/DTD/xhtml1-transitional.dtd">
<html xmlns="http://www.w3.org/1999/xhtml" xml:lang="en" lang="en">
 <head>
  <title>
</title>
<meta http-equiv="Content-Type" content="text/html;charset=utf-8" />
  <meta name='ocr-system' content='tesseract 3.04.00' />
  <meta name='ocr-capabilities' content='ocr_page ocr_carea ocr_par ocr_line ocrx_word'/>
</head>
<body>
  <div class='ocr_page' id='page_1' title='image "./sanctiaureliiau11augugoog_0075.png"; bbox 0 0 3284 4459; ppageno 0'>
   <div class='ocr_carea' id='block_1_1' title="bbox 543 484 1304 549">
    <p class='ocr_par' dir='ltr' id='par_1_1' title="bbox 543 484 1304 549">
     <span class='ocr_line' id='line_1_1' title="bbox 543 484 1304 549; baseline 0.001 -12"><span class='ocrx_word' id='word_1_1' title='bbox 543 498 584 537; x_wconf 81' lang='lat' dir='ltr'><strong>nn</strong></span> <span class='ocrx_word' id='word_1_2' title='bbox 598 496 741 538; x_wconf 75' lang='lat' dir='ltr'><strong>orvrrenn</strong></span> <span class='ocrx_word' id='word_1_3' title='bbox 753 498 808 539; x_wconf 79' lang='lat' dir='ltr'><strong>nm</strong></span> <span class='ocrx_word' id='word_1_4' title='bbox 820 496 848 539; x_wconf 84' lang='lat' dir='ltr'><strong>n.</strong></span> <span class='ocrx_word' id='word_1_5' title='bbox 860 498 922 539; x_wconf 80' lang='lat' dir='ltr'><strong>nv.</strong></span> <span class='ocrx_word' id='word_1_6' title='bbox 936 498 961 541; x_wconf 90' lang='lat' dir='ltr'><strong>o.</strong></span> <span class='ocrx_word' id='word_1_7' title='bbox 976 501 1008 539; x_wconf 81' lang='lat' dir='ltr'><strong>es.</strong></span> <span class='ocrx_word' id='word_1_8' title='bbox 1022 500 1055 538; x_wconf 79' lang='lat' dir='ltr'><strong>er.</strong></span> <span class='ocrx_word' id='word_1_9' title='bbox 1259 484 1304 549; x_wconf 79' lang='grc'><strong>55</strong></span> 
     </span>
    </p>
   </div>
   <div class='ocr_carea' id='block_1_2' title="bbox 292 630 1357 1490">
    <p class='ocr_par' dir='ltr' id='par_1_2' title="bbox 292 630 1357 1490">
     <span class='ocr_line' id='line_1_2' title="bbox 292 630 1304 712; baseline -0.001 -19"><span class='ocrx_word' id='word_1_10' title='bbox 292 630 332 693; x_wconf 92' lang='lat' dir='ltr'><strong>de</strong></span> <span class='ocrx_word' id='word_1_11' title='bbox 350 633 432 711; x_wconf 87' lang='lat' dir='ltr'><strong>ipsis,</strong></span> <span class='ocrx_word' id='word_1_12' title='bbox 454 632 665 692; x_wconf 84' lang='lat' dir='ltr'><strong>verumetiam</strong></span> <span class='ocrx_word' id='word_1_13' title='bbox 683 631 721 691; x_wconf 89' lang='lat' dir='ltr'><strong>de</strong></span> <span class='ocrx_word' id='word_1_14' title='bbox 745 649 804 691; x_wconf 93' lang='lat' dir='ltr'><strong>non</strong></span> <span class='ocrx_word' id='word_1_15' title='bbox 826 630 969 712; x_wconf 79' lang='lat' dir='ltr'><strong>liberatis,</strong></span> <span class='ocrx_word' id='word_1_16' title='bbox 991 632 1063 710; x_wconf 85' lang='lat' dir='ltr'><strong>quid</strong></span> <span class='ocrx_word' id='word_1_17' title='bbox 1086 634 1131 694; x_wconf 75' lang='lat' dir='ltr'><strong>eis</strong></span> <span class='ocrx_word' id='word_1_18' title='bbox 1152 630 1304 712; x_wconf 76' lang='lat' dir='ltr'><strong>largiatur,</strong></span> 
     </span>
     <span class='ocr_line' id='line_1_3' title="bbox 293 718 1303 801; baseline 0.001 -21"><span class='ocrx_word' id='word_1_19' title='bbox 293 720 467 782; x_wconf 88' lang='lat' dir='ltr'><strong>ostendens.</strong></span> <span class='ocrx_word' id='word_1_20' title='bbox 510 718 575 783; x_wconf 87' lang='lat' dir='ltr'><strong>Nou</strong></span> <span class='ocrx_word' id='word_1_21' title='bbox 603 722 682 781; x_wconf 90' lang='lat' dir='ltr'><strong>enim</strong></span> <span class='ocrx_word' id='word_1_22' title='bbox 711 718 824 801; x_wconf 83' lang='lat' dir='ltr'><strong>debita,</strong></span> <span class='ocrx_word' id='word_1_23' title='bbox 852 718 903 779; x_wconf 92' lang='lat' dir='ltr'><strong>sed</strong></span> <span class='ocrx_word' id='word_1_24' title='bbox 927 722 1054 799; x_wconf 81' lang='lat' dir='ltr'><strong>gratuita</strong></span> <span class='ocrx_word' id='word_1_25' title='bbox 1076 719 1208 783; x_wconf 83' lang='lat' dir='ltr'><strong>bonitate</strong></span> <span class='ocrx_word' id='word_1_26' title='bbox 1232 729 1303 781; x_wconf 85' lang='lat' dir='ltr'><strong>tune</strong></span> 
     </span>
     <span class='ocr_line' id='line_1_4' title="bbox 293 807 1303 890; baseline 0 -21"><span class='ocrx_word' id='word_1_27' title='bbox 293 826 327 869; x_wconf 90' lang='lat' dir='ltr'><strong>se</strong></span> <span class='ocrx_word' id='word_1_28' title='bbox 355 810 482 887; x_wconf 82' lang='lat' dir='ltr'><strong>quisque</strong></span> <span class='ocrx_word' id='word_1_29' title='bbox 509 809 642 886; x_wconf 81' lang='lat' dir='ltr'><strong>agnoseit</strong></span> <span class='ocrx_word' id='word_1_30' title='bbox 669 815 789 871; x_wconf 88' lang='lat' dir='ltr'><strong>erutum</strong></span> <span class='ocrx_word' id='word_1_31' title='bbox 812 807 910 890; x_wconf 87' lang='lat' dir='ltr'><strong>malis,</strong></span> <span class='ocrx_word' id='word_1_32' title='bbox 932 826 1001 869; x_wconf 90' lang='lat' dir='ltr'><strong>oum</strong></span> <span class='ocrx_word' id='word_1_33' title='bbox 1023 807 1060 870; x_wconf 88' lang='lat' dir='ltr'><strong>ab</strong></span> <span class='ocrx_word' id='word_1_34' title='bbox 1083 827 1188 873; x_wconf 90' lang='lat' dir='ltr'><strong>eornm</strong></span> <span class='ocrx_word' id='word_1_35' title='bbox 1209 808 1303 869; x_wconf 91' lang='lat' dir='ltr'><strong>homi·</strong></span> 
     </span>
     <span class='ocr_line' id='line_1_5' title="bbox 294 896 1304 977; baseline 0 -20"><span class='ocrx_word' id='word_1_36' title='bbox 294 914 367 957; x_wconf 90' lang='lat' dir='ltr'><strong>num</strong></span> <span class='ocrx_word' id='word_1_37' title='bbox 397 897 547 957; x_wconf 92' lang='lat' dir='ltr'><strong>eonsortio</strong></span> <span class='ocrx_word' id='word_1_38' title='bbox 575 896 611 957; x_wconf 85' lang='lat' dir='ltr'><strong>iit</strong></span> <span class='ocrx_word' id='word_1_39' title='bbox 637 898 784 977; x_wconf 87' lang='lat' dir='ltr'><strong>inmunis,</strong></span> <span class='ocrx_word' id='word_1_40' title='bbox 813 914 883 957; x_wconf 88' lang='lat' dir='ltr'><strong>eum</strong></span> <span class='ocrx_word' id='word_1_41' title='bbox 913 896 1022 975; x_wconf 85' lang='lat' dir='ltr'><strong>quibus</strong></span> <span class='ocrx_word' id='word_1_42' title='bbox 1049 896 1092 957; x_wconf 88' lang='lat' dir='ltr'><strong>iiii</strong></span> <span class='ocrx_word' id='word_1_43' title='bbox 1118 899 1196 958; x_wconf 87' lang='lat' dir='ltr'><strong>iuste</strong></span> <span class='ocrx_word' id='word_1_44' title='bbox 1224 906 1304 959; x_wconf 88' lang='lat' dir='ltr'><strong>esset</strong></span> 
     </span>
     <span class='ocr_line' id='line_1_6' title="bbox 293 983 1339 1067; baseline 0 -22"><span class='ocrx_word' id='word_1_45' title='bbox 293 1002 390 1064; x_wconf 82' lang='lat' dir='ltr'><strong>poena</strong></span> <span class='ocrx_word' id='word_1_46' title='bbox 413 986 586 1045; x_wconf 81' lang='lat' dir='ltr'><strong>eommunis</strong></span> <span class='ocrx_word' id='word_1_47' title='bbox 631 983 692 1046; x_wconf 88' lang='lat' dir='ltr'><strong>Cur</strong></span> <span class='ocrx_word' id='word_1_48' title='bbox 710 1002 782 1064; x_wconf 79' lang='lat' dir='ltr'><strong>ergo</strong></span> <span class='ocrx_word' id='word_1_49' title='bbox 805 1003 866 1046; x_wconf 90' lang='lat' dir='ltr'><strong>non</strong></span> <span class='ocrx_word' id='word_1_50' title='bbox 888 993 1004 1047; x_wconf 84' lang='lat' dir='ltr'><strong>erearet</strong></span> <span class='ocrx_word' id='word_1_51' title='bbox 1026 984 1114 1067; x_wconf 75' lang='lat' dir='ltr'><strong>Beue,</strong></span> <span class='ocrx_word' id='word_1_52' title='bbox 1137 1002 1213 1065; x_wconf 87' lang='lat' dir='ltr'><strong>quos</strong></span> <span class='ocrx_word' id='word_1_53' title='bbox 1234 996 1339 1065; x_wconf 80' lang='lat' dir='ltr'><strong>pec-o</strong></span> 
     </span>
     <span class='ocr_line' id='line_1_7' title="bbox 293 1072 1304 1154; baseline 0.001 -20"><span class='ocrx_word' id='word_1_54' title='bbox 293 1082 415 1134; x_wconf 88' lang='lat' dir='ltr'><strong>eaturos</strong></span> <span class='ocrx_word' id='word_1_55' title='bbox 437 1090 503 1135; x_wconf 83' lang='lat' dir='ltr'><strong>esse</strong></span> <span class='ocrx_word' id='word_1_56' title='bbox 525 1074 696 1154; x_wconf 77' lang='lat' dir='ltr'><strong>praescivit,</strong></span> <span class='ocrx_word' id='word_1_57' title='bbox 723 1072 841 1151; x_wconf 89' lang='lat' dir='ltr'><strong>quaudo</strong></span> <span class='ocrx_word' id='word_1_58' title='bbox 869 1073 988 1152; x_wconf 87' lang='lat' dir='ltr'><strong>quidem</strong></span> <span class='ocrx_word' id='word_1_59' title='bbox 1016 1075 1049 1135; x_wconf 86' lang='lat' dir='ltr'><strong>in</strong></span> <span class='ocrx_word' id='word_1_60' title='bbox 1071 1076 1116 1134; x_wconf 85' lang='lat' dir='ltr'><strong>eis</strong></span> <span class='ocrx_word' id='word_1_61' title='bbox 1138 1081 1228 1135; x_wconf 86' lang='lat' dir='ltr'><strong>etex</strong></span> <span class='ocrx_word' id='word_1_62' title='bbox 1250 1076 1304 1154; x_wconf 85' lang='lat' dir='ltr'><strong>eis,</strong></span> 
     </span>
     <span class='ocr_line' id='line_1_8' title="bbox 295 1160 1303 1244; baseline 0.001 -23"><span class='ocrx_word' id='word_1_63' title='bbox 295 1170 326 1222; x_wconf 90' lang='lat' dir='ltr'><strong>et</strong></span> <span class='ocrx_word' id='word_1_64' title='bbox 344 1160 415 1240; x_wconf 89' lang='lat' dir='ltr'><strong>quid</strong></span> <span class='ocrx_word' id='word_1_65' title='bbox 434 1178 538 1222; x_wconf 89' lang='lat' dir='ltr'><strong>eorum</strong></span> <span class='ocrx_word' id='word_1_66' title='bbox 556 1160 642 1240; x_wconf 90' lang='lat' dir='ltr'><strong>eulpa</strong></span> <span class='ocrx_word' id='word_1_67' title='bbox 660 1170 836 1244; x_wconf 88' lang='lat' dir='ltr'><strong>mereretur,</strong></span> <span class='ocrx_word' id='word_1_68' title='bbox 858 1170 889 1223; x_wconf 92' lang='lat' dir='ltr'><strong>et</strong></span> <span class='ocrx_word' id='word_1_69' title='bbox 907 1160 978 1240; x_wconf 87' lang='lat' dir='ltr'><strong>quid</strong></span> <span class='ocrx_word' id='word_1_70' title='bbox 997 1180 1051 1223; x_wconf 86' lang='lat' dir='ltr'><strong>sua</strong></span> <span class='ocrx_word' id='word_1_71' title='bbox 1068 1164 1161 1241; x_wconf 80' lang='lat' dir='ltr'><strong>gratia</strong></span> <span class='ocrx_word' id='word_1_72' title='bbox 1180 1162 1303 1223; x_wconf 90' lang='lat' dir='ltr'><strong>donare·</strong></span> 
     </span>
     <span class='ocr_line' id='line_1_9' title="bbox 295 1249 1303 1330; baseline 0.001 -20"><span class='ocrx_word' id='word_1_73' title='bbox 295 1260 361 1329; x_wconf 86' lang='lat' dir='ltr'><strong>tur,</strong></span> <span class='ocrx_word' id='word_1_74' title='bbox 389 1257 493 1329; x_wconf 86' lang='lat' dir='ltr'><strong>posset</strong></span> <span class='ocrx_word' id='word_1_75' title='bbox 518 1249 693 1330; x_wconf 81' lang='lat' dir='ltr'><strong>ostendere,</strong></span> <span class='ocrx_word' id='word_1_76' title='bbox 722 1267 777 1311; x_wconf 92' lang='lat' dir='ltr'><strong>nee</strong></span> <span class='ocrx_word' id='word_1_77' title='bbox 807 1249 865 1312; x_wconf 89' lang='lat' dir='ltr'><strong>sub</strong></span> <span class='ocrx_word' id='word_1_78' title='bbox 891 1249 943 1313; x_wconf 90' lang='lat' dir='ltr'><strong>illo</strong></span> <span class='ocrx_word' id='word_1_79' title='bbox 964 1258 1098 1311; x_wconf 78' lang='lat' dir='ltr'><strong>creatore</strong></span> <span class='ocrx_word' id='word_1_80' title='bbox 1121 1268 1156 1311; x_wconf 85' lang='lat' dir='ltr'><strong>ao</strong></span> <span class='ocrx_word' id='word_1_81' title='bbox 1179 1251 1303 1329; x_wconf 88' lang='lat' dir='ltr'><strong>disposi-</strong></span> 
     </span>
     <span class='ocr_line' id='line_1_10' title="bbox 297 1337 1302 1418; baseline 0.002 -20"><span class='ocrx_word' id='word_1_82' title='bbox 297 1348 360 1399; x_wconf 85' lang='lat' dir='ltr'><strong>tore</strong></span> <span class='ocrx_word' id='word_1_83' title='bbox 390 1355 530 1418; x_wconf 83' lang='lat' dir='ltr'><strong>perrersa</strong></span> <span class='ocrx_word' id='word_1_84' title='bbox 561 1337 738 1398; x_wconf 87' lang='lat' dir='ltr'><strong>inordinatio</strong></span> <span class='ocrx_word' id='word_1_85' title='bbox 769 1337 1006 1417; x_wconf 86' lang='lat' dir='ltr'><strong>delinquentium</strong></span> <span class='ocrx_word' id='word_1_86' title='bbox 1037 1347 1154 1402; x_wconf 83' lang='lat' dir='ltr'><strong>rectum</strong></span> <span class='ocrx_word' id='word_1_87' title='bbox 1183 1357 1302 1418; x_wconf 83' lang='lat' dir='ltr'><strong>perver-</strong></span> 
     </span>
     <span class='ocr_line' id='line_1_11' title="bbox 296 1422 1357 1490; baseline 0.002 -3"><span class='ocrx_word' id='word_1_88' title='bbox 296 1434 372 1487; x_wconf 84' lang='lat' dir='ltr'><strong>teret</strong></span> <span class='ocrx_word' id='word_1_89' title='bbox 393 1426 530 1487; x_wconf 84' lang='lat' dir='ltr'><strong>ordinem</strong></span> <span class='ocrx_word' id='word_1_90' title='bbox 551 1422 674 1487; x_wconf 82' lang='lat' dir='ltr'><strong>rerum?</strong></span> <span class='ocrx_word' id='word_1_91' title='bbox 1322 1439 1357 1490; x_wconf 85' lang='lat' dir='ltr'><strong>to</strong></span> 
     </span>
    </p>
   </div>
   <div class='ocr_carea' id='block_1_3' title="bbox 663 1614 940 1682">
    <p class='ocr_par' dir='ltr' id='par_1_3' title="bbox 663 1614 940 1682">
     <span class='ocr_line' id='line_1_12' title="bbox 663 1614 940 1682; baseline 0.004 -1"><span class='ocrx_word' id='word_1_92' title='bbox 663 1614 779 1682; x_wconf 76' lang='lat' dir='ltr'><strong>Geron</strong></span> <span class='ocrx_word' id='word_1_93' title='bbox 802 1616 940 1682; x_wconf 86' lang='lat' dir='ltr'>XXVII.</span> 
     </span>
    </p>
   </div>
   <div class='ocr_carea' id='block_1_4' title="bbox 293 1728 1302 1929">
    <p class='ocr_par' dir='ltr' id='par_1_4' title="bbox 293 1728 1302 1929">
     <span class='ocr_line' id='line_1_13' title="bbox 293 1728 1302 1822; baseline 0.001 -17"><span class='ocrx_word' id='word_1_94' title='bbox 293 1746 339 1805; x_wconf 83' lang='lat' dir='ltr'><strong>De</strong></span> <span class='ocrx_word' id='word_1_95' title='bbox 353 1746 579 1822; x_wconf 80' lang='lat' dir='ltr'><strong>peecatoribus,</strong></span> <span class='ocrx_word' id='word_1_96' title='bbox 601 1751 632 1805; x_wconf 86' lang='lat' dir='ltr'><strong>et</strong></span> <span class='ocrx_word' id='word_1_97' title='bbox 648 1748 764 1820; x_wconf 71' lang='lat' dir='ltr'><strong>anqelis</strong></span> <span class='ocrx_word' id='word_1_98' title='bbox 782 1751 812 1805; x_wconf 80' lang='lat' dir='ltr'><strong>et</strong></span> <span class='ocrx_word' id='word_1_99' title='bbox 829 1747 1005 1818; x_wconf 76' lang='lat' dir='ltr'><strong>nominihus,</strong></span> <span class='ocrx_word' id='word_1_100' title='bbox 1029 1761 1157 1819; x_wconf 80' lang='lat' dir='ltr'><strong>quorum</strong></span> <span class='ocrx_word' id='word_1_101' title='bbox 1176 1728 1302 1821; x_wconf 75' lang='lat' dir='ltr'><strong>peraer-</strong></span> 
     </span>
     <span class='ocr_line' id='line_1_14' title="bbox 501 1835 1093 1929; baseline -0.002 -35"><span class='ocrx_word' id='word_1_102' title='bbox 501 1835 576 1895; x_wconf 82' lang='lat' dir='ltr'><strong>sites</strong></span> <span class='ocrx_word' id='word_1_103' title='bbox 598 1850 660 1929; x_wconf 75' lang='lat' dir='ltr'><strong>non</strong></span> <span class='ocrx_word' id='word_1_104' title='bbox 677 1835 844 1911; x_wconf 79' lang='lat' dir='ltr'><strong>perturbat</strong></span> <span class='ocrx_word' id='word_1_105' title='bbox 860 1835 1093 1911; x_wconf 80' lang='lat' dir='ltr'><strong>providentiam.</strong></span> 
     </span>
    </p>
   </div>
   <div class='ocr_carea' id='block_1_5' title="bbox 290 1955 1355 3453">
    <p class='ocr_par' dir='ltr' id='par_1_5' title="bbox 290 1955 1355 3453">
     <span class='ocr_line' id='line_1_15' title="bbox 381 1955 1302 2037; baseline -0.001 -20"><span class='ocrx_word' id='word_1_106' title='bbox 381 1956 511 2017; x_wconf 85' lang='lat' dir='ltr'><strong>Proinde</strong></span> <span class='ocrx_word' id='word_1_107' title='bbox 529 1964 712 2037; x_wconf 80' lang='lat' dir='ltr'><strong>peccatores,</strong></span> <span class='ocrx_word' id='word_1_108' title='bbox 733 1963 765 2016; x_wconf 92' lang='lat' dir='ltr'><strong>et</strong></span> <span class='ocrx_word' id='word_1_109' title='bbox 781 1955 878 2035; x_wconf 80' lang='lat' dir='ltr'><strong>angeli</strong></span> <span class='ocrx_word' id='word_1_110' title='bbox 896 1964 927 2018; x_wconf 95' lang='lat' dir='ltr'><strong>et</strong></span> <span class='ocrx_word' id='word_1_111' title='bbox 945 1956 1089 2037; x_wconf 88' lang='lat' dir='ltr'><strong>homines,</strong></span> <span class='ocrx_word' id='word_1_112' title='bbox 1111 1956 1184 2018; x_wconf 83' lang='lat' dir='ltr'><strong>nihil</strong></span> <span class='ocrx_word' id='word_1_113' title='bbox 1203 1964 1302 2037; x_wconf 85' lang='lat' dir='ltr'><strong>agunt,</strong></span> 
     </span>
     <span class='ocr_line' id='line_1_16' title="bbox 293 2043 1355 2125; baseline -0.001 -20"><span class='ocrx_word' id='word_1_114' title='bbox 293 2063 353 2125; x_wconf 81' lang='lat' dir='ltr'><strong>quo</strong></span> <span class='ocrx_word' id='word_1_115' title='bbox 371 2043 562 2123; x_wconf 84' lang='lat' dir='ltr'><strong>inpedientur</strong></span> <span class='ocrx_word' id='word_1_116' title='bbox 579 2062 692 2120; x_wconf 66' lang='lat' dir='ltr'><strong>maeno</strong></span> <span class='ocrx_word' id='word_1_117' title='bbox 715 2061 810 2120; x_wconf 81' lang='lat' dir='ltr'><strong>opero</strong></span> <span class='ocrx_word' id='word_1_118' title='bbox 828 2046 957 2119; x_wconf 80' lang='lat' dir='ltr'><strong>Domini,</strong></span> <span class='ocrx_word' id='word_1_119' title='bbox 980 2047 1132 2120; x_wconf 65' lang='lat' dir='ltr'><strong>adnuite</strong></span> <span class='ocrx_word' id='word_1_120' title='bbox 1151 2048 1183 2107; x_wconf 81' lang='lat' dir='ltr'><strong>in</strong></span> <span class='ocrx_word' id='word_1_121' title='bbox 1200 2062 1302 2107; x_wconf 82' lang='lat' dir='ltr'><strong>omnes</strong></span> <span class='ocrx_word' id='word_1_122' title='bbox 1321 2056 1355 2105; x_wconf 81' lang='lat' dir='ltr'><strong>lo</strong></span> 
     </span>
     <span class='ocr_line' id='line_1_17' title="bbox 292 2132 1301 2213; baseline -0.002 -18"><span class='ocrx_word' id='word_1_123' title='bbox 292 2138 462 2195; x_wconf 83' lang='lat' dir='ltr'><strong>voluntates</strong></span> <span class='ocrx_word' id='word_1_124' title='bbox 488 2135 568 2206; x_wconf 80' lang='lat' dir='ltr'><strong>eius,</strong></span> <span class='ocrx_word' id='word_1_125' title='bbox 600 2134 740 2211; x_wconf 85' lang='lat' dir='ltr'><strong>quoniam</strong></span> <span class='ocrx_word' id='word_1_126' title='bbox 766 2134 818 2211; x_wconf 80' lang='lat' dir='ltr'><strong>qui</strong></span> <span class='ocrx_word' id='word_1_127' title='bbox 845 2132 1036 2211; x_wconf 85' lang='lat' dir='ltr'><strong>providenter</strong></span> <span class='ocrx_word' id='word_1_128' title='bbox 1057 2140 1146 2213; x_wconf 90' lang='lat' dir='ltr'><strong>atque</strong></span> <span class='ocrx_word' id='word_1_129' title='bbox 1169 2135 1301 2213; x_wconf 79' lang='lat' dir='ltr'><strong>omnipo</strong></span> 
     </span>
     <span class='ocr_line' id='line_1_18' title="bbox 292 2219 1302 2302; baseline -0.001 -18"><span class='ocrx_word' id='word_1_130' title='bbox 292 2230 393 2284; x_wconf 90' lang='lat' dir='ltr'><strong>tenter</strong></span> <span class='ocrx_word' id='word_1_131' title='bbox 422 2238 476 2281; x_wconf 89' lang='lat' dir='ltr'><strong>sua</strong></span> <span class='ocrx_word' id='word_1_132' title='bbox 509 2222 617 2299; x_wconf 87' lang='lat' dir='ltr'><strong>cuique</strong></span> <span class='ocrx_word' id='word_1_133' title='bbox 650 2219 817 2300; x_wconf 86' lang='lat' dir='ltr'><strong>distribuit,</strong></span> <span class='ocrx_word' id='word_1_134' title='bbox 849 2239 908 2281; x_wconf 95' lang='lat' dir='ltr'><strong>non</strong></span> <span class='ocrx_word' id='word_1_135' title='bbox 940 2220 1037 2282; x_wconf 87' lang='lat' dir='ltr'><strong>solum</strong></span> <span class='ocrx_word' id='word_1_136' title='bbox 1065 2219 1167 2302; x_wconf 91' lang='lat' dir='ltr'><strong>bonis,</strong></span> <span class='ocrx_word' id='word_1_137' title='bbox 1199 2240 1302 2283; x_wconf 84' lang='lat' dir='ltr'><strong>rerum</strong></span> 
     </span>
     <span class='ocr_line' id='line_1_19' title="bbox 292 2308 1301 2389; baseline -0.001 -18"><span class='ocrx_word' id='word_1_138' title='bbox 292 2313 384 2371; x_wconf 90' lang='lat' dir='ltr'><strong>etiam</strong></span> <span class='ocrx_word' id='word_1_139' title='bbox 401 2308 485 2371; x_wconf 87' lang='lat' dir='ltr'><strong>malis</strong></span> <span class='ocrx_word' id='word_1_140' title='bbox 503 2308 579 2370; x_wconf 86' lang='lat' dir='ltr'><strong>bene</strong></span> <span class='ocrx_word' id='word_1_141' title='bbox 599 2311 644 2371; x_wconf 91' lang='lat' dir='ltr'><strong>uti</strong></span> <span class='ocrx_word' id='word_1_142' title='bbox 661 2310 751 2369; x_wconf 86' lang='lat' dir='ltr'><strong>novit.</strong></span> <span class='ocrx_word' id='word_1_143' title='bbox 796 2310 838 2369; x_wconf 78' lang='lat' dir='ltr'><strong>de</strong></span> <span class='ocrx_word' id='word_1_144' title='bbox 860 2328 915 2387; x_wconf 91' lang='lat' dir='ltr'><strong>per</strong></span> <span class='ocrx_word' id='word_1_145' title='bbox 937 2308 994 2369; x_wconf 88' lang='lat' dir='ltr'><strong>hoe</strong></span> <span class='ocrx_word' id='word_1_146' title='bbox 1015 2317 1140 2389; x_wconf 87' lang='lat' dir='ltr'><strong>propter</strong></span> <span class='ocrx_word' id='word_1_147' title='bbox 1162 2312 1301 2371; x_wconf 89' lang='lat' dir='ltr'><strong>meritum</strong></span> 
     </span>
     <span class='ocr_line' id='line_1_20' title="bbox 293 2395 1301 2478; baseline 0 -19"><span class='ocrx_word' id='word_1_148' title='bbox 293 2400 406 2478; x_wconf 92' lang='lat' dir='ltr'><strong>primae</strong></span> <span class='ocrx_word' id='word_1_149' title='bbox 435 2396 527 2457; x_wconf 85' lang='lat' dir='ltr'><strong>malae</strong></span> <span class='ocrx_word' id='word_1_150' title='bbox 554 2396 714 2459; x_wconf 85' lang='lat' dir='ltr'><strong>voluntatis</strong></span> <span class='ocrx_word' id='word_1_151' title='bbox 740 2399 781 2457; x_wconf 89' lang='lat' dir='ltr'><strong>ita</strong></span> <span class='ocrx_word' id='word_1_152' title='bbox 810 2396 948 2458; x_wconf 89' lang='lat' dir='ltr'><strong>damnato</strong></span> <span class='ocrx_word' id='word_1_153' title='bbox 970 2405 1059 2475; x_wconf 89' lang='lat' dir='ltr'><strong>atque</strong></span> <span class='ocrx_word' id='word_1_154' title='bbox 1083 2395 1228 2458; x_wconf 85' lang='lat' dir='ltr'><strong>obdurato</strong></span> <span class='ocrx_word' id='word_1_155' title='bbox 1251 2416 1301 2459; x_wconf 89' lang='lat' dir='ltr'><strong>an·</strong></span> 
     </span>
     <span class='ocr_line' id='line_1_21' title="bbox 293 2484 1355 2567; baseline -0.001 -20"><span class='ocrx_word' id='word_1_156' title='bbox 293 2486 359 2566; x_wconf 80' lang='lat' dir='ltr'><strong>geio</strong></span> <span class='ocrx_word' id='word_1_157' title='bbox 379 2485 464 2567; x_wconf 89' lang='lat' dir='ltr'><strong>malo,</strong></span> <span class='ocrx_word' id='word_1_158' title='bbox 487 2487 597 2546; x_wconf 87' lang='lat' dir='ltr'><strong>utiam</strong></span> <span class='ocrx_word' id='word_1_159' title='bbox 614 2484 722 2545; x_wconf 88' lang='lat' dir='ltr'><strong>honam</strong></span> <span class='ocrx_word' id='word_1_160' title='bbox 740 2484 920 2545; x_wconf 86' lang='lat' dir='ltr'><strong>voluntatem</strong></span> <span class='ocrx_word' id='word_1_161' title='bbox 938 2484 1064 2546; x_wconf 76' lang='lat' dir='ltr'><strong>ulterius</strong></span> <span class='ocrx_word' id='word_1_162' title='bbox 1087 2503 1146 2545; x_wconf 93' lang='lat' dir='ltr'><strong>non</strong></span> <span class='ocrx_word' id='word_1_163' title='bbox 1168 2485 1301 2567; x_wconf 83' lang='lat' dir='ltr'><strong>haberet,</strong></span> <span class='ocrx_word' id='word_1_164' title='bbox 1319 2497 1355 2547; x_wconf 78' lang='lat'><strong>20</strong></span> 
     </span>
     <span class='ocr_line' id='line_1_22' title="bbox 294 2572 1302 2654; baseline 0 -19"><span class='ocrx_word' id='word_1_165' title='bbox 294 2574 371 2635; x_wconf 90' lang='lat' dir='ltr'><strong>bene</strong></span> <span class='ocrx_word' id='word_1_166' title='bbox 394 2581 482 2635; x_wconf 89' lang='lat' dir='ltr'><strong>utens</strong></span> <span class='ocrx_word' id='word_1_167' title='bbox 505 2573 584 2633; x_wconf 83' lang='lat' dir='ltr'><strong>neus</strong></span> <span class='ocrx_word' id='word_1_168' title='bbox 613 2591 667 2634; x_wconf 89' lang='lat' dir='ltr'><strong>eur</strong></span> <span class='ocrx_word' id='word_1_169' title='bbox 689 2590 749 2633; x_wconf 93' lang='lat' dir='ltr'><strong>non</strong></span> <span class='ocrx_word' id='word_1_170' title='bbox 772 2575 971 2654; x_wconf 86' lang='lat' dir='ltr'><strong>permitteret,</strong></span> <span class='ocrx_word' id='word_1_171' title='bbox 1000 2582 1034 2633; x_wconf 91' lang='lat' dir='ltr'><strong>ut</strong></span> <span class='ocrx_word' id='word_1_172' title='bbox 1055 2572 1093 2633; x_wconf 90' lang='lat' dir='ltr'><strong>ab</strong></span> <span class='ocrx_word' id='word_1_173' title='bbox 1114 2573 1164 2635; x_wconf 92' lang='lat' dir='ltr'><strong>illo</strong></span> <span class='ocrx_word' id='word_1_174' title='bbox 1187 2576 1302 2653; x_wconf 88' lang='lat' dir='ltr'><strong>primus</strong></span> 
     </span>
     <span class='ocr_line' id='line_1_23' title="bbox 294 2659 1303 2743; baseline 0 -20"><span class='ocrx_word' id='word_1_175' title='bbox 294 2664 392 2743; x_wconf 90' lang='lat' dir='ltr'><strong>homo,</strong></span> <span class='ocrx_word' id='word_1_176' title='bbox 416 2663 467 2743; x_wconf 90' lang='lat' dir='ltr'><strong>qui</strong></span> <span class='ocrx_word' id='word_1_177' title='bbox 485 2671 595 2742; x_wconf 87' lang='lat' dir='ltr'><strong>rectus,</strong></span> <span class='ocrx_word' id='word_1_178' title='bbox 617 2662 674 2722; x_wconf 88' lang='lat' dir='ltr'><strong>hoe</strong></span> <span class='ocrx_word' id='word_1_179' title='bbox 693 2669 739 2722; x_wconf 89' lang='lat' dir='ltr'><strong>est</strong></span> <span class='ocrx_word' id='word_1_180' title='bbox 757 2659 851 2723; x_wconf 87' lang='lat' dir='ltr'><strong>bonae</strong></span> <span class='ocrx_word' id='word_1_181' title='bbox 870 2661 1037 2742; x_wconf 86' lang='lat' dir='ltr'><strong>voluntatis,</strong></span> <span class='ocrx_word' id='word_1_182' title='bbox 1060 2670 1178 2724; x_wconf 89' lang='lat' dir='ltr'><strong>oreatus</strong></span> <span class='ocrx_word' id='word_1_183' title='bbox 1197 2662 1303 2743; x_wconf 83' lang='lat' dir='ltr'><strong>iuerat,</strong></span> 
     </span>
     <span class='ocr_line' id='line_1_24' title="bbox 294 2745 1302 2832; baseline -0.002 -19"><span class='ocrx_word' id='word_1_184' title='bbox 294 2745 513 2830; x_wconf 84' lang='lat' dir='ltr'><strong>temptaretur?</strong></span> <span class='ocrx_word' id='word_1_185' title='bbox 550 2749 673 2821; x_wconf 86' lang='lat' dir='ltr'><strong>Quando</strong></span> <span class='ocrx_word' id='word_1_186' title='bbox 701 2749 821 2828; x_wconf 82' lang='lat' dir='ltr'><strong>qrridem</strong></span> <span class='ocrx_word' id='word_1_187' title='bbox 851 2752 895 2811; x_wconf 87' lang='lat' dir='ltr'><strong>sio</strong></span> <span class='ocrx_word' id='word_1_188' title='bbox 921 2758 985 2811; x_wconf 87' lang='lat' dir='ltr'><strong>erat</strong></span> <span class='ocrx_word' id='word_1_189' title='bbox 1011 2752 1178 2831; x_wconf 87' lang='lat' dir='ltr'><strong>institutus,</strong></span> <span class='ocrx_word' id='word_1_190' title='bbox 1206 2758 1253 2832; x_wconf 89' lang='lat' dir='ltr'><strong>ut,</strong></span> <span class='ocrx_word' id='word_1_191' title='bbox 1276 2753 1302 2811; x_wconf 88' lang='lat' dir='ltr'><strong>si</strong></span> 
     </span>
     <span class='ocr_line' id='line_1_25' title="bbox 293 2836 1301 2919; baseline -0.001 -19"><span class='ocrx_word' id='word_1_192' title='bbox 293 2840 331 2900; x_wconf 90' lang='lat' dir='ltr'><strong>de</strong></span> <span class='ocrx_word' id='word_1_193' title='bbox 363 2839 509 2901; x_wconf 88' lang='lat' dir='ltr'><strong>adiutorio</strong></span> <span class='ocrx_word' id='word_1_194' title='bbox 541 2837 595 2900; x_wconf 87' lang='lat' dir='ltr'><strong>Dei</strong></span> <span class='ocrx_word' id='word_1_195' title='bbox 626 2838 732 2899; x_wconf 86' lang='lat' dir='ltr'><strong>fideret</strong></span> <span class='ocrx_word' id='word_1_196' title='bbox 763 2836 860 2900; x_wconf 85' lang='lat' dir='ltr'><strong>bonus</strong></span> <span class='ocrx_word' id='word_1_197' title='bbox 891 2836 993 2919; x_wconf 89' lang='lat' dir='ltr'><strong>homo,</strong></span> <span class='ocrx_word' id='word_1_198' title='bbox 1024 2838 1133 2899; x_wconf 86' lang='lat' dir='ltr'><strong>maium</strong></span> <span class='ocrx_word' id='word_1_199' title='bbox 1164 2838 1301 2917; x_wconf 80' lang='lat' dir='ltr'><strong>angelum</strong></span> 
     </span>
     <span class='ocr_line' id='line_1_26' title="bbox 292 2925 1354 3006; baseline 0 -17"><span class='ocrx_word' id='word_1_200' title='bbox 292 2931 439 3006; x_wconf 81' lang='lat' dir='ltr'><strong>vinceret3</strong></span> <span class='ocrx_word' id='word_1_201' title='bbox 467 2928 493 2987; x_wconf 85' lang='lat' dir='ltr'><strong>si</strong></span> <span class='ocrx_word' id='word_1_202' title='bbox 520 2935 619 2988; x_wconf 85' lang='lat' dir='ltr'><strong>autem</strong></span> <span class='ocrx_word' id='word_1_203' title='bbox 647 2934 812 2989; x_wconf 85' lang='lat' dir='ltr'><strong>creatorem</strong></span> <span class='ocrx_word' id='word_1_204' title='bbox 835 2934 924 3005; x_wconf 86' lang='lat' dir='ltr'><strong>atque</strong></span> <span class='ocrx_word' id='word_1_205' title='bbox 947 2926 1112 2987; x_wconf 85' lang='lat' dir='ltr'><strong>adiutorem</strong></span> <span class='ocrx_word' id='word_1_206' title='bbox 1134 2925 1228 2987; x_wconf 88' lang='lat' dir='ltr'><strong>Deum</strong></span> <span class='ocrx_word' id='word_1_207' title='bbox 1252 2946 1300 2989; x_wconf 90' lang='lat' dir='ltr'><strong>su·</strong></span> <span class='ocrx_word' id='word_1_208' title='bbox 1319 2939 1354 2989; x_wconf 73' lang='lat' dir='ltr'><strong>aa</strong></span> 
     </span>
     <span class='ocr_line' id='line_1_27' title="bbox 292 3014 1301 3097; baseline -0.002 -20"><span class='ocrx_word' id='word_1_209' title='bbox 292 3015 386 3097; x_wconf 87' lang='lat' dir='ltr'><strong>perbe</strong></span> <span class='ocrx_word' id='word_1_210' title='bbox 404 3014 461 3075; x_wconf 87' lang='lat' dir='ltr'><strong>sibi</strong></span> <span class='ocrx_word' id='word_1_211' title='bbox 479 3014 620 3095; x_wconf 82' lang='lat' dir='ltr'><strong>placendo</strong></span> <span class='ocrx_word' id='word_1_212' title='bbox 639 3016 800 3095; x_wconf 83' lang='lat' dir='ltr'><strong>desereret,</strong></span> <span class='ocrx_word' id='word_1_213' title='bbox 823 3018 1006 3096; x_wconf 71' lang='lat' dir='ltr'><strong>vinceretor,</strong></span> <span class='ocrx_word' id='word_1_214' title='bbox 1027 3017 1167 3076; x_wconf 87' lang='lat' dir='ltr'><strong>meritum</strong></span> <span class='ocrx_word' id='word_1_215' title='bbox 1190 3014 1301 3077; x_wconf 86' lang='lat' dir='ltr'><strong>bonurn</strong></span> 
     </span>
     <span class='ocr_line' id='line_1_28' title="bbox 292 3102 1300 3183; baseline 0 -19"><span class='ocrx_word' id='word_1_216' title='bbox 292 3102 406 3164; x_wconf 88' lang='lat' dir='ltr'><strong>habens</strong></span> <span class='ocrx_word' id='word_1_217' title='bbox 427 3104 459 3163; x_wconf 91' lang='lat' dir='ltr'><strong>in</strong></span> <span class='ocrx_word' id='word_1_218' title='bbox 477 3102 576 3163; x_wconf 89' lang='lat' dir='ltr'><strong>adiuta</strong></span> <span class='ocrx_word' id='word_1_219' title='bbox 594 3103 735 3165; x_wconf 81' lang='lat' dir='ltr'><strong>divinitus</strong></span> <span class='ocrx_word' id='word_1_220' title='bbox 758 3102 908 3164; x_wconf 87' lang='lat' dir='ltr'><strong>voluntate</strong></span> <span class='ocrx_word' id='word_1_221' title='bbox 931 3112 1021 3183; x_wconf 92' lang='lat' dir='ltr'><strong>reeta,</strong></span> <span class='ocrx_word' id='word_1_222' title='bbox 1044 3102 1153 3163; x_wconf 88' lang='lat' dir='ltr'><strong>malum</strong></span> <span class='ocrx_word' id='word_1_223' title='bbox 1176 3107 1300 3164; x_wconf 88' lang='lat' dir='ltr'><strong>veroin</strong></span> 
     </span>
     <span class='ocr_line' id='line_1_29' title="bbox 292 3189 1299 3271; baseline -0.001 -18"><span class='ocrx_word' id='word_1_224' title='bbox 292 3193 450 3253; x_wconf 86' lang='lat' dir='ltr'><strong>deserente</strong></span> <span class='ocrx_word' id='word_1_225' title='bbox 469 3189 562 3252; x_wconf 75' lang='lat' dir='ltr'><strong>Derim</strong></span> <span class='ocrx_word' id='word_1_226' title='bbox 581 3192 730 3253; x_wconf 85' lang='lat' dir='ltr'><strong>voluntate</strong></span> <span class='ocrx_word' id='word_1_227' title='bbox 748 3208 897 3270; x_wconf 85' lang='lat' dir='ltr'><strong>perversa.</strong></span> <span class='ocrx_word' id='word_1_228' title='bbox 942 3190 1017 3263; x_wconf 84' lang='lat' dir='ltr'><strong>Quia</strong></span> <span class='ocrx_word' id='word_1_229' title='bbox 1034 3199 1066 3251; x_wconf 91' lang='lat' dir='ltr'><strong>et</strong></span> <span class='ocrx_word' id='word_1_230' title='bbox 1087 3194 1185 3271; x_wconf 89' lang='lat' dir='ltr'><strong>ipsum</strong></span> <span class='ocrx_word' id='word_1_231' title='bbox 1207 3191 1299 3253; x_wconf 76' lang='lat' dir='ltr'><strong>didere</strong></span> 
     </span>
     <span class='ocr_line' id='line_1_30' title="bbox 290 3278 1300 3360; baseline 0 -19"><span class='ocrx_word' id='word_1_232' title='bbox 290 3281 329 3341; x_wconf 74' lang='lat' dir='ltr'><strong>&#39;de</strong></span> <span class='ocrx_word' id='word_1_233' title='bbox 359 3278 503 3341; x_wconf 86' lang='lat' dir='ltr'><strong>adiutorio</strong></span> <span class='ocrx_word' id='word_1_234' title='bbox 527 3278 580 3340; x_wconf 86' lang='lat' dir='ltr'><strong>Dei</strong></span> <span class='ocrx_word' id='word_1_235' title='bbox 610 3298 669 3341; x_wconf 92' lang='lat' dir='ltr'><strong>non</strong></span> <span class='ocrx_word' id='word_1_236' title='bbox 697 3279 817 3359; x_wconf 87' lang='lat' dir='ltr'><strong>quidem</strong></span> <span class='ocrx_word' id='word_1_237' title='bbox 843 3288 946 3359; x_wconf 88' lang='lat' dir='ltr'><strong>posset</strong></span> <span class='ocrx_word' id='word_1_238' title='bbox 972 3282 1036 3341; x_wconf 91' lang='lat' dir='ltr'><strong>sine</strong></span> <span class='ocrx_word' id='word_1_239' title='bbox 1063 3280 1209 3341; x_wconf 88' lang='lat' dir='ltr'><strong>adiutorio</strong></span> <span class='ocrx_word' id='word_1_240' title='bbox 1237 3279 1300 3360; x_wconf 81' lang='lat' dir='ltr'><strong>Dei,</strong></span> 
     </span>
     <span class='ocr_line' id='line_1_31' title="bbox 292 3366 1354 3453; baseline 0.001 -24"><span class='ocrx_word' id='word_1_241' title='bbox 292 3386 349 3429; x_wconf 87' lang='lat' dir='ltr'><strong>nee</strong></span> <span class='ocrx_word' id='word_1_242' title='bbox 371 3376 470 3429; x_wconf 86' lang='lat' dir='ltr'><strong>tamen</strong></span> <span class='ocrx_word' id='word_1_243' title='bbox 496 3367 564 3429; x_wconf 90' lang='lat' dir='ltr'><strong>ideo</strong></span> <span class='ocrx_word' id='word_1_244' title='bbox 587 3367 692 3429; x_wconf 82' lang='lat' dir='ltr'><strong>abhis</strong></span> <span class='ocrx_word' id='word_1_245' title='bbox 715 3367 829 3429; x_wconf 81' lang='lat' dir='ltr'><strong>divinae</strong></span> <span class='ocrx_word' id='word_1_246' title='bbox 852 3370 963 3453; x_wconf 73' lang='lat' dir='ltr'><strong>gratiae</strong></span> <span class='ocrx_word' id='word_1_247' title='bbox 986 3367 1137 3429; x_wconf 85' lang='lat' dir='ltr'><strong>benefieiis</strong></span> <span class='ocrx_word' id='word_1_248' title='bbox 1160 3366 1218 3429; x_wconf 87' lang='lat' dir='ltr'><strong>sibi</strong></span> <span class='ocrx_word' id='word_1_249' title='bbox 1239 3368 1299 3447; x_wconf 92' lang='lat' dir='ltr'><strong>pla·</strong></span> <span class='ocrx_word' id='word_1_250' title='bbox 1318 3380 1354 3430; x_wconf 75' lang='lat' dir='ltr'><strong>ao</strong></span> 
     </span>
    </p>
   </div>
   <div class='ocr_carea' id='block_1_6' title="bbox 366 3500 596 3573">
    <p class='ocr_par' dir='ltr' id='par_1_6' title="bbox 366 3500 596 3573">
     <span class='ocr_line' id='line_1_32' title="bbox 366 3500 596 3573; baseline -0.017 -15"><span class='ocrx_word' id='word_1_251' title='bbox 366 3500 473 3573; x_wconf 76' lang='lat' dir='ltr'><strong>ro)1³e.</strong></span> <span class='ocrx_word' id='word_1_252' title='bbox 493 3507 552 3568; x_wconf 89' lang='lat'><strong>110,</strong></span> <span class='ocrx_word' id='word_1_253' title='bbox 571 3506 596 3554; x_wconf 82' lang='lat'><strong>2.</strong></span> 
     </span>
    </p>
   </div>
   <div class='ocr_carea' id='block_1_7' title="bbox 288 3614 502 3624">
    <p class='ocr_par' dir='ltr' id='par_1_7' title="bbox 288 3614 502 3624">
     <span class='ocr_line' id='line_1_33' title="bbox 288 3614 502 3624; baseline -0.014 0"><span class='ocrx_word' id='word_1_254' title='bbox 288 3614 502 3624; x_wconf 79' lang='lat'><strong>...-—..--—-</strong></span> 
     </span>
    </p>
   </div>
   <div class='ocr_carea' id='block_1_8' title="bbox 292 3678 1303 3821">
    <p class='ocr_par' dir='ltr' id='par_1_8' title="bbox 292 3678 1303 3821">
     <span class='ocr_line' id='line_1_34' title="bbox 362 3678 1303 3760; baseline 0.004 -28"><span class='ocrx_word' id='word_1_255' title='bbox 362 3686 379 3732; x_wconf 83' lang='lat'>4</span> <span class='ocrx_word' id='word_1_256' title='bbox 396 3680 470 3734; x_wconf 77' lang='lat' dir='ltr'><strong>iuste</strong></span> <span class='ocrx_word' id='word_1_257' title='bbox 483 3679 523 3744; x_wconf 81' lang='lat' dir='ltr'><strong>A;</strong></span> <span class='ocrx_word' id='word_1_258' title='bbox 541 3680 618 3733; x_wconf 82' lang='lat' dir='ltr'><strong>iusta</strong></span> <span class='ocrx_word' id='word_1_259' title='bbox 638 3678 863 3748; x_wconf 79' lang='lat' dir='ltr'><strong>VFGode²lpu</strong></span> <span class='ocrx_word' id='word_1_260' title='bbox 875 3683 918 3751; x_wconf 74' lang='grc'><strong>[16</strong></span> <span class='ocrx_word' id='word_1_261' title='bbox 935 3683 964 3736; x_wconf 85' lang='lat' dir='ltr'><strong>ei</strong></span> <span class='ocrx_word' id='word_1_262' title='bbox 982 3683 1027 3753; x_wconf 89' lang='lat' dir='ltr'><strong>ex]</strong></span> <span class='ocrx_word' id='word_1_263' title='bbox 1043 3684 1117 3752; x_wconf 75' lang='lat' dir='ltr'><strong>d(=</strong></span> <span class='ocrx_word' id='word_1_264' title='bbox 1131 3686 1184 3754; x_wconf 79' lang='lat' dir='ltr'><strong>ned)</strong></span> <span class='ocrx_word' id='word_1_265' title='bbox 1203 3702 1237 3740; x_wconf 86' lang='lat' dir='ltr'><strong>ex</strong></span> <span class='ocrx_word' id='word_1_266' title='bbox 1250 3689 1303 3760; x_wconf 70' lang='lat' dir='ltr'><strong>Fp</strong></span> 
     </span>
     <span class='ocr_line' id='line_1_35' title="bbox 292 3748 856 3821; baseline -0.002 -14"><span class='ocrx_word' id='word_1_267' title='bbox 292 3758 325 3807; x_wconf 82' lang='lat'><strong>13</strong></span> <span class='ocrx_word' id='word_1_268' title='bbox 343 3750 552 3821; x_wconf 78' lang='lat' dir='ltr'><strong>prouidentiam</strong></span> <span class='ocrx_word' id='word_1_269' title='bbox 571 3753 608 3817; x_wconf 73' lang='lat' dir='ltr'><strong>Vi</strong></span> <span class='ocrx_word' id='word_1_270' title='bbox 626 3765 706 3819; x_wconf 88' lang='lat' dir='ltr'><strong>prou.</strong></span> <span class='ocrx_word' id='word_1_271' title='bbox 725 3748 777 3805; x_wconf 89' lang='lat' dir='ltr'><strong>Dei</strong></span> <span class='ocrx_word' id='word_1_272' title='bbox 791 3767 856 3820; x_wconf 72' lang='lat' dir='ltr'><strong>ppo</strong></span> 
     </span>
    </p>
   </div>
   <div class='ocr_carea' id='block_1_9' title="bbox 0 0 1648 4459">
    <p class='ocr_par' dir='ltr' id='par_1_9' title="bbox 0 0 1648 4459">
     <span class='ocr_line' id='line_1_36' title="bbox 0 0 1648 4459; baseline 0 0"><span class='ocrx_word' id='word_1_273' title='bbox 0 0 1648 4459; x_wconf 95' lang='lat' dir='ltr'><strong> </strong></span> 
     </span>
    </p>
   </div>
  </div>
 </body>
</html>
