3284 4459
565 547 605 587 ou
619 546 762 588 omum
776 546 830 587 our
843 546 869 588 n.
882 548 944 588 nv.
958 547 982 588 c.
996 552 1015 589 o.
1252 534 1291 596 17

285 690 342 761 ter,
365 680 438 741 illud
456 683 554 742 inveni
578 679 656 759 quod
680 684 721 741 ait
742 682 901 761 propheta:
924 684 990 744 Nou
1013 689 1058 743 est
1077 685 1218 757 paudere
1239 687 1292 743 im-

281 773 352 851 piis,
376 772 452 831 dicit
469 771 616 831 Dominus
621 790 634 840 ,·
655 778 804 847 tamquam
828 771 911 849 impii
933 769 1035 830 laetari
1057 772 1172 849 possint
1194 774 1294 850 potius

284 875 372 936 quom
400 858 528 936 gaudere
556 856 593 916 de
621 857 718 937 malis,
751 860 819 935 quia
843 857 982 935 gaudium
1004 860 1124 937 proprie
1146 857 1292 920 bonorum

282 954 314 1006 et
332 947 450 1025 piorum
469 954 524 1006 est.
561 944 635 1005 ltem
655 943 727 1005 illud
746 947 778 1005 iu
793 945 957 1024 evangelio:
979 948 1193 1021 Quaecumque
1205 951 1294 1009 volut

283 1042 319 1094 ut
338 1033 463 1109 fuciunt
484 1036 567 1095 uobis
588 1034 732 1107 homiues,
755 1036 833 1095 duee
855 1042 888 1094 et
907 1051 958 1095 uos
978 1033 1076 1109 facite
1098 1038 1165 1109 illes,
1188 1038 1228 1096 ita
1251 1035 1329 1095 dio

284 1130 366 1183 ctum
386 1121 512 1203 videtur,
534 1130 683 1199 tamquam
707 1139 793 1181 nemo
816 1124 912 1200 possit
932 1121 1042 1200 aliquid
1066 1122 1140 1183 male
1161 1123 1208 1183 vel
1230 1131 1292 1184 tur·

285 1213 362 1289 piter
386 1210 474 1291 velle,
501 1209 552 1270 sed
584 1226 702 1288 cupere.
748 1208 882 1288 Denique
903 1219 1027 1289 propter
1048 1210 1292 1271 consuetudinem

284 1298 445 1359 locutionis
472 1297 606 1358 nonnulli
633 1299 813 1377 interpretes
841 1296 1020 1358 addiderunt
1045 1294 1167 1378 „boua“
1193 1307 1224 1359 et
1252 1300 1292 1359 ita

286 1388 473 1465 interpretati
505 1394 587 1446 sunt:
623 1384 860 1466 ‚,Quaecumque
892 1385 980 1445 vultis
1009 1395 1043 1446 ut
1076 1387 1183 1446 iaciant
1209 1386 1292 1446 robis

287 1474 421 1535 homines
439 1468 544 1549 bona.“
579 1472 747 1534 Cavendum
766 1475 844 1533 enim
868 1482 1055 1555 putaverunt,
1076 1492 1115 1533 ne
1138 1476 1293 1553 quisquam
1313 1488 1348 1535 10

287 1561 443 1623 inhonesta
464 1562 536 1622 velit
559 1560 615 1621 sibi
638 1562 703 1622 deri
726 1560 762 1620 ab
786 1559 968 1642 homiuibus,
995 1569 1029 1621 ut
1052 1561 1087 1621 de
1109 1561 1294 1641 turpioribus

285 1661 408 1729 tecuam,
431 1659 513 1710 certe
536 1650 686 1709 luxuriosa
710 1650 857 1728 convivia,
879 1651 910 1709 in
934 1649 1043 1727 quibus
1065 1668 1107 1731 se,
1129 1652 1155 1710 si
1177 1653 1293 1730 etipse

284 1739 343 1799 illis
374 1739 475 1820 iaciat,
502 1737 559 1798 hoo
593 1746 784 1816 praeceptum
814 1740 962 1797 existimet
992 1737 1190 1817 impleturum.
1236 1738 1294 1799 Sed

284 1829 315 1887 in
347 1826 460 1887 Graeco
491 1826 654 1905 evangelio,
692 1825 771 1886 unde
803 1828 834 1885 in
866 1824 1003 1885 latinum
1034 1826 1207 1887 translatum
1240 1834 1295 1907 est,

286 1933 346 1975 non
369 1914 478 1993 legitur
505 1909 636 1994 ‚‚bona“,
672 1914 737 1975 sed:
774 1916 986 1988 Quaecumque
1008 1918 1097 1976 uultis
1119 1923 1154 1976 ut
1172 1915 1297 1991 fuciunt
1314 1926 1347 1975 15

285 2004 369 2063 uobis
396 2006 541 2074 homiues,
572 2004 649 2062 liuec
672 2009 702 2062 et
723 2020 774 2063 uos
794 2001 893 2077 facite
915 2005 991 2073 illim
1017 2002 1107 2062 eredo
1130 2011 1295 2082 propterea,

286 2092 355 2168 quia
385 2092 416 2150 in
440 2108 475 2150 eo
500 2089 578 2168 quod
602 2090 675 2150 dixit
698 2094 799 2164 uultis,
827 2092 885 2149 iam
908 2087 1000 2150 voluit
1023 2090 1153 2169 intellegi
1173 2085 1294 2171 ,‚bona“.

286 2178 351 2238 Non
375 2181 454 2238 enim
477 2180 517 2237 ait
540 2172 691 2258 ‚,cupitis“.

377 2266 443 2326 Non
471 2274 569 2326 tamen
600 2283 717 2345 semper
739 2265 786 2326 his
808 2264 1040 2345 proprietatibus
1062 2266 1171 2326 locutio
1195 2275 1295 2327 nostru

288 2354 429 2414 frenanda
448 2362 502 2434 est,
525 2352 576 2413 sed
594 2352 744 2413 interdum
762 2354 809 2413 his
832 2354 975 2413 utendum
999 2362 1057 2433 est3
1081 2361 1111 2413 et
1134 2372 1201 2413 cum
1224 2353 1294 2433 legi·
1313 2367 1349 2415 20

288 2460 355 2503 mus
383 2460 447 2523 eoo,
475 2458 602 2521 quorum
637 2443 805 2502 atteteritati
832 2440 977 2502 resultare
1004 2442 1048 2501 ias
1078 2459 1137 2501 non
1165 2449 1224 2523 est,
1253 2442 1294 2502 ibi

286 2538 359 2590 sunt
385 2529 612 2609 intellegendae,
642 2528 693 2589 uhi
721 2538 823 2589 rectus
850 2547 956 2590 sensus
984 2528 1073 2590 udum
1101 2531 1212 2590 exitum
1235 2548 1294 2590 non

255 2674 260 2685 ,
287 2625 388 2697 potest
409 2620 555 2697 invenire;
580 2620 657 2677 sieut
680 2620 735 2678 ista
759 2625 842 2695 sunt,
865 2636 941 2695 quae
964 2617 1206 2697 exempli-gratia
1228 2636 1294 2697 par-

286 2708 342 2771 tim
370 2724 405 2765 cx
432 2705 589 2785 propheto,
615 2708 723 2785 partim
751 2724 786 2766 ex
814 2704 964 2783 evangelio
993 2708 1294 2767 commemoravimus.

285 2794 362 2865 Quis
386 2796 465 2853 enim
483 2795 579 2854 nescit
600 2795 707 2873 impios
729 2793 862 2855 exultare
885 2789 1017 2853 laetitia?
1040 2802 1070 2855 et
1092 2802 1205 2856 tamen:
1227 2797 1293 2857 ll'on
1313 2808 1347 2857 to

189 2876 191 2887 '
284 2888 332 2943 est
343 2885 483 2957 paudere
497 2884 602 2957 impiis,
617 2884 694 2942 dicit
706 2883 859 2943 Dominus.
907 2880 998 2963 Unde,
1013 2882 1069 2941 nisi
1084 2884 1151 2960 quia
1165 2883 1293 2960 gaudere

284 2969 366 3030 aliud
386 2978 441 3049 est,
464 2967 579 3048 quando
598 2971 718 3049 proprie
737 2972 909 3049 signateque
928 2968 984 3030 hoc
1007 2968 1131 3033 verbum
1154 2968 1295 3049 ponitur?

285 3058 360 3119 ltem
396 3059 462 3135 quis
494 3059 644 3134 negaverit
676 3076 734 3117 non
766 3067 847 3118 recte
881 3060 1013 3137 praecipi
1046 3056 1230 3139 hominibus,
1262 3067 1296 3119 ut

283 3163 492 3225 quaecumque
521 3143 557 3203 ab
586 3144 649 3203 aliis
677 3143 732 3204 sibi
760 3146 825 3206 lieri
852 3148 989 3225 copiunt,
1019 3146 1091 3207 haec
1119 3148 1163 3206 eis
1185 3156 1215 3207 et
1237 3150 1294 3226 ipsi

286 3234 409 3313 iaciant3
440 3251 477 3293 ne
501 3250 533 3292 se
556 3234 681 3292 invicem
704 3233 887 3312 turpitudine
911 3233 1040 3294 inlicitae
1063 3233 1220 3313 voluptatis
1243 3233 1293 3294 ob·
1313 3248 1349 3295 30

287 3318 420 3383 lectent?
458 3329 489 3381 et
525 3330 622 3380 tomen
664 3318 892 3383 saluberrimum
927 3324 1173 3401 verissimumque
1208 3342 1291 3403 prae-

286 3418 410 3489 ceptum
429 3416 489 3469 est:
516 3410 729 3484 Quaecumque
746 3414 836 3470 uultis
853 3419 887 3471 ut
905 3408 1028 3485 fuciunt
1049 3412 1132 3471 uobis
1153 3412 1294 3486 homiues,

358 3546 386 3611 u)
406 3542 479 3597 usai.
498 3547 542 3609 su,
560 3547 604 3597 ur.
640 3546 667 3610 o)
686 3542 735 3599 Mt.
756 3549 780 3611 r,
800 3549 842 3598 12.

285 3665 499 3675 ——.—

359 3736 392 3785 13
412 3731 513 3857 iaciopp
535 3729 635 3783 faciut.
648 3729 753 3785 similia
769 3748 787 3813 u
804 3732 814 3799 ΙΙ
833 3736 866 3785 19
884 3730 929 3784 hie
948 3745 978 3784 se
996 3731 1025 3784 A
1043 3728 1157 3800 (hiecei)
1175 3730 1185 3797 ΙΙ
1203 3733 1236 3781 22
1255 3729 1298 3781 in-

286 3801 464 3872 tellegendae
514 3818 544 3868 υς
563 3800 636 3854 -do
657 3802 695 3868 63
714 3801 780 3854 —d1
800 3802 960 3870 VAoirelp.

340 3910 397 3941 uuo.
411 3910 443 3941 ne
457 3910 503 3941 err.
518 3910 567 3941 oni.
590 3900 621 3939 11.
1068 3890 1084 3938 2
