3284 4459
315 561 390 626 -342
602 569 604 574 ·
731 569 752 614 s.
766 571 930 614 aususamr

320 711 378 770 isti
408 709 448 769 dii
478 708 531 786 qui
558 714 641 787 siunt,
668 708 720 785 qui
747 713 873 786 possunt
899 707 956 766 ista
983 705 1156 785 praedicere
1184 724 1239 766 nec
1268 698 1337 786 pos*

318 806 397 858 sunt
421 803 568 875 avertere,
597 797 638 856 ita
660 793 890 856 succumbentes
912 795 965 853 uni
987 793 1120 854 malefico
1143 803 1175 855 et
1196 797 1250 856 uni
1272 810 1337 855 sce·

321 879 382 946 leri
410 885 539 965 magico,
569 901 628 962 quo
655 900 746 963 puer,
773 891 807 942 ut
834 880 953 961 dicunt,
979 880 1135 943 anniculus
1165 884 1283 943 occisus
1303 891 1339 943 'et

322 972 484 1033 dilaniatus
507 979 538 1032 et
560 974 620 1032 ritu
644 971 756 1031 nelarie
780 969 916 1049 sepultus
938 979 993 1050 est,
1017 978 1050 1030 ut
1072 978 1184 1030 sectam
1208 969 1264 1031 sibi
1286 970 1342 1030 ad‹

289 1069 308 1122 a
327 1062 486 1121 versariam
505 1067 564 1119 tam
582 1058 696 1139 prolixo
715 1065 849 1136 tempore
867 1057 1082 1138 convalescere,
1106 1065 1150 1118 tot
1172 1065 1337 1119 tantarum·

327 1167 385 1228 que
407 1150 649 1228 persecutionum
672 1146 836 1207 horrendas
864 1144 1055 1206 crudelitates
1078 1164 1137 1206 uon
1160 1147 1339 1228 resistendo,

326 1237 379 1297 sed
405 1236 544 1316 patiendo
573 1253 714 1314 superare
742 1242 772 1295 et
799 1233 836 1293 ad
866 1251 990 1294 suorum
1013 1233 1240 1295 simulacrorum
1262 1242 1337 1295 tem'-

326 1324 457 1405 plorum,
484 1341 637 1384 sacrorum
665 1322 854 1384 oraculorum
883 1323 1067 1382 eversionem
1089 1324 1246 1401 pervenire
1268 1340 1338 1402 per-

326 1407 501 1474 mitterent?
546 1409 619 1482 Quis
649 1419 799 1490 postremo
831 1419 878 1470 est
898 1408 988 1490 deus,
1014 1427 1074 1469 non
1098 1418 1200 1471 noster
1223 1413 1339 1490 utique,

277 1515 308 1564 to
326 1500 378 1562 sed
406 1503 554 1580 ipsorum,
583 1500 635 1578 qui
661 1498 706 1559 rel
733 1497 861 1559 inlectus
889 1505 971 1557 tanto
994 1496 1107 1557 sceiere
1130 1497 1177 1558 vel
1199 1499 1338 1576 inpulsus

326 1596 372 1650 est
400 1590 456 1649 ista
484 1582 658 1666 praestare?
702 1585 766 1647 Non
799 1587 879 1646 enim
907 1585 995 1646 alicui
1018 1585 1172 1665 daemoni,
1203 1587 1256 1647 scd
1278 1585 1338 1646 deo

326 1677 430 1737 dicunt
461 1675 503 1735 illi
534 1692 655 1736 versus·
674 1674 746 1734 haec
778 1673 901 1734 Petrum
938 1681 1001 1734 arte
1038 1675 1150 1752 magica
1187 1674 1338 1736 delinisse

326 1763 427 1824 Talem
450 1763 538 1824 deum
562 1762 680 1843 hahent,
703 1765 754 1842 qui
767 1761 929 1823 -Christum
952 1779 1012 1822 non
1035 1761 1153 1822 habent.

714 2003 834 2072 Carus
859 2003 942 2068 LIV.

276 2168 308 2216 15
349 2154 395 2214 Ile
416 2155 588 2214 stultissimo
611 2153 768 2212 mendacio
787 2167 995 2228 papauerum,
1023 2167 1082 2224 quo
1109 2151 1313 2211 directionum

393 2244 569 2317 relipt‘onem
591 2257 651 2301 non
674 2243 757 2299 ultro
780 2246 930 2299 trecentos
952 2241 1115 2313 sesopinta
1137 2241 1269 2313 quinque

547 2345 643 2389 annos
664 2344 841 2387 mansuram
863 2344 928 2386 esce
947 2327 1113 2400 finxerant.
1312 2321 1315 2330 '

415 2469 495 2530 llaec
513 2476 601 2547 atque
625 2467 714 2527 huius
737 2466 817 2526 modi
840 2466 932 2527 multa
955 2466 1132 2546 colligerem,
1155 2469 1182 2526 si
1204 2468 1338 2530 nondum

327 2577 422 2620 annus
452 2561 515 2636 ipse
548 2558 715 2634 transisset,
748 2571 837 2633 mem
869 2555 1008 2615 divinatio
1042 2555 1109 2615 licta
1139 2557 1275 2632 promisit
1305 2565 1339 2618 et

275 2660 309 2708 20
328 2647 450 2725 decepta
487 2645 598 2704 vanitas
634 2642 769 2704 credidit..
815 2641 890 2703 Cum
922 2660 1008 2721 roro,
1044 2659 1080 2702 ex
1112 2660 1171 2721 quo
1208 2645 1339 2707 nominis

328 2733 440 2795 Christi
463 2731 561 2793 cultus
585 2748 640 2810 per
662 2733 727 2791 eius
750 2733 780 2790 in
804 2748 893 2790 carne
916 2732 1114 2810 praesentiam
1137 2739 1168 2790 et
1189 2749 1244 2810 per
1267 2749 1338 2810 apo-

328 2821 418 2883 stolos
454 2821 609 2880 institutus
640 2827 686 2879 est
698 2866 707 2898 ,
738 2826 805 2879 ante
839 2818 951 2895 aliquot
984 2835 1076 2878 annos
1108 2820 1176 2879 anni
1208 2823 1339 2882 trecenti

328 2910 477 2988 sexaginta
510 2908 641 2986 qrrtnque
672 2905 810 2986 completi
841 2915 923 2983 suut,
948 2905 1019 2985 quid
1047 2906 1125 2967 aliud
1156 2910 1339 2990 quaerimus,

329 2997 407 3059 unde
434 2999 490 3057 ista
518 2994 628 3056 salsitas
656 2990 829 3055 refellatur?
874 2993 913 3055 Ut
939 2996 1017 3055 enirn
1046 2997 1076 3054 in
1100 2993 1211 3055 Christi
1233 2997 1338 3056 nativi·

276 3097 309 3146 aa
329 3094 389 3147 tate
412 3084 502 3144 huius
525 3086 569 3145 rei
592 3101 651 3143 non
674 3100 818 3162 ponamus
840 3084 974 3162 initium,
997 3085 1066 3164 quia
1088 3083 1186 3143 inians
1208 3091 1239 3143 et
1260 3101 1340 3162 puer

328 3171 488 3251 discipulos
507 3189 566 3232 non
584 3169 718 3250 habebat,
741 3178 841 3231 tamen
864 3170 982 3248 quando
1005 3170 1114 3231 habere
1138 3173 1245 3251 coepit,
1268 3189 1339 3249 pro-

328 3261 377 3323 cul
399 3259 490 3321 dubio
512 3267 584 3320 tunc
611 3253 740 3319 innotuit
768 3276 823 3336 per
846 3261 910 3319 eius
934 3258 1117 3337 corporalem
1139 3261 1338 3337 praesentiam

328 3350 462 3410 doctrina
495 3355 525 3407 et
556 3346 659 3425 religio
692 3345 873 3426 Christiana,
903 3346 933 3406 id
963 3355 1024 3425 est,
1055 3355 1158 3426 postea
1185 3364 1273 3426 quam
1304 3349 1336 3407 in

328 3437 417 3498 lluvio
436 3435 559 3495 lordane
578 3435 742 3495 ministerio
762 3433 900 3494 lobannis
923 3442 969 3494 est
991 3433 1164 3512 baptizatus.
1209 3433 1340 3514 Propter

275 3525 383 3587 adhoc
408 3526 486 3584 enim
509 3522 545 3582 de
569 3521 618 3582 illo
636 3521 791 3600 prophetia
813 3520 863 3582 illa
886 3530 1101 3600 praecesserat:
1124 3523 1341 3584 Dominabitur

328 3631 349 3673 o
372 3615 453 3672 mori
474 3627 569 3685 usque
598 3612 642 3670 od
663 3625 748 3671 more
771 3617 801 3670 et
823 3627 844 3669 a
862 3611 990 3683 flumine
1011 3611 1340 3684 atquecatervarum

401 3767 414 3814 1
435 3761 464 3814 di
478 3761 505 3814 R
518 3763 528 3830 ll
542 3767 557 3814 2
573 3763 682 3814 uertens
696 3760 723 3815 R
736 3763 746 3829 l
760 3766 775 3812 3
790 3760 867 3827 quod
878 3760 938 3815 ΓΘ
951 3763 961 3828 li
975 3761 1146 3816 diciturAe¹
1159 3766 1169 3832 l
1182 3768 1198 3817 8
1213 3764 1341 3818 oraculo

328 3847 444 3900 rumque
458 3831 518 3886 ΡΘ
531 3833 541 3900 Ι
555 3835 570 3883 9
585 3829 634 3897 qni
648 3830 676 3885 R
688 3833 697 3898 ΙΙ
712 3835 744 3882 23
758 3832 824 3883 sunt
837 3831 1000 3900 nmdsap
1014 3834 1061 3898 (ef.
1076 3837 1140 3898 322,
1155 3838 1262 3903 ὅψεως
1282 3836 1342 3890 sint

329 3904 377 3957 Ao
394 3904 404 3972 ΙΙ
422 3907 455 3954 25
474 3901 579 3970 infans]
598 3901 662 3954 ltine
679 3900 750 3954 redit
767 3901 824 3954 cod.
839 3919 857 3970 p
874 3903 883 3969 ll
902 3906 936 3954 30
954 3918 1090 3970 praecess.
1111 3904 1207 3957 dicens
1226 3906 1276 3959 Fu

314 4095 453 4154 A
