3284 4459
554 516 936 559 nnc1v1nsnnnn1nxrv.
950 517 1007 559 co.
1255 502 1296 566 19

289 669 346 713 nus
378 653 464 713 testis
491 659 538 713 est
566 669 689 731 versus,
720 650 772 712 uhi
802 650 856 711 hes
887 659 1027 730 quattuor
1053 649 1296 730 perturbationes

288 757 403 801 summa
425 738 568 801 brevitate
591 739 763 819 complexus
784 747 845 801 est:

376 882 455 943 Hinc
475 885 615 971 metuunt
637 882 828 959 cupiuntque,
851 881 953 941 doloni
975 882 1175 959 gaudentque

288 1022 369 1083 Dixit
390 1025 478 1083 etiam
500 1021 580 1082 idenr
604 1029 722 1083 auctor:

590 1128 673 1188 Melo
694 1129 804 1188 mentis
827 1129 947 1205 gnudin.
1316 1139 1333 1188 ὁ

377 1251 505 1312 Proinde
523 1250 627 1312 volunt
644 1258 749 1312 cavent
764 1250 894 1329 gaudent
912 1249 1029 1311 othoni
1051 1259 1082 1311 et
1104 1250 1186 1332 maii3
1209 1259 1297 1329 atque

289 1348 325 1402 ut
342 1340 444 1400 eadem
463 1338 527 1400 aliis
546 1337 644 1399 verbis
662 1340 862 1419 enuntiemus,
884 1341 1009 1418 cupiunt
1026 1341 1132 1400 timent
1151 1338 1298 1400 laetantur

290 1437 321 1490 et
342 1426 414 1488 boni
437 1435 468 1487 et
491 1425 572 1507 mali3
595 1426 647 1487 sed
670 1426 712 1487 illi
735 1426 827 1509 bene,
847 1428 898 1489 isti
920 1426 1005 1509 maie,
1028 1429 1106 1488 sicut
1128 1426 1298 1487 hominibus

290 1534 343 1577 seu
366 1523 447 1577 recta
476 1533 528 1575 seu
556 1533 695 1593 perversa
717 1513 853 1577 voluntas
875 1523 930 1575 est.
976 1514 1042 1595 ipsa
1064 1533 1184 1593 qnoque
1205 1516 1296 1575 tristi·

289 1606 338 1685 tia,
360 1622 416 1684 pro
435 1622 493 1682 qua
512 1602 604 1663 Stoici
622 1602 696 1663 nihil
714 1604 744 1663 in
769 1604 867 1662 animo
892 1603 1035 1682 sapientis
1060 1603 1187 1663 inveniri
1207 1620 1296 1684 posse
1319 1616 1351 1664 10

289 1699 482 1773 putaverunt,
511 1692 661 1771 reperitur
688 1692 719 1751 in
746 1690 825 1751 bono
856 1699 885 1751 et
913 1694 1036 1751 maxime
1065 1690 1143 1769 opud
1169 1699 1297 1751 nostros.

289 1781 364 1841 Nam
386 1779 485 1840 iaudat
512 1778 661 1858 apostolus
684 1777 866 1859 Corinthios,
896 1777 975 1857 quod
998 1780 1164 1839 contristati
1187 1779 1299 1840 inerint

290 1867 455 1930 secundum
473 1865 575 1928 licum.
613 1865 674 1927 Sed
694 1866 821 1927 fortasse
845 1868 912 1946 quis
931 1866 1040 1928 dixerit
1055 1864 1115 1927 iilis
1132 1865 1298 1945 apostolum

289 1958 383 2018 fuisse
406 1954 657 2034 congratulatum,
687 1953 766 2033 quod
789 1955 956 2015 contristati
979 1955 1090 2015 fuerint
1111 1954 1298 2036 paenitendo,

290 2044 386 2125 qualis
408 2044 541 2125 tristitia,
564 2044 622 2103 nisi
644 2060 750 2103 eorum
772 2044 823 2121 qui
844 2044 1040 2122 peccaverint,
1062 2060 1128 2102 esse
1151 2060 1210 2103 non
1233 2052 1351 2121 pot-15

291 2140 344 2194 est
390 2130 433 2192 ita
465 2133 544 2192 enim
576 2130 660 2192 dicit:
696 2130 787 2192 Video
815 2133 898 2205 quod
923 2133 1051 2207 epistula
1079 2134 1144 2204 iilo,
1172 2134 1229 2192 etsi
1256 2134 1300 2191 od

289 2223 407 2294 iorem,
426 2222 617 2281 contristavit
630 2236 697 2291 con·
720 2237 801 2279 nnnc
812 2221 943 2294 pendeo,
965 2236 1026 2279 non
1039 2222 1114 2293 puio
1127 2222 1301 2281 contristati

290 2312 371 2382 estis,
392 2310 449 2369 sed
469 2311 542 2383 quio
565 2310 739 2369 contristati
760 2310 831 2368 estis
854 2309 1132 2384 inpoenitentium.
1182 2307 1298 2367 Contri-

289 2399 365 2458 rioti
391 2398 470 2457 enim
496 2399 567 2457 estes
594 2397 759 2457 secundnm
783 2396 892 2469 Deum,
920 2401 954 2455 ut
976 2398 1008 2455 in
1032 2398 1113 2456 nulio
1136 2396 1297 2455 detrimen-

291 2493 354 2546 tum
378 2486 543 2562 potiamini
572 2502 612 2544 en
639 2485 732 2544 nobis.
783 2484 869 2555 Once
899 2486 978 2543 enim
1006 2484 1172 2543 secundum
1201 2484 1298 2543 Deum
1318 2495 1355 2545 20

290 2580 337 2635 ert
350 2575 483 2646 tristitia,
498 2574 717 2649 poenitentiam
732 2574 763 2631 in
781 2574 908 2631 salntem
927 2572 1173 2647 inpoenitentium
1190 2588 1298 2647 opero·

291 2668 362 2732 tnr,·
384 2661 489 2721 mundi
506 2666 605 2720 nutem
624 2662 749 2719 tristitie
766 2666 892 2719 mortem
915 2666 1069 2734 operator.
1114 2658 1197 2720 Ecce
1219 2662 1299 2719 enim

291 2750 328 2810 id
353 2750 449 2823 ipsum
475 2750 640 2809 secundnm
668 2747 764 2807 Deum
791 2748 1141 2820 corrumpendarum
1165 2746 1300 2823 perfecit

292 2841 325 2897 in
344 2837 426 2896 vobr's
444 2838 633 2897 industriam.
679 2835 720 2895 dc
743 2852 797 2914 per
819 2833 876 2894 hoc
899 2842 1026 2914 possunt
1044 2834 1135 2894 Stoici
1157 2853 1212 2914 pro
1236 2837 1299 2895 suis

290 2922 426 3005 partibus
449 2921 647 3003 respondere,
669 2922 705 2983 ad
727 2921 784 2983 hoc
806 2922 900 2983 rideri
924 2921 1027 2982 utilem
1050 2938 1115 2983 esse
1139 2923 1299 3003 tristitiam,
1318 2933 1352 2983 25

291 3021 327 3074 ut
344 3027 483 3091 peccasse
502 3012 662 3092 paeniteat3
685 3011 832 3071 inanimo
855 3018 954 3070 nutem
978 3012 1119 3089 sapientis
1142 3010 1208 3070 ideo
1232 3028 1298 3072 esse

291 3118 353 3163 non
371 3117 468 3179 posse,
490 3100 559 3177 qnia
581 3117 637 3159 nec
659 3106 813 3178 peccatum
836 3099 867 3157 in
891 3115 960 3158 curn
982 3096 1068 3179 cadit,
1091 3099 1176 3159 cuius
1199 3099 1299 3177 paeni·

291 3189 385 3250 tentia
408 3188 615 3269 contristetur,
642 3204 697 3247 nec
725 3185 818 3246 ulium
841 3183 922 3245 aliud
942 3184 1064 3266 malum,
1093 3184 1171 3265 quod
1193 3204 1298 3266 perpe·

292 3275 394 3337 tiendo
412 3283 443 3335 et
465 3273 619 3335 sentiendo
643 3276 681 3335 sit
703 3274 806 3337 tristis.
852 3272 925 3333 Nom
949 3281 979 3333 et
996 3272 1176 3334 Alcibiadem
1199 3275 1300 3335 ierunt

292 3358 334 3448 (si
357 3380 404 3423 me
427 3362 464 3423 de
487 3364 606 3424 nomine
628 3362 756 3422 hominis
778 3362 920 3422 memoria
942 3378 1002 3421 non
1025 3355 1128 3445 tollit),
1151 3380 1220 3422 cum
1242 3360 1299 3422 sibi
1317 3374 1352 3424 30

361 3504 389 3571 d)
406 3500 475 3557 Aen.
495 3504 521 3567 d,
536 3503 595 3553 788.
632 3500 660 3566 d)
678 3497 747 3551 Aen.
768 3501 793 3563 6,
808 3500 868 3551 att.
906 3497 951 3565 24)
970 3493 1071 3551 2001.
1091 3500 1115 3563 i,
1130 3498 1216 3564 8sqq.

363 3647 397 3699 18
414 3642 458 3769 inp
476 3640 514 3698 nd
534 3634 603 3697 θήν
621 3638 683 3709 1123
702 3637 769 3692 drim
788 3638 842 3707 Vi
859 3634 1021 3694 contristari
1038 3650 1090 3689 uos
1108 3633 1167 3716 Ep
1183 3632 1304 3702 perfecit

296 3714 435 3772 mim
461 3714 490 3769 oi
511 3726 560 3769 tec.
585 3710 694 3778 Graece
720 3706 1153 3780 porfiritv²opop.stieto1o1
1173 3706 1202 3759 V
1217 3711 1244 3759 ei
1263 3706 1306 3759 oio

288 3802 409 3855 eenapm
426 3786 541 3855 itemque
558 3782 587 3837 A
604 3796 683 3850 coepe
1057 3864 1092 3917 ²,
1124 3802 1127 3809 ·
