3284 4459
621 916 974 998 PRAEFATIO.

376 1168 666 1247 Augustinianorum
702 1169 738 1227 de
776 1170 899 1228 civitate
930 1168 988 1227 Dei
1023 1168 1169 1229 librorum
1205 1169 1307 1245 editio,

286 1278 377 1337 quam
405 1256 579 1317 limanuel
602 1258 798 1317 Hoffmann
825 1258 966 1335 parabat,
993 1277 1011 1316 a
1039 1260 1142 1318 multis
1169 1259 1306 1319 iamdiu

286 1350 458 1424 exspectata
490 1350 581 1423 atque
612 1346 780 1406 desiderata
808 1348 894 1407 annis
923 1348 1008 1406 1899
1037 1350 1068 1406 et
1096 1350 1182 1408 1900
1214 1350 1305 1425 paulo

287 1440 356 1497 ante
383 1441 510 1496 mortem
536 1438 595 1495 viri
624 1455 737 1496 summe
761 1436 924 1496 venerandi
950 1436 982 1494 in
1005 1436 1159 1514 publicum
1184 1435 1305 1514 prodiit.

375 1526 412 1584 In
439 1527 495 1585 hac
523 1524 652 1585 editione
680 1528 710 1584 et
737 1527 923 1601 praestantia
955 1524 1091 1586 codicum
1118 1526 1306 1602 quorundam

285 1617 399 1693 partim
426 1617 556 1692 primum
582 1614 626 1675 ibi
651 1612 854 1674 adhibitorum
875 1617 986 1691 partim
1012 1615 1110 1674 multo
1138 1616 1305 1676 accuratius

221 1700 222 1707 '
286 1724 379 1781 quam
410 1707 498 1764 antea
528 1705 778 1780 perlustratorum
810 1707 841 1762 et
871 1704 967 1780 ipsius
997 1704 1120 1763 editoris
1147 1705 1306 1783 diligentia

285 1794 423 1853 doctrina
450 1794 562 1871 ingenii
592 1795 727 1852 acumine
759 1795 874 1852 factum
901 1796 959 1867 est,
990 1797 1025 1852 ut
1054 1794 1225 1870 saepissime
1253 1797 1307 1853 aut

286 1884 418 1961 genuina
454 1882 617 1961 Augustini
649 1884 744 1941 oratio
777 1881 857 1941 haud
891 1881 979 1941 dubie
1012 1885 1219 1942 restitueretur
1253 1887 1307 1944 aut

287 1976 366 2031 certe
389 1974 440 2031 via
463 1974 687 2046 monstraretur,
712 1991 772 2047 qua
794 1970 834 2029 ad
856 1991 960 2030 verum
982 1974 1082 2047 potest
1103 1974 1261 2049 perveniri.

376 2060 432 2119 His
465 2060 590 2120 confisus
623 2061 838 2135 fundamentis,
872 2079 940 2119 cum
970 2079 989 2118 a
1020 2060 1185 2138 bibliopola
1216 2062 1306 2121 hone-

286 2149 418 2209 stissimo
450 2152 581 2209 monitus
614 2168 720 2224 essem,
751 2152 787 2208 ut
819 2149 912 2209 libros
945 2149 981 2209 de
1012 2150 1133 2209 civitate
1160 2150 1218 2210 Dei
1245 2152 1306 2210 iam

285 2240 333 2297 bis
366 2257 383 2297 a
410 2258 458 2297 me
485 2240 517 2297 iu
544 2237 724 2297 bibliotheca
751 2238 959 2298 Teubneriana
989 2239 1083 2299 editos
1110 2242 1233 2299 tertium
1260 2260 1306 2299 re-

286 2346 504 2405 cognoscerem,
526 2328 622 2386 denuo
645 2348 707 2387 rem
730 2327 887 2405 adgressus
906 2347 980 2402 sum,
1002 2348 1183 2404 quamquam
1202 2328 1307 2389 dehor-

286 2416 431 2476 tabantur
463 2420 493 2475 et
521 2420 603 2475 aetas
634 2416 751 2494 longius
781 2418 844 2475 iam
872 2421 1014 2494 provecta
1041 2420 1071 2477 et
1102 2420 1234 2494 corporis
1262 2419 1307 2477 in·

286 2506 422 2564 firmitas.
467 2506 568 2565 Minus
595 2508 696 2565 tamen
719 2506 868 2583 gravabar
890 2526 1012 2582 operam
1038 2525 1136 2565 meam
1158 2507 1307 2583 polliceri,

287 2597 362 2671 quia
389 2595 421 2653 in
448 2614 587 2672 praesens
614 2614 673 2653 non
701 2598 799 2653 totum
827 2614 914 2672 opus,
938 2596 989 2654 sed
1017 2596 1146 2655 alterum
1173 2598 1306 2656 tantum-

287 2682 376 2742 modo
404 2686 467 2743 eius
495 2685 633 2743 volumen
662 2702 680 2742 a
706 2704 753 2743 me
780 2683 1004 2760 postulabatur,
1033 2687 1116 2744 cuius
1143 2687 1176 2743 iu
1203 2688 1307 2744 textu

286 2772 431 2849 pauciora
468 2792 558 2848 quam
589 2775 622 2831 in
657 2772 806 2849 prioribus
840 2773 926 2832 libris
961 2773 1103 2833 mutanda
1139 2766 1305 2855 fuerimt*).

286 2860 490 2921 Adnotatio
517 2862 646 2921 critica
673 2864 774 2921 autem
802 2865 875 2938 quin
901 2881 1022 2939 prorsus
1054 2867 1132 2922 esset
1157 2862 1305 2938 novanda,

286 2950 327 3011 ab
354 2952 442 3010 initio
470 2950 593 3009 dubium
620 2971 680 3011 non
709 2954 786 3027 erat,
814 2954 955 3027 quoniam
983 2955 1013 3011 et
1041 2971 1075 3009 er
1102 2971 1189 3027 novo,
1217 2971 1306 3027 quem

285 3040 354 3099 Em.
373 3039 534 3099 Hoffmann
558 3040 701 3114 exhibuit,
724 3043 872 3119 apparatu
895 3042 990 3102 multa
1013 3044 1098 3100 erent
1120 3042 1258 3100 iteranda
1276 3045 1307 3101 et

287 3129 418 3187 aliorum
446 3147 563 3205 quoque
591 3128 803 3205 subsidiorum,
832 3129 939 3205 quibus
966 3131 1080 3208 primus
1107 3149 1162 3207 ego
1190 3131 1222 3187 in
1249 3131 1306 3191 hac

287 3217 419 3277 editione
441 3236 512 3277 usus
536 3238 614 3293 sum,
638 3217 738 3279 crebro
761 3219 821 3278 fuit
843 3222 955 3279 mentio
977 3218 1122 3279 facienda.

378 3306 423 3365 De
443 3306 491 3367 his
510 3308 648 3368 subsidiis
666 3308 843 3385 priusquam
861 3308 981 3367 uberius
996 3328 1092 3387 agam,
1110 3327 1207 3385 pauca
1221 3301 1306 3384 prae-

288 3396 436 3455 mittenda
458 3400 535 3455 sunt.

358 3584 383 3653 *)
404 3584 589 3649 Quamobrem
607 3584 668 3639 fieri
686 3585 793 3653 potuit,
811 3587 845 3637 ut
859 3584 974 3639 alterius
989 3584 1123 3639 editionis
1136 3586 1208 3639 fixae
1222 3584 1306 3638 tabu-

288 3654 380 3709 larum
395 3671 548 3710 aerearum
562 3655 676 3721 formae,
696 3672 766 3725 quas
781 3656 956 3724 stereotypac
968 3658 1079 3723 vocant,
1094 3657 1185 3710 denuo
1200 3655 1305 3709 chartis

289 3726 528 3797 imprimerentur,
557 3730 697 3782 correctae
722 3726 789 3781 illae
812 3726 928 3795 quidem
951 3726 1060 3796 aliquot
1083 3727 1174 3802 locis,
1188 3725 1239 3778 ubi
1261 3743 1305 3779 res

288 3798 459 3867 postulabat.

1054 3902 1071 3938 a
1077 3888 1092 3920 *

637 3980 669 4011 ,Ὗ
697 3980 701 4004 ἲ
754 3987 794 4016 'tt
823 3982 850 4015 ἦ
865 3983 898 4031 Γ»)

628 4056 669 4079 ‘is-l*
686 4050 691 4079 l·
726 4056 743 4082 ¹.
783 4048 823 4082 ‘'ur''
844 4048 899 4084 <M
