3284 4459
553 566 594 607 nn
607 566 751 607 cmrnrn
764 566 818 607 nm
832 567 857 607 n.
871 567 934 609 xxo
949 567 972 609 c.
986 570 1005 609 r.
1215 555 1279 618 501

273 701 320 761 rel
338 710 442 762 contra
461 718 536 780 quos
554 702 676 782 agimus,
699 703 750 778 qui
773 710 804 761 et
821 700 916 761 Deum
935 720 1000 761 esse
1024 702 1159 783 credunt,
1181 720 1198 762 a
1221 720 1280 781 qno

273 791 370 851 lactus
400 797 446 851 est
473 789 617 869 mundus,
647 798 677 849 et
704 789 775 849 deos
798 789 834 849 ab
857 789 907 848 illo
931 790 1039 870 iactos,
1068 808 1122 869 per
1145 808 1220 869 quos
1244 789 1280 850 ab

273 878 324 938 illo
343 878 565 939 administratur
584 877 721 959 mundus,
745 886 775 937 et
797 878 1006 938 miraculorum
1031 880 1196 939 effectrices
1220 880 1280 938 sire

273 975 505 1045 spontaneorum
537 968 598 1025 sive
631 965 712 1025 cultu
749 972 780 1025 et
806 966 867 1024 ritu
894 962 1026 1042 quolibet
1052 964 1278 1039 impetratorum

273 1056 336 1115 sive
363 1056 451 1114 etiam
481 1056 663 1132 magicorum
690 1057 853 1113 mundanas
880 1055 926 1113 vel
955 1070 1015 1112 non
1038 1062 1147 1131 negant
1168 1053 1214 1114 vel
1236 1056 1315 1117 in·5

273 1161 365 1222 super
387 1151 418 1203 ct
435 1143 607 1221 praedicant
623 1151 794 1223 potestates,
816 1141 933 1219 quando
957 1143 1000 1201 eis
1023 1159 1124 1201 rerum
1146 1145 1204 1202 vim
1228 1144 1280 1202 mi-

273 1229 397 1292 rabilem
423 1233 617 1310 proponimus
646 1230 782 1311 aliarum,
809 1248 884 1307 quae
908 1246 964 1289 nec
986 1229 1120 1290 animalia
1143 1240 1213 1291 sunt
1235 1248 1280 1291 ra-

274 1319 393 1379 tionalia
425 1336 481 1379 nec
509 1318 567 1379 ulla
595 1320 708 1380 ratione
731 1318 859 1396 praediti
882 1319 1018 1398 spiritus,
1045 1320 1123 1378 sicut
1145 1327 1215 1379 sunt
1239 1336 1281 1393 ea,

274 1425 402 1486 quorum
438 1424 531 1486 pauca
568 1408 881 1486 commemoravimus,
918 1405 1098 1485 respondere
1135 1406 1282 1467 adsolent:

273 1494 343 1576 „Vis
361 1503 408 1556 cst
424 1497 482 1556 ista
500 1502 632 1576 naturae,
649 1503 754 1555 natura
768 1513 872 1554 eorum
887 1497 930 1553 sic
944 1512 1010 1554 sese
1031 1493 1127 1575 babet,
1149 1496 1281 1574 propria·
1301 1510 1334 1558 10
1385 1538 1387 1541 -

274 1602 342 1645 rum
369 1592 440 1644 sunt
467 1586 541 1643 istae
572 1583 719 1643 efficaciae
742 1578 944 1643 naturarum.“
987 1582 1062 1644 Tota
1083 1585 1183 1661 itaque
1207 1585 1281 1643 ratio

274 1682 336 1754 cst,
365 1690 420 1733 cur
442 1673 668 1751 Agrigentinum
695 1670 785 1732 salem
812 1670 929 1731 llamma
955 1670 1048 1732 fluere
1076 1672 1177 1752 faciat,
1207 1686 1282 1749 aqna

274 1763 430 1841 crepitare,
453 1762 522 1838 quia
544 1759 617 1820 baec
640 1766 688 1819 cst
708 1767 813 1820 natura
837 1761 910 1820 eius.
956 1759 993 1820 m
1015 1758 1071 1820 boc
1094 1778 1160 1820 esse
1183 1762 1282 1839 potius

274 1858 378 1910 contra
406 1855 542 1909 naturam
569 1848 698 1930 videtur,
726 1864 801 1926 quae
825 1865 885 1907 non
907 1850 982 1928 igni,
1011 1847 1064 1909 sed
1087 1866 1178 1927 aquae
1202 1848 1283 1908 dedit

275 1937 366 1999 salem
388 1936 517 2017 solvere,
545 1944 660 1997 torrere
684 1945 782 1997 antem
804 1938 879 2016 igni,
906 1953 966 1995 non
989 1952 1089 2015 aquae.
1137 1935 1195 1996 Sed
1218 1939 1336 2017 ista,1t

274 2028 429 2106 inquiunt,
461 2024 531 2085 salis
558 2023 648 2084 buius
677 2024 819 2085 naturalis
846 2032 893 2085 est
920 2026 977 2104 vis,
1009 2034 1043 2085 ut
1066 2023 1112 2085 bis
1135 2027 1282 2085 contraria

275 2116 412 2193 patiatur.
457 2112 537 2174 Haec
555 2114 647 2191 igitur
665 2115 739 2172 ratio
758 2111 894 2172 redditur
913 2113 997 2173 etde
1020 2112 1070 2172 illo
1094 2113 1175 2172 sonte
1194 2111 1283 2172 Gara-

275 2204 419 2283 mantica,
447 2200 501 2261 ubi
522 2219 581 2262 una
604 2219 677 2261 vena
700 2201 788 2279 friget
811 2200 930 2281 diebus,
959 2199 1096 2261 noctibus
1119 2201 1227 2281 servet,
1255 2202 1283 2261 ri

276 2299 402 2369 utraque
433 2288 558 2350 molesta
589 2288 791 2368 tangentibus3
823 2287 897 2349 haec
926 2296 957 2349 et
984 2287 1020 2349 de
1048 2287 1098 2348 illo
1128 2288 1200 2363 alic,
1231 2290 1283 2367 qui

276 2396 345 2439 cum
363 2380 403 2438 sit
421 2376 673 2437 contrectantibus
698 2377 821 2455 frigidus
845 2385 875 2437 et
897 2377 992 2437 facem
1015 2378 1093 2437 sicut
1114 2376 1164 2437 alii
1186 2377 1283 2436 sontes
1302 2391 1337 2441 20

275 2468 429 2545 extinguat
457 2484 627 2547 accensam,
657 2464 840 2526 dissimiliter
868 2474 966 2525 tamen
994 2473 1081 2543 atque
1110 2462 1284 2526 mirabiliter

274 2553 355 2615 idem
382 2556 446 2633 ipse
476 2554 612 2614 accendit
633 2556 807 2633 extinctam,
830 2552 903 2613 baec
926 2552 1015 2614 etde
1038 2553 1133 2631 lapide
1157 2551 1284 2634 asbesto,

276 2644 420 2722 quicum
446 2644 547 2721 ignem
573 2640 688 2702 nullum
718 2640 823 2701 babeat
845 2644 1012 2722 proprium,
1040 2647 1162 2720 accepto
1184 2649 1284 2701 tamen

276 2733 320 2791 sic
343 2731 428 2791 ardet
449 2730 558 2811 alieno,
587 2737 703 2791 utnon
726 2732 820 2808 possit
844 2732 988 2810 extingui3
1012 2729 1083 2789 baec
1106 2728 1143 2790 de
1166 2732 1285 2811 ceteriS,

276 2837 353 2899 quae
375 2820 457 2899 piget
475 2826 620 2899 retexere,
642 2816 751 2898 quibus
773 2817 844 2878 licet
865 2820 909 2877 vis
932 2818 1050 2878 insolita
1073 2826 1177 2878 contra
1199 2826 1283 2879 natu·
1302 2830 1338 2881 tt

276 2926 341 2968 ram
363 2909 462 2968 inesse
485 2906 634 2989 videatur,
657 2906 713 2966 alia
735 2913 833 2966 tamen
857 2905 893 2965 de
917 2906 974 2966 illis
997 2924 1057 2967 non
1081 2906 1215 2967 redditur
1238 2923 1283 2966 ra·

276 2998 337 3075 tio,
370 2997 427 3056 nisi
453 3002 488 3055 ut
516 2994 633 3056 dicatur
659 2994 735 3055 banc
762 3012 867 3055 eorum
897 3012 962 3055 esse
993 3003 1136 3055 naturam.
1181 2994 1284 3055 Brevis
1328 3024 1329 3027 ¹

277 3101 348 3144 sane
371 3085 427 3144 ista
456 3091 503 3143 est
524 3085 614 3165 ratic,
643 3084 750 3163 fateor,
782 3084 993 3163 sufficiensque
1016 3085 1179 3162 responsio.
1225 3081 1284 3143 Sed

277 3189 347 3232 cum
370 3170 449 3232 Deus
472 3179 576 3232 auctor
599 3174 638 3232 sit
660 3178 833 3232 naturarum
857 3174 997 3252 omnium,
1021 3190 1075 3231 cur
1098 3171 1202 3231 nolunt
1224 3171 1283 3229 lor·

277 3262 385 3320 tiorem
408 3278 463 3320 nos
486 3259 610 3321 reddere
633 3262 788 3340 rationem,
810 3259 928 3338 quando
950 3259 1059 3337 aliquid
1083 3258 1163 3319 velut
1184 3261 1283 3338 inpos·
1303 3272 1339 3322 ab

277 3346 363 3408 sibile
386 3348 492 3409 nolunt
514 3348 636 3409 credere
665 3349 767 3425 eisque
796 3346 992 3407 redditionem
1016 3349 1138 3407 rationis
1161 3364 1283 3426 poscen-

277 3435 359 3497 tibus
377 3436 591 3515 respondemus
608 3435 685 3495 banc
699 3454 765 3495 esse
779 3435 960 3495 voluntatem
983 3437 1193 3513 omnipotentis
1212 3429 1286 3495 bei?

276 3526 331 3602 qui
353 3533 433 3584 certe
457 3541 517 3585 non
539 3523 578 3583 ob
601 3524 679 3584 aliud
703 3532 824 3583 vocatur
847 3525 1043 3602 omnipotens,
1066 3524 1124 3582 nisi
1147 3524 1285 3600 quoniam

277 3610 421 3690 quidquid
444 3611 507 3672 vult
529 3620 640 3693 potest,
666 3613 717 3691 qui
745 3614 843 3691 potuit
865 3629 966 3671 creare
991 3618 1050 3669 tam
1073 3609 1178 3691 multa,
1210 3628 1285 3689 quae

346 3802 363 3849 4
376 3798 590 3867 impetratorum
605 3798 779 3869 ΑθῆρΡΕς
794 3797 989 3867 imperitorum
1003 3798 1044 3865 R;
1057 3798 1288 3867 imperatorume

272 3867 321 3937 (dc
337 3868 425 3922 verbis
442 3870 598 3936 imperandi
616 3875 642 3923 et
658 3869 826 3937 impetrandi
839 3870 873 3934 cf.
890 3870 933 3922 lib.
949 3874 985 3924 10
998 3885 1020 3923 c.
1035 3874 1087 3936 10;
1104 3874 1151 3937 11)
1171 3871 1179 3939 ΙΙ
1198 3875 1213 3923 6
1232 3868 1287 3922 vim

271 3955 325 3994 om.
345 3940 404 3994 ΕΑ
419 3941 428 4007 ΙΙ
443 3944 476 3991 10
496 3955 556 3993 sese
570 3939 665 4009 RpE3
684 3954 744 3992 esse
758 3940 798 4005 113
816 3944 853 3993 m
867 3956 901 4007 p,
921 3955 950 3992 ee
969 3941 1008 4007 cll
1022 3944 1057 3991 24
1074 3941 1144 3994 haec
1159 3942 1187 3993 et
1202 3940 1235 3993 de
1251 3941 1287 4010 bp
