3284 4459
593 520 634 559 nn
647 519 790 560 omnam
803 520 857 559 nm
871 520 897 561 m
911 520 960 560 xx.
974 520 998 560 o.
1013 522 1044 561 n.
1261 508 1327 570 445

319 672 445 733 corpora
478 653 513 714 ad
545 656 799 734 incorruptionem
830 662 918 733 atque
950 655 1191 715 inmortalitatem
1221 674 1326 716 novam

320 750 475 803 exuetere
494 744 685 822 corruptione
703 760 737 803 ae
756 743 934 803 mortalitate
952 743 1130 804 transibunt.
1177 743 1250 804 Nam
1269 744 1326 805 hoo

233 854 236 857 ⁴
321 831 357 891 de
381 833 439 891 isto
457 837 591 910 tempore
610 832 754 911 accipere,
777 850 836 910 quo
855 838 960 909 regnat
982 848 1050 891 cum
1074 850 1144 911 rege
1168 850 1222 893 suo
1247 832 1325 894 mille

320 921 419 999 amris,
448 918 639 998 inpudentiae
662 922 770 979 nimiae
792 919 864 979 mibi
888 920 1017 1001 videtur,
1047 938 1116 980 cum
1139 924 1325 999 apertissime

319 1008 410 1067 dicat:
442 1009 602 1084 Absterret
627 1025 743 1070 omnem
771 1011 930 1069 lacrimam
957 1009 997 1068 ab
1025 1012 1120 1069 oculis
1149 1026 1271 1080 coram·
1297 1017 1360 1071 eta

319 1114 400 1157 mors
427 1099 488 1156 iam
511 1114 571 1157 aaa
594 1099 654 1157 crit
675 1114 772 1172 aeque
793 1101 893 1157 lactas
914 1114 1012 1171 aeque
1034 1100 1163 1172 clamor,
1192 1100 1248 1159 sed
1268 1115 1325 1159 aec

320 1187 407 1246 dolor
424 1188 511 1246 alas.
557 1184 630 1255 Quis
649 1203 720 1245 vero
738 1194 797 1244 tam
816 1186 856 1244 sit
874 1183 1021 1245 absurdus
1040 1191 1071 1246 et
1094 1184 1325 1247 obstinatissima

319 1275 510 1335 contentione
534 1291 676 1354 vesanus,
699 1275 750 1351 qui
773 1271 879 1333 audeat
902 1272 1056 1333 adfirmare
1079 1274 1110 1333 in
1133 1273 1222 1334 buius
1245 1292 1324 1333 mor-

320 1361 441 1424 talitatis
460 1364 619 1442 aerumnis,
642 1378 700 1421 non
720 1361 785 1421 dico
809 1360 951 1439 populum
975 1369 1119 1442 sanctum,
1142 1361 1194 1422 sed
1218 1380 1324 1421 unum

319 1468 469 1529 quemque
492 1457 671 1529 sanctorum,
695 1451 746 1527 qui
767 1449 844 1509 banc
867 1448 912 1509 vel
935 1448 1025 1510 ducat
1049 1449 1094 1510 vel
1117 1450 1262 1512 ducturus
1286 1453 1325 1512 sit
1345 1464 1378 1511 ιο

319 1538 366 1599 vel
391 1538 511 1600 diruerit
538 1540 639 1618 vitam,
667 1537 762 1597 nullas
789 1537 946 1598 habentem
978 1537 1113 1599 lacrimas
1141 1547 1171 1598 et
1193 1538 1325 1619 dolores;

320 1643 388 1686 cum
424 1629 524 1706 potius
560 1634 671 1705 quanto
706 1634 753 1686 est
789 1628 914 1706 quisque
952 1628 1082 1687 sanctior
1118 1636 1148 1687 et
1184 1627 1325 1687 desiderii

320 1716 415 1775 sancti
442 1714 570 1794 plenior,
596 1723 678 1774 tanto
706 1716 745 1775 sit
771 1716 836 1775 cius
863 1716 894 1775 in
925 1714 1035 1775 orando
1063 1715 1151 1776 lletus
1184 1712 1325 1777 ulterior?

319 1803 364 1862 An
388 1820 448 1862 non
471 1810 517 1862 est
540 1821 594 1862 vox
622 1804 695 1863 civis
722 1821 867 1882 supernae
891 1802 1090 1865 Hierusalem:
1117 1806 1233 1866 Factae
1255 1811 1326 1865 sant

320 1893 395 1951 milri
415 1894 563 1952 lacrimae
585 1908 670 1952 meae
689 1895 780 1967 panis
804 1894 853 1952 dic
876 1909 914 1952 ac
937 1900 1032 1966 nocte,
1057 1900 1100 1954 et:
1124 1894 1247 1954 Lavabo
1266 1912 1326 1970 per
1345 1906 1377 1954 15

319 1983 456 2054 stapulas
481 1987 584 2040 noctes
611 1983 720 2040 batam
747 1997 856 2053 meam,
885 1984 916 2040 ia
943 1984 1079 2041 lacrimis
1101 1984 1174 2042 mer's
1196 1988 1324 2042 stratam

320 2085 417 2129 meam
444 2069 566 2142 ripato,
594 2076 639 2127 et:
669 2068 801 2128 Gemitus
830 2086 912 2129 meas
939 2086 999 2129 aaa
1022 2076 1068 2130 est
1088 2071 1282 2131 absconditas
1306 2088 1326 2130 a

320 2162 358 2231 tc,
381 2165 423 2217 et:
446 2157 541 2216 Dolor
558 2172 641 2216 meas
658 2163 821 2216 renovatas
843 2152 907 2217 cst?
930 2157 988 2217 Aut
1011 2174 1080 2217 vero
1104 2175 1163 2217 non
1186 2159 1251 2217 eius
1273 2157 1326 2218 tilii

321 2252 409 2325 sunt,
436 2246 488 2322 qui
514 2246 721 2323 ingemescunt
748 2246 873 2324 gravati,
907 2246 937 2303 in
972 2262 1029 2322 quo
1062 2243 1166 2303 nolunt
1196 2244 1324 2321 spoliari,

321 2333 373 2393 sed
388 2335 590 2413 supervestiri,
608 2341 643 2394 ut
656 2331 850 2393 absorbeatur
864 2332 987 2393 mortale
1007 2332 1063 2393 boc
1077 2351 1094 2392 a
1107 2328 1188 2393 vita?
1220 2331 1324 2392 Nonne
1345 2347 1378 2395 2ο

320 2424 378 2501 ipsi
401 2429 484 2502 sunt,
511 2424 563 2501 qui
592 2422 739 2500 primitias
761 2420 904 2481 habentes
928 2420 1057 2500 Spiritus
1080 2422 1111 2480 in
1135 2430 1230 2480 semet
1252 2422 1324 2499 ipsis

320 2512 538 2589 ingemescunt,
565 2510 751 2589 adoptionem
775 2517 980 2589 expectantes,
1003 2508 1237 2587 redemptionem
1260 2526 1324 2568 cor·

320 2601 403 2679 poris
426 2594 493 2659 sui?
538 2597 582 2657 An
609 2600 672 2677 ipse
700 2597 851 2676 apostolus
873 2596 983 2657 Paulus
1006 2614 1064 2656 non
1089 2606 1152 2657 erat
1175 2614 1324 2675 supernus

321 2685 618 2767 Hierosolymitanus,
641 2685 687 2745 vel
710 2704 769 2745 non
794 2684 886 2745 multo
910 2688 1002 2764 magis
1025 2685 1081 2745 hoc
1105 2693 1183 2767 erat,
1207 2684 1324 2764 quando

321 2795 376 2856 pro
404 2774 544 2835 Israelitis
572 2774 738 2835 carnalibus
770 2772 912 2834 iratribus
944 2776 1006 2833 suis
1036 2776 1156 2834 tristitia
1188 2774 1231 2834 illi
1261 2783 1325 2834 erat
1344 2787 1377 2835 25

321 2882 425 2942 magna
457 2871 488 2924 et
519 2866 677 2924 continuus
709 2862 792 2922 dolor
825 2862 907 2921 cordi
940 2858 1026 2923 eius?
1072 2861 1195 2932 Ottando
1225 2871 1325 2923 autem

321 2971 402 3013 mors
425 2970 485 3012 non
513 2954 570 3013 erit
600 2954 630 3011 in
653 2954 709 3011 ista
733 2952 862 3028 civitate,
891 2952 948 3011 nisi
971 2950 1088 3030 quando
1112 2951 1243 3012 dicetur:
1272 2952 1328 3012 Ubi

321 3048 378 3115 est,
401 3058 494 3114 mors,
522 3043 672 3101 contentio
694 3041 767 3099 tua?
818 3040 875 3100 Ubi
895 3047 951 3113 est,
974 3057 1066 3112 mors,
1090 3043 1215 3100 aculcos
1237 3042 1326 3101 raas?

321 3133 453 3190 Acaleas
480 3136 581 3189 aatam
607 3130 711 3189 mortis
741 3134 786 3188 est
803 3134 972 3203 peccatam.
1019 3126 1104 3198 Quod
1128 3136 1199 3188 tune
1223 3130 1326 3205 utique

322 3235 381 3278 non
405 3219 472 3297 erit,
495 3215 611 3295 quando
635 3215 764 3276 dicetur:
793 3216 850 3275 Ubi
871 3218 935 3276 est?
975 3214 1061 3275 Nunc
1084 3233 1155 3275 vero
1178 3233 1237 3275 non
1261 3218 1325 3293 qui·
1345 3230 1378 3278 30

391 3336 435 3403 15)
452 3332 496 3387 Pa.
516 3338 560 3398 41,
574 3338 599 3385 4.
640 3330 742 3399 autb.
763 3335 827 3397 aa.
866 3332 910 3401 18)
928 3330 968 3383 lb.
989 3336 1031 3398 su,
1047 3336 1088 3385 10.
1127 3331 1330 3401 ts)1b.ae,e.

319 3407 363 3530 Ξὲ)
381 3402 486 3530 ἓὲῦοτ.
506 3408 531 3468 b,
546 3409 571 3456 t.
612 3405 657 3471 23)
676 3401 754 3456 Rom.
775 3406 800 3467 8,
815 3406 857 3455 23.
900 3405 943 3470 26)
962 3402 1041 3455 Rom.
1061 3407 1117 3469 22
1163 3405 1208 3473 29)
1228 3409 1251 3455 1.
1271 3402 1330 3458 Cor.

355 3519 362 3542 t
425 3492 466 3543 ⁸41·

390 3605 405 3652 2
426 3601 511 3667 atque
524 3614 541 3651 a
554 3599 593 3666 lb
613 3594 756 3666 absterget
774 3595 842 3649 deus
857 3594 962 3665 ab(?)a
976 3596 985 3665 ll
1000 3602 1014 3649 'l
1031 3596 1072 3697 et}
1085 3599 1135 3650 aut
1148 3600 1176 3651 A
1189 3599 1198 3666 ll
1213 3604 1246 3651 14
1261 3599 1331 3652 ciuis

319 3669 489 3724 artemas
508 3672 554 3736 (=
573 3667 720 3735 Doridis);
744 3667 828 3721 eitius
853 3666 904 3731 (3¹3
928 3666 1011 3720 huius
1033 3667 1084 3734 G3
1108 3668 1233 3723 ciuitatis
1252 3669 1332 3740 L'ap

319 3742 423 3806 Hoffm.
442 3742 451 3809 l
470 3745 503 3793 12
527 3740 690 3809 gemescunt
707 3739 735 3793 R
752 3740 762 3808 fl
780 3737 896 3807 spoliari
915 3739 1029 3808 Racpp
1052 3739 1099 3806 (cf.
1114 3756 1145 3808 p.
1161 3742 1261 3808 7,1a);
1286 3757 1332 3794 ex-

318 3810 421 3881 poliari
435 3809 563 3877 AG(?)a
577 3810 624 3877 (cf.
634 3826 664 3878 p.
680 3812 705 3874 7,
720 3812 782 3877 10);
796 3808 911 3878 grauari
924 3819 941 3859 a
955 3811 965 3878 ΙΙ
979 3814 1013 3862 20
1027 3809 1080 3863 hoc
1090 3809 1163 3865 Ro*
1177 3818 1208 3866 at
1221 3812 1330 3866 Tertull.

321 3885 410 3937 Marc.
430 3885 506 3947 5,12
525 3881 571 3948 (cf.
591 3885 616 3934 1.
637 3879 696 3934 Oor.
717 3884 760 3945 15,
776 3883 824 3948 53)
830 3900 841 3946 ;
859 3896 909 3935 ora.
929 3881 957 3934 A
974 3881 1031 3934 rell.
1051 3898 1067 3935 a
1086 3883 1133 3950 (cs.
1151 3898 1178 3950 p.
1195 3886 1281 3950 7,11)
