3284 4459
353 531 417 600 258
757 543 959 586 succusano

354 685 452 744 iecere
474 684 578 742 virtus
592 689 671 741 tanta
694 678 833 759 babetur,
861 687 1003 758 quantum
1028 697 1091 740 eam
1115 677 1213 739 verbis
1236 683 1361 759 potuere

354 771 494 833 extollere
526 769 675 849 praeclara
707 761 856 847 ingenia.“
905 767 1026 828 Accedit
1058 766 1127 828 huic
1159 769 1270 828 civitati
1301 785 1361 828 non

354 875 443 940 parva
456 860 553 919 ‘etiam
577 877 614 918 er
632 857 739 918 litteris
762 865 792 916 et
815 855 998 934 pbilosophis
1020 855 1122 937 gioria,
1145 853 1223 934 quod
1246 854 1287 915 ibi
1310 873 1361 934 po·

354 950 500 1008 tissimum
520 945 587 1007 talia
607 944 703 1006 studia
721 947 887 1023 viguerunt.
933 943 1006 1004 Nam
1024 953 1168 1026 quantum
1191 942 1303 1004 adtinet
1325 943 1361 1003 ad

321 1037 526 1116 oimpcrium,
554 1034 667 1094 nulium
684 1035 789 1112 ,maius
818 1033 923 1112 primis
951 1032 1134 1111 temporibus
1165 1050 1252 1111 quam
1276 1033 1361 1111 Assy·
1461 1072 1462 1081 a

356 1127 469 1185 riorum
492 1124 561 1203 iuit,
589 1128 644 1183 nec
667 1130 727 1183 tam
750 1121 836 1200 longe
859 1120 975 1199 lateque
999 1121 1153 1202 diffusum,
1176 1122 1285 1200 quippe
1311 1119 1362 1181 ubi

355 1213 450 1273 Ninus
473 1229 534 1292 rex,
557 1210 619 1271 Reli
642 1209 729 1290 iilius,
752 1211 920 1270 universam
939 1210 1046 1290 Asiam,
1069 1226 1143 1288 quse
1167 1210 1258 1270 totins
1282 1207 1363 1268 orbis

357 1301 393 1362 ed
412 1317 569 1361 numerum
586 1300 715 1378 partium
733 1299 820 1358 tertia
840 1295 957 1377 dicitur,
980 1297 1016 1358 ad
1038 1297 1270 1377 magnitudinem
1294 1315 1363 1358 vero

356 1388 475 1450 dimidia
498 1390 662 1467 reperitur,
690 1403 787 1464 usque
811 1384 846 1445 ad
869 1383 977 1464 Libyae
1000 1387 1074 1446 tinea
1097 1384 1250 1464 subegisse
1275 1385 1363 1446 tradi·
1462 1412 1463 1429 ¹

304 1491 337 1539 10
356 1487 414 1538 tur.
461 1475 537 1537 Solis
556 1478 664 1555 qnippe
688 1473 768 1534 Indis
791 1476 821 1533 in
845 1473 978 1553 partibus
997 1473 1127 1534 Orientis
1151 1491 1210 1534 non
1232 1473 1364 1534 domina-

356 1566 457 1645 batur,
486 1581 560 1642 quos
588 1572 686 1623 tamen
715 1580 750 1622 eo
772 1561 915 1622 deiuncto
939 1560 1108 1622 Samiramis
1131 1580 1207 1622 trxor
1229 1563 1294 1622 eius
1318 1571 1365 1623 cst

356 1655 494 1732 adgressa
513 1650 657 1711 bellando.
701 1648 744 1711 lta
774 1650 884 1710 iactum
911 1657 966 1730 est,
988 1661 1030 1731 ut,
1054 1653 1233 1730 quicumque
1252 1652 1283 1710 in
1305 1650 1364 1711 iliis

357 1744 445 1803 terris
468 1739 570 1819 populi
597 1740 656 1799 sive
669 1756 766 1817 ¹reges
790 1745 887 1817 erant,
915 1739 1102 1818 Assyriorum
1125 1755 1217 1818 regno
1241 1738 1364 1799 dicioni-

358 1847 415 1908 que
442 1836 581 1908 parerent
608 1835 637 1888 et
665 1825 806 1905 quidquid
839 1829 1037 1905 imperaretur
1066 1827 1226 1887 efficerent.
1273 1825 1364 1887 Abra·
1463 1820 1464 1825 ’

305 1931 338 1979 rt
357 1920 424 1979 ham
447 1919 538 1996 igitur
565 1917 595 1975 in
624 1933 660 1975 eo
683 1933 774 1993 regno
805 1916 881 1994 apnd
906 1913 1066 1975 Chaldaeos
1088 1914 1157 1976 Nini
1178 1913 1367 1997 temporibus

357 2013 443 2067 natus
471 2014 524 2065 est.
571 2002 629 2063 Sed
658 2005 796 2082 quoniam
825 2022 874 2063 res
901 2002 1029 2064 Graecae
1059 2003 1150 2064 mtdto
1178 2013 1248 2063 sunt
1279 2002 1366 2064 nobis

358 2111 445 2173 qnam
474 2092 608 2170 Assyriae
641 2094 786 2170 notiores,
815 2101 845 2152 et
872 2108 927 2171 per
954 2090 1082 2152 Graecos
1115 2091 1150 2152 ad
1178 2090 1297 2152 Latinos
1330 2111 1366 2153 ac

358 2181 463 2243 deinde
483 2180 517 2240 ad
537 2179 692 2254 Romanos,
716 2182 767 2258 qni
786 2182 874 2240 etiam
896 2182 954 2258 ipsi
977 2177 1073 2240 Latini
1095 2189 1174 2260 sunt,
1196 2188 1367 2261 temporum
1464 2246 1465 2273 ,

359 2272 466 2331 seriem
488 2268 676 2328 deduxerunt
703 2270 753 2346 qui
776 2276 893 2346 gentem
917 2268 1017 2347 popuii
1041 2268 1164 2328 Rotnani
1187 2271 1217 2328 in
1241 2270 1367 2348 originis
1464 2344 1465 2349 ἵ

305 2371 340 2422 to
359 2361 423 2420 eius
446 2358 619 2435 antiquitate
647 2357 745 2416 rimati
773 2365 855 2416 sunt:
886 2355 924 2416 ob
947 2357 1004 2416 boc
1027 2355 1183 2438 debemus,
1214 2356 1266 2418 ubi
1289 2361 1367 2437 opus
1464 2398 1465 2431 y

358 2455 412 2526 est,
435 2447 569 2524 Assyrios
589 2446 740 2504 nominare
759 2461 854 2524 reges,
872 2453 907 2504 ut
925 2454 1063 2524 appareat
1081 2462 1169 2524 quem
1188 2445 1224 2505 ad
1243 2445 1366 2506 modum

357 2534 532 2614 Babylonia,
564 2534 648 2611 quasi
679 2534 773 2611 prima
805 2531 915 2613 Roma,
950 2549 1018 2593 cum
1049 2535 1206 2612 peregrina
1244 2535 1275 2593 in
1308 2532 1367 2594 boc

357 2622 467 2684 mundo
496 2620 549 2681 Dei
576 2622 698 2680 civitate·
720 2629 891 2701 procurrat;
922 2639 970 2682 res
999 2630 1113 2701 antem,
1145 2638 1219 2699 quas
1241 2629 1369 2703 propter

359 2711 608 2790 comparationem
627 2710 752 2768 civitatis
771 2710 937 2788 utriusque,
959 2717 1096 2770 terrenae
1116 2708 1229 2769 scilicet
1246 2718 1277 2770 et
1300 2728 1370 2770 cae-

306 2812 339 2862 25
357 2799 455 2872 iestis,
482 2796 552 2858 huic
579 2798 662 2875 operi
690 2805 807 2875 oportet
833 2799 980 2877 inserere,
1007 2800 1099 2876 magis
1127 2815 1164 2858 ex
1187 2796 1307 2859 Graccis
1337 2807 1370 2860 et

358 2886 483 2967 bsdnis,
511 2883 562 2946 ubi
589 2892 619 2945 et
646 2887 708 2964 ipsa
736 2883 827 2944 Roma
856 2887 939 2964 quasi
968 2884 1098 2946 secunda
1124 2883 1282 2964 Babylonia
1311 2895 1370 2967 est,

358 2975 501 3036 debemus
523 2972 686 3033 adsumere.

448 3061 570 3134 Quando
590 3079 660 3140 ergo
679 3069 765 3121 natus
784 3069 830 3121 est
848 3060 1002 3140 Abraham,
1025 3060 1149 3121 secundi
1173 3079 1258 3140 reges
1281 3071 1370 3123 erant

361 3150 437 3231 apud
457 3151 591 3230 Assyrios
609 3148 712 3230 Ninus,
735 3147 811 3228 apud
832 3148 984 3227 Sicyonios
1002 3147 1132 3229 Europs3
1156 3152 1243 3228 primi
1267 3158 1369 3211 eutem

307 3251 342 3303 80
361 3240 420 3299 illic
452 3237 558 3317 belno,
594 3236 642 3298 bic
674 3236 827 3316 Aegialeus
861 3237 990 3297 inerunt
1036 3235 1111 3297 Cum
1142 3256 1212 3298 vero
1245 3255 1369 3317 egresso

361 3327 505 3388 Abraham
536 3325 571 3385 de
595 3323 751 3404 babylonia
778 3326 915 3404 promisit
942 3326 970 3384 ei
992 3323 1072 3385 Deris
1100 3343 1135 3385 ex
1158 3325 1208 3385 iiio
1231 3345 1370 3404 magnam

360 3424 479 3497 gentem
502 3415 631 3474 futuram
650 3422 680 3472 et
697 3415 728 3471 in
748 3413 812 3472 eius
832 3414 944 3473 semine
967 3414 1099 3474 omnium
1122 3416 1254 3493 gentium
1277 3413 1369 3475 bene»

359 3603 393 3670 IL
431 3533 535 3658 2)110111,
555 3537 579 3656 ξ.
596 3535 643 3616 ,8)
662 3531 702 3588 Cf.
719 3537 778 3599 154,
794 3538 880 3600 bsqq.
917 3533 962 3602 22)
980 3529 1081 3585 Euseb.
1097 3529 1195 3585 Chron.
1211 3529 1255 3595 ed.
1270 3526 1371 3584 Schoe'.

411 3623 439 3673 p.
490 3621 542 3670 ‚813
573 3621 613 3670 31.

433 3741 464 3789 11
489 3734 644 3789 semiramis
663 3731 810 3803 RAb¹ep;
834 3732 905 3786 Sem.
926 3731 1054 3802 upupa
1076 3733 1086 3802 y
1109 3737 1142 3786 18
1161 3732 1263 3787 deinde
1281 3733 1374 3787 etiam

360 3807 398 3861 ad
417 3809 446 3875 A
462 3807 471 3875 u
488 3811 521 3859 21
540 3806 684 3860 nominare
703 3805 731 3860 R
750 3806 807 3871 (71,
821 3807 883 3870 30);
901 3820 1055 3857 memorare
1073 3804 1130 3858 reti.
1149 3821 1165 3860 o
1357 3827 1362 3838 ’

374 4123 497 4160 Α
