3284 4459
535 519 733 563 neomutus
746 520 801 561 nm
813 520 841 561 1..
854 521 917 561 xxi.
931 519 954 561 o.
968 521 1001 563 u.
1015 522 1047 561 ιε.
1234 504 1299 569 519

292 665 339 717 est
371 665 469 715 tamen
502 672 589 732 qnam
616 656 716 733 priora
743 656 819 714 ritae
851 654 948 715 huius.
998 654 1102 715 Melius
1130 653 1300 732 conlligltur

294 748 404 823 quippe
422 762 491 804 cum
509 745 597 823 vitiis,
620 761 708 821 quam
726 745 791 803 sine
810 742 869 802 ulla
892 743 1078 803 oonllietione
1102 743 1299 803 dominantur.

293 832 398 893 ldelius
421 839 476 910 est,
497 834 626 911 inquam,
648 829 758 891 bellum
781 849 849 891 cnm
873 848 926 910 spe
948 833 1029 909 pacis
1052 839 1188 891 aeternae
1211 847 1300 909 quam

294 923 357 980 sine
382 920 439 979 ulla
462 918 644 979 liberationis
663 921 840 997 cogitatione
864 922 1024 997 eaptivitas.
1070 917 1213 997 Cupimns
1236 920 1299 996 qui·

294 1007 361 1067 dem
384 1010 472 1068 etiam
494 1008 551 1067 boc
574 1006 649 1067 bello
674 1025 775 1067 carere
799 1007 888 1067 etad
912 1005 1121 1085 capessendam
1144 1007 1335 1066 ordinatis-5

295 1099 399 1155 simam
417 1113 528 1175 paoem,
546 1094 597 1155 ubi
616 1096 783 1155 firmissima
802 1094 959 1155 stabilitate
978 1094 1145 1174 potioribus
1159 1095 1300 1154 inferiora

294 1183 473 1264 subdantur,
495 1185 564 1261 igne
586 1183 676 1243 divini
699 1185 808 1243 amoris
831 1184 1027 1243 accendimur.
1075 1180 1134 1242 Sed
1157 1184 1182 1241 si
1206 1174 1301 1263 (quod

294 1267 384 1353 absit)
411 1271 490 1332 illius
517 1274 591 1331 tanti
618 1270 688 1330 boni
715 1289 784 1350 spes
807 1270 886 1331 nulla
917 1279 1009 1352 esset,
1036 1269 1121 1330 malle
1144 1268 1301 1329 debuimus

294 1363 324 1419 in
347 1359 436 1420 huius
464 1358 689 1419 conflictationis
717 1359 851 1419 molestia
880 1377 1034 1419 remanere
1058 1376 1145 1436 quam
1169 1359 1247 1417 vitiis
1270 1358 1302 1417 in

293 1466 348 1508 nos
371 1449 600 1509 dominationem
622 1465 682 1507 non
706 1449 749 1507 eis
772 1448 938 1507 resistendo
961 1448 1143 1527 permittere.
1322 1456 1355 1506 ιο

683 1706 803 1771 Onrur
823 1707 911 1771 XVI.

294 1838 357 1897 Sub
376 1839 484 1911 quibos
500 1839 625 1911 oratioe
642 1837 759 1909 lapibus
778 1852 878 1895 omnes
896 1843 1146 1909 regeneratorum
1169 1838 1302 1896 habeon-

700 1930 752 1983 tur
774 1930 897 1983 aetates.

384 2046 493 2107 Verum
516 2054 597 2106 tanta
619 2055 668 2107 est
688 2045 743 2106 Dei
765 2046 968 2107 misericordia
990 2049 1021 2106 in
1044 2064 1112 2107 rasa
1135 2048 1302 2107 misericor-

295 2137 370 2217 diae,
393 2154 467 2213 quae
485 2136 669 2213 praepararit
686 2136 717 2194 in
736 2134 868 2214 gloriam,
891 2141 925 2194 ut
947 2136 1035 2195 etiam
1058 2136 1153 2213 prima
1175 2135 1303 2194 bominis
1323 2145 1355 2193 15

295 2233 385 2304 aetas,
407 2223 437 2283 id
456 2232 502 2283 est
520 2223 651 2301 inlantia,
674 2240 749 2300 quae
768 2224 833 2281 sine
852 2221 912 2282 ullo
931 2224 1033 2282 renisu
1057 2221 1189 2282 subiacet
1212 2225 1304 2301 carni,

295 2322 325 2372 et
349 2311 493 2390 secunda,
521 2327 595 2388 quae
619 2312 747 2389 pueritia
769 2318 971 2389 nuncupatur,
998 2308 1050 2369 ubi
1073 2309 1204 2369 nondum
1227 2312 1302 2370 ratio

296 2402 428 2478 suscepit
456 2398 530 2458 lianc
558 2416 686 2477 pugnam
709 2407 740 2459 et
763 2398 826 2457 lere
850 2397 905 2457 sub
929 2396 1066 2457 omnihus
1088 2399 1202 2457 vitiosis
1225 2396 1303 2457 dele·

295 2486 474 2549 ctationibus
491 2489 575 2559 iacet,
599 2488 676 2567 quia,
698 2486 769 2547 licet
791 2485 848 2545 lari
870 2488 927 2545 iam
951 2485 1044 2545 valeat
1067 2494 1097 2546 et
1120 2485 1185 2545 ideo
1208 2487 1302 2545 inlan-

294 2578 366 2637 tiam
383 2576 526 2635 transisse
544 2574 687 2654 videatur,
710 2574 841 2634 nondum
859 2576 890 2633 in
914 2591 948 2635 ea
971 2582 1018 2635 est
1038 2576 1189 2653 praecepti
1212 2592 1302 2652 capax
1322 2585 1356 2633 20

295 2664 450 2724 infirmitas
464 2664 581 2742 mentis,
600 2665 626 2722 si
639 2671 823 2722 sacramenta
837 2661 1008 2722 Mediatoris
1026 2664 1183 2742 acceperit,
1202 2664 1303 2723 etiam·

296 2754 322 2811 si
344 2751 421 2811 banc
438 2753 471 2810 in
493 2752 536 2810 eis
555 2752 640 2811 annis
658 2752 746 2811 vitani
770 2751 861 2830 liniat,
884 2749 1024 2811 translata
1046 2749 1199 2811 sciliceta
1221 2759 1303 2829 pote-

296 2848 372 2900 state
403 2837 594 2899 tenehrarum
626 2841 657 2898 in
689 2857 815 2917 regnum
847 2837 957 2898 ChrIsti
989 2856 1049 2898 non
1076 2838 1171 2899 solum
1199 2841 1304 2917 poenis

295 2946 355 2987 non
373 2934 567 3006 praeparetur
585 2929 723 3006 aeternis,
746 2927 854 2987 sedne
873 2926 931 2986 ulla
950 2926 1069 3004 quidem
1087 2935 1155 3005 post
1177 2937 1304 2986 mortem

295 3017 464 3094 purgatoria
488 3022 633 3075 tormenta
655 3017 791 3094 patiatur.
839 3014 955 3074 Sufficit
976 3017 1056 3074 enim
1078 3013 1140 3074 sola
1162 3015 1303 3092 spiritalis
1323 3025 1356 3074 25

295 3105 491 3182 regeneratio,
514 3120 551 3163 ne
569 3111 637 3182 post
656 3112 782 3162 mortem
801 3102 880 3162 obsit
902 3101 981 3180 quod
1005 3101 1130 3162 carnalis
1152 3105 1303 3180 generatio

295 3209 364 3251 cum
382 3200 478 3251 morte
496 3193 650 3250 contraxit.
696 3188 770 3250 Cum
789 3199 889 3250 autem
911 3198 1032 3249 ventum
1055 3189 1145 3250 luerit
1167 3189 1202 3249 ad
1226 3198 1303 3249 aeta·

295 3286 366 3359 tem,
388 3297 464 3357 quae
482 3286 675 3358 praeceptum
692 3280 751 3338 iam
769 3280 848 3356 capit
871 3285 901 3337 et
923 3276 1011 3337 subdi
1034 3284 1131 3356 potest
1153 3276 1227 3354 legis
1249 3279 1303 3337 im·

294 3369 393 3447 perio,
422 3365 645 3445 suscipiendum
666 3374 713 3427 est
734 3365 845 3426 bellum
868 3372 971 3424 contra
993 3367 1063 3425 vitia
1086 3371 1117 3425 et
1139 3364 1303 3442 gerendum

363 3493 407 3554 15)
425 3490 503 3543 Rom.
524 3496 548 3557 9,
564 3496 605 3543 aa.

363 3636 379 3683 2
398 3646 482 3698 quam
500 3647 563 3685 eum
576 3632 636 3685 aine
650 3648 690 3686 oo
702 3634 712 3701 l
726 3630 932 3685 conflictatione
947 3631 1019 3699 Abp
1031 3634 1041 3701 ΙΙ
1056 3636 1071 3685 5
1085 3631 1139 3686 hoc
1153 3649 1203 3687 om.
1218 3632 1281 3687 R¹n
1295 3635 1305 3705 l

290 3705 307 3754 9
331 3700 516 3755 conflictionis
538 3702 588 3757 Ra
611 3704 621 3771 11
644 3708 678 3755 14
699 3718 798 3755 uerum
820 3700 1019 3755 lamentante
1040 3719 1082 3772 pp
1105 3704 1152 3770 (of.
1171 3707 1233 3770 517,
1252 3707 1305 3771 32‚·

290 3775 355 3836 549,
365 3775 408 3839 7);
422 3774 517 3826 lamen
526 3789 575 3827 om.
585 3773 643 3827 rell.
653 3788 670 3825 o
682 3774 727 3840 (ef.
738 3776 802 3837 522,
813 3775 830 3825 7
835 3792 845 3837 ,·
855 3775 919 3838 455,
928 3775 975 3839 32)
986 3771 996 3843 ll
1005 3777 1039 3825 20
1048 3773 1173 3827 nondum
1183 3776 1277 3828 tamen
1286 3792 1305 3845 9
