3284 4459
311 483 375 548 328
711 493 911 550 succesum

310 641 390 694 esset
420 631 585 710 expectatio
617 631 758 709 gendum.
803 627 884 690 Fieri
915 637 1015 690 autem
1046 645 1111 690 non⁴
1138 637 1253 710 posset,
1285 641 1320 690 ut

310 725 501 798 expectarent
529 735 598 779 eum
630 725 734 796 gentes
763 724 935 798 venturum,
967 719 1046 778 sicut
1072 733 1142 778 eum
1168 720 1320 780 cernimus

310 808 478 887 expectari,
508 813 543 868 ut
574 807 671 866 veniat
701 805 738 866 ad
770 804 937 866 iaciendum
967 805 1110 866 indicium
1131 808 1164 868 in
1186 806 1320 868 claritate

309 897 474 976 potentiae,
507 895 565 955 nisi
594 897 679 974 prius
710 896 741 954 in
769 911 839 954 eum
870 893 1044 972 crederent,
1076 909 1145 956 cum
1172 897 1254 956 venit
1283 895 1321 956 ed

276 983 480 1064 irretiendum
503 982 644 1043 iudicium
667 984 698 1044 in
722 981 888 1042 humilitate
909 983 1077 1062 patientiae

691 1191 807 1256 (larun
822 1189 936 1255 XLVI.

313 1303 367 1368 ne
381 1312 450 1366 ortu
473 1304 641 1365 Saloutaria
665 1305 769 1378 nostri,
792 1303 959 1363 secundum
982 1303 1065 1376 quod
1094 1300 1223 1363 Verbum
1245 1321 1324 1365 caro

354 1393 473 1470 facium
496 1398 548 1466 est,
571 1398 602 1451 et
623 1393 660 1452 de
683 1392 871 1467 dispersione
890 1390 1076 1451 Iudaeorum
1095 1408 1155 1468 per
1177 1409 1278 1454 omnes

522 1487 640 1556 pentes,
662 1481 743 1539 sicut
760 1477 870 1554 suerat
885 1478 1109 1556 prophetatum.

263 1620 295 1669 ιο
402 1605 553 1684 Regnaute
577 1619 648 1680 ergo
667 1600 783 1662 llerode
807 1604 838 1662 in
862 1600 977 1681 ludaee,
1000 1601 1078 1680 apud
1101 1601 1248 1663 Romanos
1272 1621 1324 1664 au·

313 1705 374 1756 tem
398 1695 455 1754 iarn
479 1698 590 1752 murtato
608 1692 653 1750 rei
676 1689 810 1769 publicae
835 1698 913 1751 statu
936 1692 1101 1768 imperante
1120 1689 1244 1752 Caesare
1264 1693 1321 1753 Au·

314 1791 407 1862 gusto.
431 1788 461 1842 et
490 1797 544 1859 per
568 1796 636 1839 eum
659 1777 731 1838 orhe
754 1788 858 1858 pacato
880 1788 968 1839 natare
991 1787 1037 1838 est
1059 1777 1195 1840 Christus
1217 1798 1333 1841 seeum-v

315 1870 385 1934 durn
413 1867 640 1949 praecedentem
667 1866 852 1947 prophetiam
874 1869 904 1927 in
928 1865 1080 1926 Bethleem
1102 1865 1206 1947 ludere,
1234 1867 1324 1929 homo

315 1957 488 2020 manifestus
507 1975 543 2018 ex
561 1955 679 2019 homine
699 1957 820 2036 virgine,
843 1954 924 2016 licus
942 1953 1077 2016 occultus
1095 1971 1132 2016 ex
1150 1954 1212 2016 lieo
1227 1956 1324 2019 Patre.

264 2059 296 2108 le
317 2047 366 2107 Sic
396 2048 475 2106 enim
505 2044 647 2125 propheta
674 2045 874 2124 praedixerat:
906 2044 989 2106 Ecce
1015 2046 1102 2118 circo
1129 2047 1262 2120 accipiet
1292 2049 1326 2106 io

315 2143 403 2197 utero
433 2141 463 2196 et
486 2135 590 2211 pariet
613 2136 723 2206 silium,
751 2140 781 2194 et
808 2133 959 2195 vocabunt
985 2148 1092 2192 nomen
1114 2135 1181 2193 eius
1203 2133 1324 2194 Emma-

315 2227 398 2298 nuel,
426 2223 509 2300 quod
533 2228 578 2282 esi
607 2223 852 2297 interpretatum:
884 2221 1046 2282 Nodoscm
1074 2221 1165 2281 neus.
1210 2220 1327 2291 Quint

316 2316 347 2374 in
375 2329 406 2372 se
435 2309 655 2371 commendaret
678 2308 784 2388 Derim,
814 2308 954 2369 miracula
978 2306 1070 2369 mulie
1093 2309 1177 2389 iecit,
1200 2326 1236 2369 ex
1259 2313 1325 2390 qui·

317 2401 373 2462 hus
402 2398 556 2479 quaedam,
584 2406 726 2475 quantum
754 2395 789 2458 ad
818 2414 887 2457 eum
910 2395 1140 2475 praedicandum
1163 2400 1235 2457 satis
1258 2415 1326 2459 esse

264 2491 413 2550 corisum
441 2495 503 2567 est,
534 2487 681 2564 scriptura
711 2483 877 2564 evangelica
907 2486 1048 2546 continet
1100 2483 1235 2556 Quorum
1265 2490 1326 2566 pri-

318 2594 399 2638 mum
417 2583 473 2654 est,
496 2573 575 2652 qumi
594 2583 653 2634 tarn
673 2572 848 2634 mirabiliter
866 2582 953 2634 uatus
976 2582 1035 2652 est;
1058 2571 1195 2634 ultimum
1217 2585 1327 2657 autem,

319 2663 397 2742 quod
422 2681 501 2723 curn·
518 2680 572 2722 suo
602 2663 778 2722 resuscitato
802 2679 818 2722 a
842 2663 966 2722 mortuis
990 2679 1114 2740 corpore
1138 2661 1273 2724 ascendit
1294 2667 1336 2724 in·

319 2751 441 2812 caeluni.
486 2749 585 2810 ludaei
614 2759 729 2829 autent,
761 2752 811 2827 qui
841 2767 910 2810 eum
941 2749 1115 2810 occiderunt
1141 2756 1172 2810 et
1198 2752 1228 2810 in
1258 2770 1328 2812 eum

320 2839 442 2909 credere
461 2837 629 2918 noluerunt,
654 2840 721 2915 quie
740 2836 897 2916 oportebat
914 2855 982 2898 eum
1007 2840 1083 2898 mori
1105 2845 1136 2899 ct
1159 2856 1337 2922 resurgere,-

267 2928 424 2989 nonestati
446 2925 593 2986 infelicius
616 2944 632 2985 a
652 2925 790 2986 Romanis
815 2926 1008 3004 funditusque
1031 2943 1047 2985 a
1071 2943 1126 2986 suo
1149 2943 1251 3007 regno,
1276 2927 1329 2990 uhi

318 3019 377 3077 iam
393 3017 435 3075 eis
453 3006 632 3092 alienigenae
653 3014 887 3095 dominabantur,
910 3013 1050 3074 eradicati
1069 3013 1254 3093 dispersique
1273 3035 1330 3096 per

320 3113 415 3164 terras
435 3096 567 3183 (quando
586 3101 704 3180 quidem
724 3101 834 3180 ubique
858 3119 917 3162 non
940 3095 1063 3181 desunt)
1087 3119 1141 3180 per
1164 3105 1330 3182 scripturae

282 3241 284 3249 s
320 3210 390 3266 suas
409 3192 576 3252 testimonio
595 3189 680 3251 nohis
704 3199 773 3251 sunt
794 3189 966 3270 prophetias
989 3207 1043 3249 uos
1066 3207 1125 3250 non
1148 3189 1268 3252 linxisse
1291 3193 1339 3253 de.
1451 3200 1455 3211 '

321 3279 452 3358 Christ03
480 3296 552 3357 quas
580 3278 699 3358 plurimi
730 3296 835 3339 eorum
862 3277 1086 3338 considerantes
1113 3285 1144 3338 et
1172 3289 1239 3363 ante
1263 3299 1340 3360 pue:

269 3381 302 3429 eo
322 3371 435 3428 sionem
464 3373 494 3427 et
521 3368 644 3426 maxime
673 3375 740 3445 post
768 3368 833 3426 eius
860 3367 1111 3426 resurrectionem
1138 3367 1341 3431 crediderunt·

321 3459 350 3516 in
379 3473 463 3536 erim,
495 3455 531 3516 de
561 3453 669 3533 quihus
697 3454 881 3532 praedictum
908 3461 966 3514 est:
1002 3454 1038 3514 Si
1060 3453 1161 3528 suerit
1186 3474 1343 3520 nummus.

318 3549 453 3618 filiorum
472 3543 573 3604 lsrael
589 3545 668 3604 sicut
686 3545 805 3603 harenc
824 3545 928 3615 moris,
951 3545 1101 3616 reliquiae
1123 3546 1227 3606 salvae
1246 3549 1332 3620 fient.

325 3716 357 3822 ὦ
385 3694 639 3823 21²a)nnon.o,e.
679 3699 721 3762 1⁷)
747 3693 823 3747 usai..
846 3699 875 3762 r,
903 3699 948 3760 143
971 3693 1020 3749 nc.
1050 3702 1078 3762 1,
1106 3701 1150 3750 ro.
1190 3697 1333 3767 aunem

360 3809 366 3836 ‚
422 3809 427 3820 .
