3284 4459
521 481 570 520 mu
583 481 727 521 cumcurn
740 482 794 522 om
807 481 834 522 m
846 481 934 522 xum
950 481 973 522 c.
987 483 1020 523 so.
1031 483 1065 524 51.
1238 465 1306 529 335

298 621 399 675 autem
425 629 487 676 nott
508 620 636 691 possunt
662 616 812 676 occidere.
858 614 916 687 Qui
937 623 972 676 nt
995 614 1093 695 frigidi
1114 616 1221 676 timore
1245 630 1306 675 nou

297 710 412 782 essent,
439 704 507 780 igne
535 704 666 763 caritatis
695 703 845 764 ardebant.
891 703 1024 782 lienique
1047 721 1106 763 non
1130 701 1225 762 solum
1248 718 1305 780 per

298 791 388 870 ipsos,
410 792 463 869 qui
484 807 553 851 eum
576 799 696 852 stante
720 794 887 871 passionem
909 800 941 853 et
962 799 1031 870 post
1052 791 1306 851 resurrectionem

298 877 432 940 viderant
463 887 494 938 et
522 877 691 960 audierant,
722 897 826 940 verram
853 882 942 942 etiam
968 888 1036 959 post
1063 877 1177 940 obitum
1199 895 1307 938 eorum

298 985 352 1045 per
387 971 523 1046 posteros
559 985 663 1028 eorum
699 970 777 1029 inter
813 968 977 1029 horrendas
1013 969 1239 1047 persecutiones
1275 972 1343 1034 ets

298 1057 394 1115 varim
412 1057 562 1117 cruciatus
580 1073 613 1116 ae
637 1056 741 1116 lunera
765 1065 927 1136 martyrum
949 1055 1151 1135 praedicatum
1173 1064 1220 1115 est
1242 1061 1307 1114 toto

298 1141 370 1203 orbe
399 1143 599 1224 evangelium,
630 1152 814 1205 contestante
843 1143 904 1204 lieo
934 1146 1027 1223 signis
1061 1153 1092 1204 et
1121 1145 1247 1204 ostentis
1276 1149 1309 1204 et

298 1233 386 1291 variis
416 1230 575 1292 virtutibus
602 1241 632 1292 et
655 1230 784 1311 Spiritus
812 1235 906 1293 sancti
929 1232 1119 1312 muueribns3
1148 1239 1182 1292 ut
1204 1229 1308 1311 populi

297 1321 431 1398 gentium
458 1319 614 1380 credentes
640 1321 672 1380 in
699 1338 781 1401 curm,
809 1323 861 1400 qui
886 1338 942 1401 pro
971 1337 1077 1382 eorum
1099 1319 1306 1401 redemptione

298 1407 458 1468 crucifixus
485 1417 543 1489 est,
570 1406 737 1470 Christiano
765 1426 866 1470 amore
892 1417 1107 1470 venerarentur
1131 1409 1307 1486 sanquinem
1327 1426 1361 1476 10

298 1504 469 1574 martyrum,
492 1513 580 1574 quem
603 1495 746 1558 diabolico
769 1499 872 1559 lurore
895 1497 1046 1578 fuderunt,
1069 1499 1186 1577 ipsique
1210 1513 1307 1575 reges,

209 1645 211 1650 ,
298 1600 426 1662 quorum
453 1582 567 1662 legibus
594 1584 762 1646 vastabatur
789 1585 931 1667 ecclesia,
960 1588 988 1647 ei
1011 1588 1124 1647 nomini
1146 1582 1308 1647 salubriter

298 1670 506 1752 subderentur,
528 1671 607 1752 quod
626 1672 663 1733 de
681 1681 761 1735 terra
784 1674 945 1736 crudeliter
962 1675 1081 1736 aulerre
1104 1677 1204 1739 conati
1227 1680 1308 1752 sunt,

298 1768 330 1820 et
352 1759 440 1820 lalsos
462 1760 534 1820 deos
557 1762 723 1841 inciperent
740 1765 892 1844 persequi,
912 1779 1042 1842 quornm
1064 1780 1153 1824 causa
1175 1761 1308 1825 cultores

298 1847 352 1908 liei
374 1849 437 1908 reri
460 1849 576 1909 lucrant
598 1857 683 1911 antea
705 1854 864 1929 persecuti.
1327 1867 1361 1918 to

706 2073 823 2141 Garun
846 2076 898 2142 LL

303 2205 392 2276 Quod
409 2206 499 2264 etiam
514 2221 573 2280 per
589 2205 815 2351 baereticorgtm
839 2206 1036 2267 dissensiones
1055 2207 1136 2273 nida
1154 2207 1307 2267 catholico

719 2309 755 2352 ro
775 2300 890 2353 oretur.

387 2412 495 2475 Videns
522 2421 620 2475 autem
648 2412 782 2475 diabolus
808 2415 917 2494 templa
945 2415 1121 2477 daemonum
1150 2415 1249 2477 deseri
1276 2424 1307 2476 et

298 2505 330 2563 in
359 2519 465 2563 nomen
494 2500 647 2563 liberantis
669 2499 840 2564 Mediatoris
866 2521 989 2566 currere
1019 2522 1114 2583 genus
1135 2503 1307 2585 humanum,
1325 2519 1360 2569 to

297 2590 463 2651 haereticos
491 2592 595 2670 movit,
622 2592 673 2669 qui
700 2589 757 2652 sub
784 2591 926 2653 vocabulo
954 2591 1122 2653 Christiano
1154 2591 1307 2653 doetrinae

298 2680 474 2739 resisterent
503 2677 705 2759 Christianae,
738 2682 823 2759 quasi
854 2689 976 2760 possent
1005 2680 1210 2742 indifferenter
1241 2682 1306 2741 sine

298 2767 358 2827 ulla
381 2768 568 2846 correptione
592 2765 694 2827 baberi
716 2769 747 2827 in
771 2771 888 2830 civitate
912 2768 978 2851 ltei,
1006 2771 1084 2830 sicut
1106 2770 1209 2829 civitas
1236 2786 1306 2829 con-

299 2855 425 2916 fusionis
451 2854 655 2915 indifferenter
682 2854 785 2917 habuit
811 2856 1002 2937 philosophos
1029 2860 1107 2919 inter
1135 2875 1167 2918 se
1191 2856 1306 2917 diversa

298 2953 330 3004 et
352 2941 473 3003 adversa
496 2944 667 3004 sentientes.
713 2944 771 3015 Qui
798 2963 870 3025 ergo
892 2947 924 3005 in
947 2945 1071 3007 ecclesia
1095 2944 1206 3006 Christi
1227 2962 1305 3007 mor·
1324 2960 1359 3011 to

298 3030 401 3092 bidum
431 3029 540 3110 aliquid
567 3048 749 3111 pravumque
777 3035 908 3114 sapiunt,
935 3035 960 3094 si
983 3036 1123 3115 correpti,
1143 3041 1179 3094 ut
1201 3051 1306 3094 sanum

298 3128 473 3197 rectumque
493 3120 615 3198 sapiant,
639 3121 782 3181 resistunt
801 3125 1015 3184 contumaciter
1034 3139 1146 3200 suaque
1164 3122 1307 3201 pestilera

298 3215 329 3268 et
348 3207 500 3267 mortifera
518 3205 653 3286 dogmata
672 3208 830 3269 emendare
850 3209 963 3291 nolunt,
985 3211 1037 3271 sed
1049 3210 1215 3280 ,defensare
1238 3227 1306 3287 per·

298 3298 425 3376 sistunt,
457 3294 600 3356 haeretici
635 3295 710 3356 liunt
745 3305 776 3356 et
812 3297 890 3358 toras
922 3307 1064 3361 exerentes
1096 3297 1243 3363 habentur
1273 3299 1306 3357 iu

298 3381 507 3445 exercentibus
525 3384 661 3444 inimicis.
706 3381 802 3446 Etiam
826 3387 869 3447 sic
892 3389 1000 3466 qnippe
1023 3389 1102 3447 veris
1124 3384 1182 3446 illis
1204 3383 1304 3446 catbo
1323 3400 1359 3451 so

369 3535 587 3605 mmmm

297 3668 510 3683 —m2

368 3753 385 3802 2
403 3764 454 3818 per
470 3747 546 3818 ipsos
563 3763 619 3801 non
637 3746 726 3802 solum
744 3763 761 3804 tt
