3284 4459
322 483 366 546 94
729 497 751 540 s,
765 497 930 540 cucusam

322 634 413 694 tionis
443 632 552 692 evadat.
597 632 704 693 Utrum
732 641 831 693 autem
858 633 976 710 aliquod
1004 631 1182 713 fuerit,ch
1209 633 1235 692 si
1263 632 1335 712 tuit,

323 719 408 799 quale
427 722 517 782 suerit
536 721 688 800 corporale
707 730 795 800 atque
819 720 932 782 visibile
955 722 1188 800 regenerationis
1210 722 1333 799 signum

323 816 390 869 ante
417 809 573 889 diluvium,
600 811 678 870 sicut
699 809 833 870 Abrabae
861 811 1047 870 circumcisio
1074 816 1178 888 postea
1206 817 1253 869 est
1274 811 1332 867 im·

322 905 432 978 perata,
456 916 538 958 sacra
556 898 679 959 historia
696 905 783 958 tacet.
829 898 1016 958 Sacrificasse
1039 906 1138 958 tamen
1156 895 1218 956 Deo
1241 899 1333 957 etiam

288 997 304 1045 5
323 985 388 1045 illos
411 988 631 1064 antiquissimos
650 986 784 1046 homines
808 1004 868 1046 non
890 995 981 1067 tacet,
1004 986 1082 1065 quod
1106 994 1137 1046 et
1158 987 1190 1044 in
1212 984 1332 1045 duobus

322 1076 426 1152 primis
454 1074 594 1135 iratribus
622 1074 740 1155 claruit,
773 1082 803 1135 et
829 1073 891 1135 Noe
919 1084 988 1154 post
1014 1074 1169 1152 diluvium,
1202 1091 1270 1133 cum
1292 1073 1332 1132 de

323 1180 390 1222 arca
413 1163 518 1224 suisset
541 1181 695 1241 egressum
718 1163 829 1222 hostias
851 1161 913 1222 Deo
935 1163 1043 1241 legitur
1065 1162 1241 1222 immolasse.
1286 1160 1331 1221 De

323 1269 380 1329 qua
399 1269 432 1312 rc
450 1253 481 1311 in
499 1250 745 1330 praecedentibus
765 1250 849 1311 libris
867 1253 926 1311 iam
948 1251 1084 1332 diximus,
1107 1269 1166 1310 non
1189 1248 1227 1310 ob
1250 1249 1332 1309 aiiud

323 1339 481 1400 daemones
513 1346 684 1418 arrogantes
716 1338 773 1399 sibi
808 1339 992 1399 divinitatem
1023 1339 1153 1417 deosque
1185 1356 1217 1398 se
1247 1337 1332 1398 credi

273 1439 305 1488 10
323 1429 477 1506 cupientes
497 1427 552 1488 sibi
571 1437 710 1506 expetere
734 1428 910 1488 sacrificium
934 1435 964 1488 ct
987 1428 1114 1505 gaudere
1138 1427 1227 1487 buius
1250 1424 1333 1484 modi

323 1515 499 1599 bonoribus,
527 1517 586 1577 nisi
613 1517 682 1594 quia
708 1533 812 1576 rerum
839 1516 1016 1577 sacrificium
1044 1533 1113 1576 vero
1136 1514 1197 1575 Deo
1227 1513 1333 1574 deberi

323 1607 429 1666 sciunt

710 1773 825 1841 Gurur
842 1773 946 1841 XVII.

347 1905 393 1964 De
415 1906 531 1965 duobus
554 1921 594 1964 ex
616 1921 677 1965 uno
696 1907 837 1980 genitore
854 1907 1029 1980 procreatis
1048 1905 1190 1980 patribus
1213 1904 1306 1978 atque

273 2003 305 2051 15
723 1994 924 2069 principibus.

413 2114 487 2175 Cum
515 2133 586 2194 crgo
614 2123 693 2176 esset
719 2114 809 2175 Adam
838 2117 994 2194 utriusque
1023 2117 1142 2193 generis
1171 2122 1269 2194 pater,
1298 2113 1331 2174 id

325 2212 371 2265 est
394 2211 424 2264 et
450 2205 536 2264 euius
559 2204 652 2263 series
675 2203 710 2262 ad
738 2211 900 2284 terrenam,
928 2213 959 2264 et
980 2205 1066 2264 cuius
1089 2205 1183 2264 series
1205 2203 1242 2262 ad
1264 2221 1332 2263 eae·

325 2292 428 2352 testem
447 2294 577 2371 pertinet
595 2293 751 2372 civitatem,
773 2293 872 2352 occiso
891 2290 963 2352 niet
985 2300 1074 2370 atque
1096 2293 1127 2351 iu
1150 2294 1216 2352 eius
1237 2293 1331 2352 inter-

325 2381 452 2441 fectione
480 2379 683 2440 commendato
711 2378 838 2440 mirabili
864 2388 1047 2440 sacramento
1077 2380 1146 2441 iacti
1173 2388 1244 2440 sunt
1270 2378 1333 2439 duo

273 2479 307 2529 20
324 2478 424 2547 patres
457 2466 641 2547 singulorum
674 2485 833 2549 generum,
865 2466 937 2527 Cain
969 2477 999 2528 et
1027 2467 1113 2550 Seth,
1143 2470 1175 2529 in
1203 2485 1334 2546 quorum

325 2557 401 2637 filiis,
425 2544 499 2636 quos
526 2558 750 2616 commemorari
773 2555 940 2635 oportebat,
967 2556 1092 2617 duarum
1115 2559 1238 2617 istarum
1261 2558 1333 2616 civi-

325 2653 419 2706 tatum
441 2647 472 2705 in
495 2661 604 2722 genere
623 2643 789 2703 mortabum
812 2643 977 2705 evidentius
999 2645 1106 2705 indicia
1128 2644 1241 2705 clarere
1263 2662 1332 2704 coe·

325 2741 442 2812 perunt.
497 2731 568 2792 Cain
600 2733 709 2811 quippe
741 2735 844 2810 genuit
875 2731 995 2812 Enoch,
1031 2735 1061 2792 in
1094 2735 1180 2793 euius
1212 2734 1332 2792 nomine

327 2821 457 2882 condidit
475 2822 632 2899 civitatem,
654 2828 803 2880 terrenam
821 2819 944 2902 scilicet,
965 2839 1025 2880 non
1043 2823 1281 2899 peregrinantem
1299 2822 1334 2881 in

274 2920 307 2968 ao
327 2909 383 2971 boe
406 2908 525 2988 mundo,
548 2908 649 2968 sedin
672 2909 736 2968 eius
759 2907 913 2987 temporali
935 2925 1007 2987 pace
1030 2927 1065 2968 ac
1087 2909 1225 2970 felicitate
1249 2910 1332 2987 quie·

327 3005 466 3058 scentem.
504 2995 575 3056 Cain
595 3003 693 3056 autem
711 2999 925 3074 interpretatur
942 2999 1105 3077 possessi03
1123 2997 1201 3057 unde
1218 2996 1334 3058 dictum

327 3095 385 3166 est,
417 3085 533 3165 qnando
561 3092 647 3144 natus
675 3093 734 3164 est,
762 3087 823 3144 sive
851 3103 867 3143 a
893 3094 977 3164 patre
1005 3087 1066 3145 sive
1093 3103 1110 3145 a
1137 3094 1230 3145 matre
1253 3087 1333 3146 eius:

327 3177 487 3250 Adquisivi
516 3175 664 3233 hominem
692 3191 752 3248 per
782 3174 887 3233 Deum,
937 3172 1040 3234 Enoch
1072 3191 1141 3233 vero
1173 3173 1334 3253 dedicati03

327 3263 375 3324 bic
398 3265 477 3322 enim
500 3260 653 3322 dedicatur
672 3268 791 3321 terrena
814 3262 926 3341 civitas,
949 3260 1000 3321 ubi
1023 3260 1169 3341 conditur,
1192 3263 1332 3338 quoniam

274 3364 309 3412 30
327 3351 376 3411 bic
403 3350 491 3411 babet
518 3367 600 3430 eum,
627 3367 715 3427 quem
744 3348 872 3409 intendit
894 3357 924 3409 et
946 3352 1070 3430 appetit,
1096 3350 1193 3409 finem.
1237 3349 1334 3409 Porro

327 3439 375 3500 illc
399 3438 471 3499 Seth
498 3439 710 3516 interpretatur
738 3439 918 3498 resurrectio
946 3446 977 3498 et
998 3438 1078 3497 Enos
1100 3436 1178 3497 filius
1201 3438 1265 3497 eius
1288 3438 1333 3497 in·

327 3534 509 3606 terpretatur
526 3525 629 3605 bomo,
651 3543 710 3584 non
729 3526 806 3586 sicut
819 3525 919 3586 Adam.
955 3524 994 3586 Et
1011 3529 1109 3605 ipsum
1127 3526 1206 3585 enim
1223 3543 1334 3585 nomen

328 3616 415 3676 bomo
438 3617 668 3693 interpretatur,
692 3612 743 3672 sed
766 3631 922 3673 commune
945 3613 1120 3693 perhibetur
1142 3632 1207 3674 esse
1229 3615 1262 3673 in
1284 3611 1335 3674 ilia

395 3763 421 3831 4)
441 3759 508 3816 Gen.
530 3764 571 3826 ιτ,
587 3765 620 3813 10
630 3776 671 3826 sq.
727 3761 753 3826 r)
773 3759 840 3814 oen.
861 3766 885 3826 c,
901 3765 943 3813 eo.
1000 3762 1043 3829 aa)
1063 3760 1130 3815 Gen.
1150 3767 1213 3828 4,1.
