3284 4459
359 501 422 566 108
758 514 961 558 annonarum

358 652 475 730 possint
501 649 610 730 angeli,
638 668 706 712 cum
730 651 853 728 spiritus
876 651 950 729 sint,
975 648 1171 729 corporaliter
1193 650 1275 709 coire
1298 666 1367 710 cum

359 740 485 800 leminis.
532 737 682 817 Scriptum
718 746 765 798 est
800 740 894 798 enim:
935 739 995 810 Qui
1025 736 1107 813 facit
1142 741 1266 813 ampelos
1296 755 1368 798 suos

358 829 497 904 spiritus,
524 826 554 886 id
583 835 629 887 est
656 844 721 906 eos,
749 827 800 904 qui
823 834 927 886 natura
951 827 1074 903 spiritus
1096 833 1180 905 sunt,
1207 826 1278 885 lacit
1300 844 1367 886 esse

359 914 479 994 angelos
497 932 577 995 suos,
598 914 779 993 iniungendo
798 916 842 975 eis
860 914 992 974 officium
1010 914 1173 974 nundandi.
1211 913 1269 984 Qui
1287 915 1367 974 enirn

324 1001 471 1063 oGraece
499 1002 609 1062 dicitur
635 998 768 1084 ἅγγελος,
797 1002 876 1081 quod
903 1020 1012 1063 nomen
1038 1000 1141 1062 Latina
1168 1001 1366 1062 declinatione

359 1090 480 1170 angelus
507 1089 698 1171 perhibetur,
729 1089 833 1151 Latina
859 1090 959 1169 lingua
993 1092 1116 1151 nuntius
1143 1092 1366 1168 interpretatur.

360 1179 418 1240 Sed
447 1188 547 1240 utrum
579 1197 683 1240 eorum
719 1197 844 1258 corpora
878 1186 1096 1257 consequenter
1125 1178 1294 1239 adiunxerit
1322 1177 1365 1238 di·

360 1268 468 1329 cendo:
491 1268 531 1328 Et
548 1270 701 1328 ministros
718 1285 788 1328 suos
812 1271 911 1342 ipnem
933 1271 1106 1341 ardentem,
1129 1285 1165 1326 an
1189 1265 1269 1345 quod
1292 1269 1367 1326 cari-

359 1366 419 1418 tate
442 1365 591 1434 tamquam
614 1358 683 1434 igne
706 1355 832 1434 spiritali
854 1356 969 1416 terrere
992 1355 1119 1416 debeant
1141 1356 1270 1414 ministri
1292 1355 1367 1434 eius,

309 1457 341 1505 10
360 1443 530 1523 ambiguum
558 1452 612 1504 est.
657 1444 836 1523 Apparuisse
864 1452 963 1505 tamen
989 1443 1159 1504 hominibus
1186 1442 1306 1522 angelos
1335 1445 1366 1503 in

360 1531 467 1594 talibus
499 1531 692 1612 corporibus,
724 1539 758 1592 ut
789 1549 849 1592 non
881 1530 976 1592 solnm
1004 1531 1113 1610 videri,
1144 1549 1247 1591 verum
1278 1533 1367 1591 etiam

359 1623 440 1698 tangi
467 1628 602 1700 possent,
629 1619 731 1680 eadem
759 1622 946 1680 veracissima
974 1621 1121 1698 scriptura
1148 1627 1284 1680 testatur.
1328 1618 1369 1680 Et

361 1711 499 1788 quoniam
527 1707 707 1769 creberrima
738 1708 814 1768 lama
841 1715 887 1768 est
915 1708 1058 1787 multique
1089 1726 1120 1768 se
1150 1715 1290 1786 expertos
1320 1707 1366 1767 vel

361 1796 396 1858 ab
425 1799 480 1878 eis,
512 1798 563 1875 qni
587 1798 701 1875 experti
729 1804 843 1876 essent,
869 1795 906 1856 de
934 1814 1060 1874 quorum
1088 1796 1145 1856 lide
1173 1795 1367 1856 dubitandum

308 1896 342 1946 15
362 1903 421 1946 non
449 1893 542 1964 esset,
571 1885 688 1945 audisse
719 1884 910 1966 confirmant,
938 1883 1070 1945 Siluanos
1097 1893 1129 1944 et
1154 1883 1263 1963 Panes,
1291 1901 1369 1961 qnos

362 1972 447 2052 vulgo
470 1971 594 2033 incubos
622 1981 737 2052 vocant,
759 1971 902 2051 inprobos
925 1991 1012 2053 saepe
1036 1975 1168 2032 extitisse
1192 1971 1369 2033 mudieribus

361 2069 392 2122 et
413 2079 516 2122 aarum
538 2063 685 2140 appetisse
709 2077 743 2120 ac
765 2063 917 2140 peregisse
939 2059 1144 2140 concubitum,
1171 2068 1201 2120 et
1224 2060 1368 2138 quosdam

360 2149 527 2225 daemones,
550 2167 625 2227 quos
648 2146 755 2209 Dusios
777 2147 852 2209 Galli
875 2158 1056 2230 nuncupant,
1079 2149 1200 2208 adsidue
1223 2148 1299 2208 banc
1321 2151 1369 2208 in·

360 2237 533 2298 munditiam
562 2245 592 2298 et
621 2245 765 2315 temptare
797 2245 830 2296 ct
860 2238 992 2316 efficere,
1019 2237 1121 2316 plures
1151 2236 1284 2315 talesque
1317 2237 1369 2297 ad-

308 2338 342 2388 20
361 2334 506 2406 severant,
528 2333 562 2385 ut
575 2324 632 2385 hoc
650 2343 758 2404 negare
774 2325 963 2403 inpudentiae
978 2326 1125 2386 videatur:
1148 2343 1208 2385 non
1223 2324 1292 2385 hinc
1315 2324 1367 2385 ali-

360 2414 431 2494 quid
455 2412 549 2475 audeo
573 2413 709 2493 deliuire,
732 2421 834 2474 utrum
857 2413 947 2492 aliqui
969 2415 1093 2492 spiritus
1115 2413 1261 2475 elemento
1285 2416 1368 2473 aerio

360 2504 509 2582 corporati
527 2495 610 2583 (nam
629 2500 685 2561 hoc
704 2501 884 2562 elementum
902 2504 991 2563 etiam
1009 2519 1077 2562 cum
1100 2504 1228 2581 agitatur
1249 2500 1368 2562 flabello

361 2609 450 2651 sensu
474 2591 608 2668 corporis
627 2596 767 2668 tactuque
791 2584 934 2672 sentitur)
957 2593 1073 2669 possint
1094 2589 1171 2650 banc
1194 2590 1283 2650 etiam
1305 2591 1369 2669 pati

361 2677 527 2758 libidinem,
559 2687 606 2758 ut,
637 2695 696 2755 quo
729 2677 815 2738 modo
848 2686 987 2759 possunt,
1019 2678 1216 2739 sentientibus
1247 2678 1368 2738 leminis

307 2779 341 2828 25
360 2769 548 2826 misceantur.
593 2765 647 2826 Dei
674 2774 772 2827 tamen
800 2766 920 2844 angelos
948 2775 1066 2827 sanctos
1094 2765 1174 2826 nullo
1201 2766 1289 2826 modo
1316 2765 1369 2826 illo

360 2863 493 2934 tempore
522 2855 565 2914 sic
593 2853 651 2913 labi
678 2856 810 2933 potuisse
834 2855 1023 2935 crediderim3
1050 2873 1105 2915 nec
1128 2854 1165 2914 de
1187 2853 1234 2914 bis
1257 2853 1369 2914 dixisse

361 2942 526 3022 apostolum
544 2940 679 3003 Petrum:
703 2943 739 3003 Si
756 2947 835 3004 enim
853 2944 935 3004 Deus
954 2947 1070 3018 anpelts
1084 2944 1284 3021 peccantibus
1305 2960 1369 3003 non

357 3034 505 3108 pepercit,
526 3033 582 3091 sed
603 3033 784 3091 carceribus
806 3034 947 3106 calipinis
970 3029 1065 3106 inseri
1085 3033 1247 3092 retrudens
1270 3034 1367 3091 tradi-

362 3121 407 3180 att
433 3122 465 3179 r'n
495 3120 609 3180 indicto
633 3121 803 3195 puniendos
830 3122 1003 3190 reservor&
1034 3118 1086 3178 sed
1113 3121 1213 3197 potius
1240 3117 1276 3178 de
1299 3117 1370 3200 illis,

307 3221 343 3270 30
362 3208 414 3285 qui
436 3208 566 3286 primum
588 3213 788 3286 apostatantes
811 3225 828 3266 a
850 3206 912 3267 Deo
935 3225 1003 3267 cum
1026 3206 1129 3266 zabulo
1153 3225 1207 3266 suo
1230 3208 1369 3286 principe

361 3295 542 3375 ceciderunt,
565 3297 616 3373 qui
634 3297 764 3374 primurn
787 3295 936 3355 bominem
958 3313 1013 3373 per
1035 3295 1172 3355 invidiam
1197 3303 1370 3374 serpentina

431 3411 457 3477 3)
476 3409 520 3464 Pe.
540 3413 600 3476 103,
614 3413 639 3463 4.
694 3411 738 3477 29)
758 3415 781 3462 2.
795 3409 869 3464 Pelr.
889 3417 915 3476 2,
929 3416 954 3464 4.

431 3537 447 3585 ὁ
467 3532 583 3603 angelus
598 3529 685 3600 R¹F3
704 3531 819 3602 angelos
837 3533 895 3588 rell.
909 3534 919 3601 ΙΙ
933 3538 966 3586 12
984 3533 1166 3588 ueracissima
1185 3536 1372 3604 V(111,19);

359 3603 507 3657 uerissima
523 3620 576 3658 mss
589 3603 646 3658 rell.
661 3621 677 3657 a
691 3604 700 3673 ll
715 3609 747 3656 15
767 3605 841 3656 esset
856 3603 1101 3674 VRAFGae¹p3
1120 3607 1164 3659 est
1177 3605 1246 3660 be'a
1258 3607 1268 3676 ΙΙ
1281 3621 1372 3675 panes

367 3674 535 3742 VRAFe¹3
555 3689 644 3744 panos
662 3672 737 3740 b²e¹;
754 3673 883 3742 phaunoa
900 3692 929 3740 r3
947 3674 1047 3728 faunos
1066 3675 1163 3745 ab¹pa
1180 3677 1190 3746 ll
1210 3682 1242 3730 16
1261 3677 1372 3731 incibos

367 3746 497 3802 V¹R¹A¹
509 3748 518 3816 ΙΙ
532 3751 567 3800 30
585 3745 685 3799 nebulo
700 3747 729 3801 R
743 3746 789 3812 (cf.
805 3747 850 3799 lib.
860 3750 897 3800 16
910 3762 932 3799 c.
943 3749 978 3812 8,·
991 3747 1008 3799 l.
1018 3751 1057 3801 20
1070 3751 1120 3801 αὗ
1133 3754 1217 3815 cutm
1235 3747 1370 3804 Gonnaa

360 3819 437 3874 insta.
452 3819 545 3884 1116,
559 3821 577 3873 7
590 3823 615 3872 et
628 3821 702 3886 cet.);
721 3814 836 3870 diabulo
854 3834 881 3882 νς
901 3815 1014 3870 diabolo
1033 3818 1090 3872 rell.
1110 3835 1126 3870 a
