3284 4459
539 542 579 582 uu
593 541 737 583 crvrruun
750 543 804 582 nur
817 543 843 582 1..
857 543 944 582 xvm.
958 545 980 584 c.
994 546 1026 584 se.
1219 523 1292 595 315'

276 677 338 736 suis
367 675 473 736 litteris
500 675 685 737 custoditam.
732 674 864 754 denique
887 675 1004 756 Moyses
1026 679 1057 737 in
1080 677 1190 758 populo
1214 695 1284 739 con·

176 801 178 816 ·
276 764 381 843 stituit,
404 766 456 842 qui
478 763 619 825 docendis
638 764 744 826 litteris
767 773 948 845 praeessent,
970 766 1145 845 priusquam
1169 765 1284 828 divinae

275 850 349 931 legis
373 851 447 913 ullas
469 851 582 914 litteras
606 860 737 914 nossent.
781 851 844 912 Hos
865 852 1162 933 appeliatscriptura
1190 877 1284 936 ypap-

275 935 542 1022 ματοεισαγωγούς,
575 941 627 1019 qui
658 939 760 1002 Latine
794 940 853 1002 dici
883 951 1009 1020 possunt
1040 941 1207 1003 litterarum
1238 946 1283 1005 in·

275 1027 415 1088 ductores
438 1028 484 1088 vei
506 1029 739 1108 introductores,
767 1047 803 1089 eo
827 1028 906 1108 quod
929 1048 979 1090 eas
1002 1031 1157 1112 in'ducant,
1184 1030 1214 1092 id
1238 1039 1319 1093 esth

275 1116 474 1198 introducant,
497 1115 623 1196 quodam
642 1117 729 1177 modo
748 1119 778 1177 in
797 1117 887 1177 corda
910 1117 1087 1179 discentium
1111 1118 1157 1180 vet
1179 1122 1210 1180 in
1233 1138 1284 1181 eas

274 1206 374 1284 potius
401 1206 482 1284 ipsos
510 1223 585 1284 quos
612 1204 728 1265 docent.
774 1205 858 1265 Nulla
887 1208 977 1284 igitur
1000 1225 1073 1285 gens
1097 1206 1133 1268 de
1157 1209 1283 1286 antiqui·
1319 1201 1323 1206 ’

275 1299 335 1353 tate
355 1310 425 1353 suae
445 1293 604 1372 sapientiae
620 1312 711 1373 super
728 1293 910 1374 patriarchas
929 1302 960 1354 et
976 1293 1136 1373 prophetas
1155 1303 1284 1377 nostros,
1316 1291 1319 1301 '

276 1379 385 1460 quihus
407 1379 504 1442 divina
527 1383 623 1442 inerat
651 1383 807 1461 sapientia,
836 1380 894 1442 ulla
917 1400 949 1442 se
973 1385 1100 1444 vanitate
1123 1385 1285 1465 iactaverit,

276 1468 393 1548 quando
417 1485 472 1530 nec
491 1469 640 1548 Aegyptus
663 1472 820 1546 invenitur,
844 1488 918 1549 quae
942 1469 1018 1531 solet
1040 1466 1113 1532 falso
1136 1480 1167 1533 et
1189 1473 1336 1533 inani-10

276 1566 323 1617 ter
345 1556 382 1617 de
405 1575 525 1618 suarum
549 1557 750 1619 doctrinarum
773 1559 946 1637 antiquitate
969 1558 1098 1638 gloriari,
1122 1559 1283 1639 qualicum-

277 1663 334 1724 que
353 1647 495 1725 sapientia
515 1663 566 1706 sua
590 1645 825 1725 patriarcharum
848 1655 1019 1709 nostrorum
1042 1656 1176 1728 tempore
1198 1666 1283 1728 prae·

277 1735 392 1793 venisse
422 1736 603 1813 sapientiam.
648 1733 764 1814 Neque,
778 1737 859 1796 enim
885 1737 1041 1814 quisquam
1065 1736 1164 1796 dicere
1195 1738 1284 1798 aude·

276 1819 320 1881 hit
361 1821 539 1883 mirabilium
584 1822 806 1902 disciplinarum
851 1840 904 1884 eos
944 1825 1141 1902 peritissimos
1183 1825 1285 1908 fuisse,

276 1917 433 1989 antequam
460 1909 574 1972 litteras
601 1920 739 1991 nossent,
765 1910 794 1970 id
824 1917 883 1992 est,
910 1919 1067 1991 antequam
1091 1911 1146 1973 isis
1177 1932 1212 1973 eo
1235 1932 1283 1974 ve·
1305 1925 1337 1974 tt

277 1999 371 2058 nisset
398 2015 506 2077 easque
534 1997 575 2059 ihi
602 1997 759 2060 docuisset.
805 1997 870 2078 ipsa
898 2018 988 2079 porro
1012 2019 1116 2061 eorum
1139 2019 1283 2062 memora·

276 2085 344 2162 bilis
367 2085 514 2166 doctrina,
538 2104 613 2166 quae
637 2085 779 2167 appellata
801 2095 848 2147 est
871 2090 1022 2167 sapientia,
1046 2088 1115 2167 quid
1140 2098 1204 2150 erat
1226 2092 1284 2151 nisi

277 2176 402 2236 maxime
429 2175 607 2236 astronomia
635 2185 665 2236 et
692 2178 717 2234 si
741 2174 811 2254 quid
835 2174 914 2235 aliud
937 2175 1039 2236 talium
1062 2172 1285 2256 disciplinarum

277 2265 370 2342 magis
399 2261 435 2323 ad
462 2262 625 2324 exercenda
653 2265 768 2344 ingenia
796 2281 883 2343 quam
912 2263 948 2324 ad
975 2263 1192 2326 inluminandas
1214 2282 1285 2326 vera

277 2352 420 2430 sapientia
456 2360 570 2412 meotes
606 2351 681 2413 solet
718 2347 837 2412 valere?
881 2349 954 2411 Nam
992 2351 1071 2431 quod
1102 2352 1215 2414 adtinet
1246 2353 1284 2414 ad
1303 2366 1338 2415 20

276 2437 500 2519 philosophiam,
523 2458 597 2519 quae
617 2459 649 2500 se
668 2438 775 2500 docere
794 2440 951 2518 profitetur
970 2439 1089 2519 aliquid,
1112 2441 1190 2502 unde
1213 2440 1286 2503 flant

276 2527 412 2588 homiues
430 2525 517 2608 beati,
540 2531 618 2588 circa
637 2536 770 2606 tempora
788 2525 936 2607 Mercurii,
955 2545 1044 2608 quem
1058 2527 1285 2608 Trismegistum

276 2625 468 2697 vocaverunt,
500 2617 530 2675 in
559 2616 617 2677 illis
650 2617 739 2677 terris
772 2617 837 2676 eius
866 2614 945 2676 modi
975 2616 1073 2676 studia
1104 2616 1286 2700 claruerunt,

276 2703 363 2782 longe
387 2703 506 2782 quidem
525 2713 592 2765 ante
616 2706 763 2784 sapientes
787 2703 832 2763 vel
855 2703 1045 2783 philosophos
1059 2703 1207 2787 Graeciae,
1231 2706 1284 2768 sed

277 2797 375 2852 tamen
399 2799 466 2870 post
483 2790 629 2852 Abraham
652 2801 682 2852 et
700 2790 780 2852 isaac
803 2799 835 2852 et
847 2789 933 2852 Iacob
957 2800 988 2852 et
1005 2792 1121 2874 loseph,
1143 2796 1284 2856 nimirum
1302 2808 1337 2857 tt

277 2881 366 2940 etiam
402 2888 470 2959 post
505 2883 603 2960 ipsum
634 2879 764 2959 Moysen.
809 2877 853 2940 Eo
891 2882 999 2960 quippe
1036 2889 1188 2964 tempore,
1225 2902 1284 2963 quo

277 2966 393 3047 hioyses
411 2975 497 3029 natus
516 2978 570 3049 est,
588 2969 679 3029 tuisse
699 2969 849 3047 reperitur
862 2967 963 3028 Atlans
981 2968 1030 3029 iile
1050 2988 1173 3049 magnus
1191 2980 1284 3034 astro·

277 3054 372 3135 iogus,
394 3047 563 3118 Promethei
586 3057 691 3136 irater,
719 3063 871 3116 maternus
898 3074 969 3117 arus
991 3055 1132 3119 Mercurii
1155 3062 1286 3142 maioris,

278 3145 364 3205 cuius
386 3160 479 3222 nepos
502 3145 558 3206 suit
580 3143 792 3223 Trismegistus
814 3145 871 3204 iste
893 3141 1068 3206 Mercurius.

276 3359 302 3413 A
348 3289 551 3415 t)06118uesi.in
564 3291 1011 3361 Heptet.p.134,1tsqq.Zych.
1049 3296 1094 3362 tt)
1113 3292 1204 3358 Frick,
1218 3292 1288 3348 fonh

302 3379 349 3432 ‘¹8-
367 3379 396 3430 P·
447 3403 453 3414 ·

350 3561 364 3609 1
383 3571 448 3624 pop.
468 3555 552 3611 Deio
570 3557 579 3625 ΙΙ
597 3561 613 3608 3
632 3557 923 3627 grammatoisegogus
937 3556 1028 3629 Μ’,
1047 3558 1161 3627 dentque
1177 3558 1290 3612 &oecis

278 3625 584 3752 ἒιξέᾭῗθρὲᾗςῗῖοῆ
596 3627 760 3697 -gosA013
772 3636 1099 3698 γραμματοεισαγωγεῑςυ
1108 3638 1118 3701 q
1127 3633 1160 3681 tt
1169 3627 1289 3698 tumor
