3284 4459
334 481 400 547 392
741 494 763 534 s.
777 494 941 536 innuerim

332 629 579 708 inpudentissime
602 625 828 690 contentiosus?
873 629 931 689 Sed
954 637 989 688 ut
1011 637 1124 689 taceam
1148 629 1251 708 quales
1274 632 1343 710 sint,

334 736 409 797 qnos
438 719 589 778 sacrifieiis
617 717 766 779 celebant:
795 719 827 778 in
855 717 919 796 iege
948 719 1010 777 reri
1033 716 1087 778 Dei
1115 719 1344 796 scriptumest:

333 807 524 880 Sacrificans
552 809 611 867 dits
640 807 855 867 eradicabitur
876 809 938 866 nni
959 807 1087 867 Domino
1109 813 1234 867 tentent
1280 806 1343 867 Nee

332 894 419 955 bonis
442 897 533 973 igitur
551 913 607 954 nee
625 893 710 956 melis
732 894 790 954 diis
813 895 974 954 sacrificari
996 893 1096 974 voluit,
1120 897 1171 972 qui
1193 894 1251 955 hoe
1274 915 1343 956 eum

298 991 414 1045 ttenta
437 985 663 1044 comminatione
686 985 846 1062 praecepit.

712 1206 831 1273 Onrnr
854 1205 957 1272 XXII.

377 1338 425 1399 An
447 1355 537 1399 verus
559 1339 600 1398 sit
620 1337 711 1409 Deus,
734 1339 789 1397 cui
812 1337 981 1397 Otreettant
1001 1341 1145 1412 serviunt,
1167 1341 1223 1399 eni
1241 1343 1302 1400 soti

678 1426 788 1485 debeat
808 1428 993 1498 sacrificari.

424 1547 482 1609 Sed
501 1547 674 1626 responderi
693 1555 806 1626 potest:
828 1547 921 1629 „Quis
943 1551 999 1609 iste
1018 1548 1098 1610 Deus
1121 1557 1167 1610 est
1189 1557 1241 1612 ent
1261 1551 1343 1612 unde

282 1637 442 1715 indignus
472 1635 630 1717 probatur,
659 1638 708 1696 cui
738 1635 882 1697 deberent
909 1635 1114 1716 obtemperare
1141 1637 1281 1721 Romani,
1308 1647 1344 1701 nt

332 1724 446 1786 nnlinm
461 1723 584 1784 deonrm
603 1731 722 1803 praeter
740 1727 837 1803 ipsum
857 1722 991 1785 celerent
1005 1721 1198 1786 sacrificiis‘?“
1219 1727 1342 1806 Magnae

333 1815 482 1874 caecitatis
512 1820 573 1893 est,
604 1811 698 1872 adhue
722 1831 883 1892 quaerere,
910 1815 977 1892 quis
999 1815 1056 1875 iste
1079 1816 1118 1874 sit
1141 1814 1228 1875 Deus.
1273 1815 1342 1896 Ipse

333 1909 379 1962 est
401 1900 493 1982 Deus,
522 1903 607 1961 euius
634 1899 795 1979 prophetae
826 1903 1038 1981 praedixerunt
1065 1905 1122 1963 iste
1145 1921 1220 1982 qnae
1244 1907 1341 1964 cerni·

332 2008 407 2052 mus.
454 1989 519 2068 ipse
542 1997 589 2049 est
611 1989 699 2069 Deus,
722 2007 738 2048 a
762 2007 821 2068 quo
844 2008 1021 2069 responsum
1045 1993 1158 2070 accepit
1180 1991 1342 2054 Abraham:

280 2090 313 2141 1⁶
332 2080 370 2140 In
406 2081 519 2139 semine
552 2085 603 2138 tuo
640 2078 859 2138 benedicentur
894 2096 995 2139 omnes
1029 2087 1142 2154 pentes.
1189 2079 1273 2150 Quod
1309 2084 1343 2142 in

333 2166 450 2228 Christe
474 2167 553 2247 fieri,
581 2167 631 2244 qui
655 2165 819 2226 secundum
843 2184 963 2226 carnem
987 2167 1023 2227 de
1046 2166 1096 2228 ilie
1120 2171 1232 2228 semine
1257 2187 1343 2229 exor-

333 2264 381 2317 tus
400 2262 455 2336 est,
479 2254 557 2314 idern
575 2255 632 2334 ipsi
651 2256 702 2333 qui
725 2263 933 2314 remanserunt
956 2254 1045 2315 huius
1069 2259 1197 2316 nominis
1219 2259 1344 2334 inimici,

332 2344 423 2405 velint
446 2343 584 2423 nolintve,
608 2351 799 2422 cognoscunt.
844 2342 911 2422 lpse
935 2352 981 2403 est
1003 2343 1092 2423 liene,
1115 2348 1200 2405 euius
1224 2345 1343 2406 divinus

335 2431 464 2512 Spiritus
496 2449 551 2510 per
581 2449 631 2491 eos
663 2431 781 2491 loeutus
813 2439 877 2510 est,
909 2449 1037 2509 querum
1069 2433 1219 2511 praedicta
1252 2442 1342 2512 etque

280 2534 315 2585 20
334 2520 479 2599 compieta
497 2537 550 2599 per
569 2519 732 2598 eeclesiam,
756 2537 843 2598 quem
857 2518 991 2579 videmus
1013 2528 1077 2580 toto
1100 2520 1173 2580 orbe
1196 2523 1344 2603 diffusam,

333 2610 365 2668 in
388 2608 471 2668 libris
495 2606 698 2686 superioribus
721 2609 815 2685 posui.
861 2607 927 2686 lpse
951 2616 997 2667 est
1019 2607 1114 2688 Deus,
1136 2628 1225 2688 quem
1248 2609 1344 2671 Varro

333 2695 522 2756 doctissimus
551 2695 751 2755 Romanorum
781 2695 879 2755 lovem
910 2705 1009 2776 putat,
1040 2701 1172 2775 quamvis
1204 2701 1344 2760 nesciens

334 2782 403 2863 qnid
427 2783 580 2863 loquetur,
604 2782 682 2861 qnod
706 2791 803 2842 tamen
827 2785 894 2844 ideo
917 2785 1208 2846 commemorandum
1230 2790 1344 2868 putavi,

334 2873 473 2950 quoniam
505 2873 549 2930 vir
581 2879 677 2930 tentae
715 2872 855 2932 scientiae
892 2889 947 2932 nee
980 2873 1092 2933 nulium
1123 2876 1215 2934 istum
1246 2875 1344 2936 Derim

281 2973 315 3024 25
334 2961 430 3040 potnit
446 2961 622 3019 existimare
652 2976 707 3018 nee
739 2959 834 3019 vilem.
879 2959 966 3020 Hunc
993 2964 1072 3020 enim
1095 2980 1163 3022 eum
1187 2981 1252 3023 esse
1276 2982 1342 3023 ere-

334 3046 422 3129 didit,
453 3065 541 3125 quem
569 3064 717 3107 summum
744 3050 857 3125 putavit
887 3047 984 3107 deum.
1029 3049 1184 3110 Postremo
1207 3053 1270 3130 ipse
1295 3062 1345 3112 est

333 3135 421 3216 Beue,
445 3153 532 3214 quern
556 3134 745 3196 doctissimus
768 3135 1021 3217 philosophorum,
1043 3141 1177 3215 qiramvis
1200 3138 1342 3201 Christia-

333 3242 439 3285 norum
459 3225 620 3283 acerrimus
640 3225 785 3304 inimieuS,
808 3226 897 3283 etiem
916 3241 970 3302 per
988 3242 1091 3284 eorum
1115 3227 1242 3310 oracula,
1265 3242 1344 3307 qrros

333 3312 404 3373 deos
426 3319 524 3392 putat,
547 3312 634 3372 deum
659 3330 795 3390 magnum
818 3311 999 3392 Porphyrius
1022 3314 1189 3377 confitetur.

404 3485 431 3550 3)
450 3481 536 3536 Exod.
556 3487 598 3548 22,
618 3486 660 3534 20.
699 3485 742 3549 15)
762 3481 830 3538 Gen.
849 3487 892 3549 ee,
913 3486 954 3538 ιε.

405 3681 437 3732 18
457 3677 593 3731 diuinitus
611 3693 652 3747 tn
