3284 4459
328 460 394 526 600
734 469 934 513 senensem

328 609 380 671 ubi
402 607 549 689 membra,
581 614 615 669 ut
636 605 894 686 praeciderentur,
920 622 1063 684 percussu
1084 603 1132 665 vel
1155 613 1234 665 secta
1258 612 1347 686 sunt,

327 698 370 759 ibi
391 698 562 777 cicatrices,
593 694 646 756 sed
674 703 772 755 tamen
801 694 911 754 eisdem
941 691 1082 754 memhris
1104 692 1244 773 redditis,
1275 710 1345 752 uon

327 785 461 866 perditis,
485 783 676 864 apparebunt.
722 782 862 853 Quamvis
881 784 980 859 itaque
1003 784 1102 842 omnia
1124 798 1199 860 quae
1223 780 1343 841 accide-

329 882 401 934 runt
417 875 536 951 corpori
556 874 625 932 vitia
647 878 721 933 tunc
744 888 804 930 non
828 878 925 951 erunt,
948 887 1006 930 non
1031 878 1101 930 sunt
1123 878 1223 930 tamen
1245 868 1343 948 depu-

294 961 417 1024 sunda
439 960 486 1022 vel
507 958 679 1041 appellanda
701 960 771 1020 vitia
793 960 913 1019 virtutis
935 957 1051 1019 indicia

732 1198 851 1267 enus
870 1200 939 1267 XX

335 1332 423 1404 Quod
438 1334 471 1392 in
488 1332 716 1392 resurrectione
738 1337 927 1391 mortuorum
949 1337 1065 1391 nature
1087 1346 1251 1406 corporum
1274 1335 1344 1407 qui·

362 1421 490 1480 buslebet
510 1420 605 1480 modis
628 1420 842 1493 dissipatorum
865 1420 897 1478 in
920 1421 1071 1493 intectum
1093 1420 1307 1494 undecumque

714 1508 889 1567 reuocando
911 1509 958 1567 sit.

280 1647 312 1695 ιο
420 1629 504 1690 Absit
522 1638 630 1710 autem,
648 1636 683 1689 ut
700 1628 736 1689 ad
755 1628 958 1689 resuscitanda
977 1646 1102 1708 corpora
1120 1632 1255 1709 vitaeque
1276 1632 1345 1693 red·

331 1718 427 1779 denda
454 1736 514 1777 non
539 1720 634 1797 possit
661 1719 873 1796 omnipotentia
897 1715 1046 1777 Creatoris
1069 1720 1167 1778 omnia
1190 1736 1345 1801 revocare,

332 1824 407 1886 quae
426 1805 472 1867 rel
488 1804 601 1867 bestiae
620 1805 666 1866 vel
684 1808 760 1885 ignis
778 1804 952 1885 absumpsit,
976 1804 1022 1866 vel
1039 1808 1069 1865 in
1089 1806 1242 1885 pulverem
1261 1810 1344 1869 cine-

331 1912 431 1956 remve
460 1893 631 1973 conlapsum
667 1894 714 1954 vei
740 1896 771 1954 in
798 1911 934 1954 umorem
966 1893 1096 1955 solutum
1126 1894 1172 1954 vel
1199 1897 1344 1956 inauras

332 1990 379 2044 est
396 1982 572 2043 exhalatum.
616 1981 700 2043 Absit
722 1991 756 2042 ut
778 1984 862 2042 sinus
886 1981 963 2042 ullus
986 1992 1194 2061 secretumque
1218 1992 1344 2045 naturae

282 2087 313 2135 15
332 2074 373 2133 ita
391 2074 515 2151 recipiat
533 2070 643 2150 aliquid
657 2068 842 2131 subtractum
861 2070 999 2132 sensibus
1018 2073 1137 2151 nostris,
1156 2080 1190 2131 ut
1208 2074 1344 2133 omnium

333 2159 482 2222 Creatoris
510 2166 561 2220 aut
589 2160 788 2237 cognitionem
816 2158 905 2218 lateat
931 2168 983 2219 aut
1012 2159 1133 2239 effugiat
1154 2169 1344 2239 potestatem.

332 2248 427 2312 Deum
450 2256 533 2309 certe
556 2246 670 2327 volens,
697 2248 775 2306 sicut
797 2254 928 2325 poterut,
950 2246 1073 2308 definire
1097 2246 1218 2329 Cicero,
1241 2257 1344 2311 tantus

333 2344 437 2398 auctor
466 2338 613 2415 ipsorum:
648 2334 755 2415 „Mens
785 2334 927 2413 quaedam
958 2344 1019 2416 est,
1041 2338 1153 2417 inquit,
1186 2336 1281 2398 soluta
1313 2345 1345 2398 et

333 2426 439 2507 libera,
466 2433 580 2485 secreta
607 2422 643 2483 ab
670 2425 752 2483 omni
779 2425 969 2485 concretione
998 2424 1127 2505 mortali,
1155 2429 1252 2485 omnia
1276 2444 1344 2487 sen-

281 2530 315 2579 20
334 2517 412 2576 tiens
430 2522 461 2574 et
478 2530 599 2573 movens
618 2514 739 2590 ipsaque
762 2511 896 2591 praedite
920 2520 1001 2573 motu
1025 2507 1234 2591 sempiterno.“
1279 2513 1345 2575 Hoc

334 2611 433 2664 autem
451 2603 583 2680 repperit
592 2602 632 2660 'in
651 2600 794 2661 doctrinis
812 2617 988 2677 magnorum
1005 2599 1257 2680 pbilosophorum.
1304 2601 1346 2663 Ut

334 2693 425 2769 igitur
448 2688 611 2750 secundum
634 2690 714 2767 ipsos
738 2688 854 2767 loquar,
878 2705 936 2765 quo
960 2687 1048 2748 modo
1071 2687 1180 2767 aliquid
1203 2688 1250 2749 rel
1271 2689 1346 2751 latet

334 2780 432 2839 omnia
469 2778 646 2837 sentientem
682 2775 728 2837 rei
763 2774 1000 2836 inrevocabiliter
1036 2778 1112 2855 sugit
1147 2779 1244 2839 omnia
1281 2797 1344 2839 mo

336 2860 473 2925 rentem?

282 2968 316 3018 25
423 2950 507 3013 Unde
531 2953 589 3011 iam
612 2953 698 3011 etiam
723 2954 856 3031 quaestio
880 2951 927 3011 ilia
951 2951 1089 3013 solvenda
1112 2961 1167 3034 est,
1190 2972 1266 3033 quae
1289 2955 1344 3015 dii·

335 3040 441 3103 ficiiior
469 3039 585 3100 videtur
612 3041 736 3119 ceteris,
768 3039 819 3100 ubi
850 3042 1018 3121 quaeritur,
1050 3059 1118 3103 cum
1141 3059 1210 3102 caro
1233 3046 1346 3103 mortui

335 3130 463 3191 hominis
487 3130 573 3189 etiam
597 3127 719 3187 alterius
743 3128 775 3187 fit
797 3130 922 3189 viventis
945 3146 1023 3209 caro,
1046 3132 1095 3189 cui
1116 3132 1216 3209 potius
1240 3148 1344 3192 eorum

336 3221 368 3279 in
396 3217 617 3279 resurrectione
646 3215 796 3276 reddatur.
844 3216 875 3275 Si
905 3219 983 3277 enim
1014 3219 1159 3296 quispiam
1190 3219 1345 3281 coniectus

337 3307 413 3367 rame
428 3315 517 3384 atque
531 3303 702 3383 compulsus
721 3312 858 3364 vescatur
876 3304 1066 3366 cadaveribus
1086 3306 1246 3387 hominum,
1265 3308 1344 3385 quod

285 3408 320 3458 80
339 3394 447 3456 malum
475 3392 651 3473 ailquotiens
679 3390 822 3451 accidisse
850 3400 880 3452 et
907 3400 992 3454 vetus
1019 3401 1146 3455 testatur
1169 3394 1292 3455 historin
1316 3407 1345 3456 et

400 3538 444 3601 20)
463 3534 542 3588 Tune.
565 3542 588 3600 l,
603 3540 646 3601 27,
660 3540 702 3586 66.

402 3660 434 3707 12
452 3656 497 3709 vel
514 3655 591 3723 quod
608 3655 656 3708 in?
673 3658 683 3724 ΙΙ
703 3660 736 3708 14
755 3654 857 3709 exalet.
876 3672 930 3711 mss
947 3658 1061 3725 itemque
1078 3658 1202 3725 deinceps
1214 3658 1224 3725 ΙΙ
1238 3661 1272 3710 ts
1291 3656 1340 3712 let.

330 3742 408 3794 cogn.
425 3728 462 3794 ui
476 3731 509 3779 18
527 3724 621 3793 inquit
638 3726 682 3778 est
698 3725 741 3791 vd
761 3730 794 3777 19
813 3728 962 3796 segregabo
977 3728 1044 3795 σόος
1064 3728 1088 3781 si
1106 3726 1231 3782 creabab
1249 3732 1258 3795 d
1276 3742 1342 3780 con-

330 3810 496 3881 gregatione
513 3800 610 3867 AoE‘
629 3814 639 3881 ΙΙ
659 3817 692 3864 29
712 3810 804 3878 adque
822 3814 850 3867 R
868 3814 982 3883 eumque
1002 3817 1092 3871 erebro
