3284 4459
357 529 421 591 144
615 491 618 496 ¹
756 539 777 582 s.
791 538 956 582 emensam

354 685 457 756 gentes
480 678 577 737 iacere
600 672 699 735 Heben
722 683 753 735 et
776 674 853 735 iilius
876 676 942 735 eius
964 674 1107 755 Phaleoh,
1130 676 1156 735 si
1178 691 1237 735 una
1260 673 1361 753 lingua

354 767 516 844 permansit
542 762 693 824 ambobus.
738 761 775 824 Et
803 772 885 824 certe
912 781 970 824 uua
998 772 1044 823 est
1066 761 1198 823 ilebraea
1226 779 1301 841 gens
1322 781 1359 823 ex

354 852 453 915 Heber
480 861 638 933 propagata
667 869 761 931 usque
794 852 830 912 ad
857 850 1016 930 Abraham,
1043 859 1074 912 et
1099 869 1155 930 per
1180 869 1248 911 eum
1277 850 1360 911 dein·

354 960 439 1022 ceps,
471 941 566 1002 donee
598 957 721 1019 magnus
750 940 836 1001 lieret
865 939 992 1020 populns
1024 939 1123 1000 lsrael.
1176 938 1242 1010 Quo
1272 939 1360 1000 modo

319 1033 445 1110 sigitur
468 1047 571 1090 omnes
592 1028 658 1108 lilii,
685 1030 736 1107 qui
760 1030 982 1089 commemorati
1011 1035 1081 1086 sunt
1111 1027 1203 1086 trium
1230 1026 1360 1088 illiorum

340 1118 428 1196 Noe,
447 1118 582 1180 ieoerunt
598 1116 728 1196 singulas
751 1126 864 1196 gentes,
886 1119 912 1177 si
934 1114 1034 1177 lleber
1056 1124 1086 1176 et
1108 1114 1236 1176 Phaleeh
1259 1118 1356 1195 singu·

354 1206 397 1267 las
429 1223 488 1268 non
518 1202 676 1266 iecerunt?
716 1204 861 1266 Nimirum
892 1204 963 1265 illud
987 1213 1034 1264 est
1056 1202 1250 1284 probabilius,
1278 1204 1360 1283 quod

354 1297 456 1375 gigans
484 1293 532 1355 ille
554 1293 687 1354 Nebroth
715 1295 820 1355 iecerit
843 1295 930 1355 etiam
953 1295 1016 1373 ipse
1039 1300 1158 1372 gentem
1181 1309 1278 1372 suam,
1305 1291 1360 1352 sod

354 1391 477 1463 propter
514 1381 714 1443 excellentiam
752 1381 959 1444 dominationis
995 1390 1026 1442 et
1058 1382 1191 1462 eorporis
1223 1398 1359 1442 seorsum
1454 1412 1455 1439 i

303 1484 335 1533 10
355 1473 533 1532 eminentius
551 1472 717 1531 nominatus
737 1480 790 1550 est,
814 1479 848 1531 ut
871 1479 986 1532 maneat
1009 1487 1152 1530 numerus
1174 1471 1359 1548 septuaginta

354 1560 480 1621 duarum
507 1561 639 1638 gentium
669 1568 757 1638 atque
786 1559 963 1638 linguarum.
1007 1557 1135 1618 Phalecla
1162 1566 1261 1618 autem
1290 1574 1359 1637 pro-

354 1656 456 1727 pterea
475 1656 721 1708 commemoratus
744 1655 799 1727 est,
823 1665 881 1707 non
905 1646 983 1726 quod
1007 1655 1124 1724 gentem
1148 1646 1253 1706 iecerit
1275 1639 1359 1728 (nam

355 1735 457 1796 eadem
481 1737 543 1814 ipsa
567 1744 612 1796 est
636 1737 699 1796 eius
723 1753 795 1814 gens
817 1734 951 1795 Hebraea
974 1735 1135 1812 eademqne
1159 1726 1282 1817 lingua),
1305 1735 1359 1794 sed

354 1832 477 1905 propter
500 1832 616 1903 tempus
638 1825 768 1903 insigne,
798 1823 876 1902 quod
900 1825 930 1883 in
954 1821 1059 1883 diebus
1081 1826 1146 1883 eius
1164 1831 1244 1882 terra
1267 1821 1360 1882 divisa

305 1925 336 1974 to
355 1913 402 1973 sit.
447 1910 508 1972 Neo
537 1929 654 1972 movere
683 1929 736 1972 nos
763 1911 864 1991 debet,
897 1929 956 1990 quo
983 1910 1070 1971 modo
1096 1913 1227 1990 potuerit
1256 1913 1360 1990 gigans

354 1999 487 2061 Nebroth
516 2000 552 2060 ad
579 1999 651 2059 illud
680 2002 783 2061 aetatis
806 2017 978 2080 oeenrrere,
1009 2017 1067 2079 quo
1090 1998 1218 2078 Babylon
1241 1999 1360 2060 condita

355 2096 401 2150 est
419 2096 449 2149 et
467 2087 601 2149 conlusio
625 2088 700 2151 laeta
723 2087 889 2165 linguarum
913 2096 1001 2166 atque
1024 2105 1060 2147 ex
1083 2087 1140 2147 hoo
1162 2087 1266 2147 divisio
1288 2105 1359 2166 gen·

354 2179 438 2238 tium.
483 2175 548 2238 Non
567 2178 645 2236 enim
665 2178 732 2255 quia
750 2175 849 2236 Heben
868 2186 969 2237 sextus
992 2183 1038 2236 est
1060 2174 1166 2256 aNoe,
1189 2174 1237 2234 ille
1260 2183 1359 2236 autem

355 2273 492 2346 quartus,
521 2264 587 2325 ideo
615 2282 674 2325 non
701 2273 863 2344 potuerunt
892 2264 926 2324 ad
955 2264 1032 2324 idem
1061 2274 1178 2344 tempus
1200 2265 1360 2325 convenire
1456 2290 1457 2293 ¹

302 2367 336 2416 ao
355 2353 487 2415 vivendo.
532 2352 595 2413 lloo
623 2354 701 2412 enim
725 2355 857 2432 contigit,
880 2369 948 2413 oum
970 2351 1037 2432 plus
1059 2353 1192 2412 virerent
1214 2350 1265 2413 ubi
1287 2369 1359 2432 pau·
1456 2372 1457 2379 ¹

355 2445 452 2503 ciores
483 2449 553 2503 sunt
584 2443 802 2522 generationes,
835 2443 933 2502 minus
964 2439 1016 2502 ubi
1043 2441 1157 2520 plures3
1184 2447 1236 2501 aut
1262 2442 1360 2501 serius

355 2533 416 2591 nati
439 2537 539 2590 essent
561 2528 612 2589 ubi
630 2531 794 2608 pauciores,
818 2531 963 2590 maturius
985 2527 1036 2589 uhi
1059 2529 1168 2610 plnres.
1215 2528 1291 2589 Sane
1314 2530 1359 2589 in-

355 2617 553 2696 tellegendum
576 2624 635 2696 est,
659 2615 775 2695 quaudo
798 2625 878 2678 terre
901 2617 991 2678 divisa
1015 2626 1076 2698 est,
1099 2634 1159 2677 non
1182 2615 1278 2677 solum
1301 2618 1360 2678 iam

355 2713 439 2767 natos
471 2712 587 2766 eeteros
618 2704 693 2765 lilios
725 2704 852 2766 illiorum
888 2704 964 2785 Noe,
1002 2707 1055 2784 qui
1090 2713 1361 2766 commemorantur

303 2807 336 2855 ao
355 2802 455 2874 patres
478 2795 619 2873 gentium,
641 2793 693 2854 sed
717 2795 804 2854 etiam
828 2796 892 2853 eins
915 2795 1019 2854 aetatis
1041 2793 1143 2875 luisse,
1165 2803 1198 2854 nt
1220 2810 1360 2853 numero·

357 2899 405 2944 sas
436 2881 559 2943 familias
591 2880 749 2962 haberent,
787 2900 861 2960 quae
894 2881 998 2960 dignae
1031 2882 1157 2942 inissent
1187 2880 1360 2943 nominibus

356 2972 496 3050 gentium.
541 2967 625 3029 Unde
653 2987 838 3049 nequaquam
868 2969 1045 3049 putandum,
1075 2969 1155 3049 quod
1182 2986 1218 3030 eo
1247 2970 1361 3032 luerint

355 3059 459 3120 ordine
482 3058 587 3138 geniti,
609 3075 668 3137 quo
691 3060 912 3119 commemorati
934 3057 1082 3136 leguntur.
1126 3057 1263 3136 Alioquin
1286 3057 1360 3118 duo·

356 3146 452 3207 decim
475 3145 527 3206 lilii
549 3145 657 3225 leetau,
680 3147 731 3224 qni
755 3153 819 3206 erat
841 3145 916 3208 alius
939 3145 1017 3207 tilius
1039 3144 1146 3227 lieber,
1170 3146 1262 3206 irater
1284 3145 1360 3207 Pha·

303 3247 336 3297 tu
357 3234 431 3315 leoh,
454 3251 513 3313 quo
532 3233 618 3294 modo
640 3243 802 3312 potuerunt
820 3236 878 3295 iam
901 3242 1005 3313 gentes
1026 3235 1133 3315 lacere,
1156 3236 1182 3294 si
1204 3241 1271 3313 post
1285 3234 1361 3294 Pha-

356 3322 421 3383 leeh
440 3323 562 3383 fratrem
581 3339 668 3383 suum
691 3321 789 3382 lectan
813 3331 900 3382 natus
923 3332 977 3403 est,
1000 3325 1077 3384 sieut
1098 3331 1166 3403 post
1188 3339 1258 3382 eum
1280 3340 1361 3383 oom-

356 3418 536 3471 memoratus
563 3417 621 3489 est,
651 3409 778 3488 quando
797 3410 916 3489 quidem
945 3418 1094 3492 tempore,
1121 3427 1181 3489 quo
1204 3416 1290 3471 natus
1314 3419 1363 3472 est

355 3498 501 3579 Phaleoh,
536 3497 628 3558 divisa
664 3506 710 3559 est
746 3505 834 3560 terra.
887 3497 1015 3560 Proinde
1052 3497 1282 3604 intellegendum
1314 3508 1363 3561 est

427 3728 460 3777 15
479 3723 516 3778 sii
531 3725 763 3796 valenensem
783 3727 826 3780 est
841 3725 887 3782 Ge
900 3727 910 3796 fl
924 3732 956 3779 1⁷
971 3725 1026 3780 hoe
1038 3743 1104 3794 ores,
1118 3727 1172 3781 heo
1185 3743 1202 3783 e
1214 3731 1224 3798 Ι
1238 3733 1271 3783 li
1285 3729 1364 3784 idem

362 3794 549 3866 VFGaegp3
568 3796 598 3850 td
617 3797 731 3865 aaron
746 3802 778 3850 29
798 3795 871 3851 alius
890 3813 940 3852 om.
962 3799 991 3852 V
