3284 4459
542 517 582 557 oa
597 515 740 557 ommam
753 515 807 555 nm
820 515 846 555 n.
860 515 923 555 xxi.
938 514 961 555 o.
975 516 1007 557 aa.
1042 556 1044 563 ,
1214 500 1278 563 547

270 662 348 716 eata·
389 652 475 712 Tales
505 660 603 711 autem
632 651 815 729 elemosynas
844 669 902 710 non
931 650 1049 711 dicendi
1076 658 1146 709 sunt
1173 650 1280 729 lacere,

271 744 323 820 qui
345 743 434 800 vitam
453 740 559 800 nolunt
576 756 592 798 a
611 736 827 798 consuetudine
850 737 996 798 scelerum
1019 740 1049 798 in
1072 737 1177 797 melius
1201 755 1279 797 com·

271 838 395 890 motare.
441 828 515 899 Quia
538 835 569 887 et
591 829 621 885 in
640 826 696 886 hoc
719 826 797 905 qnod
821 830 876 887 ait:
904 828 1031 899 Quando
1054 829 1110 886 uru'
1131 844 1171 887 ex
1193 828 1279 887 mini-

271 922 327 979 uu's
350 921 423 978 meis
446 933 505 977 nou
521 914 646 990 ferratis,
669 918 745 975 milri
765 914 971 990 confecistis,
994 913 1123 975 ostendit
1145 932 1196 975 eos
1219 932 1279 974 non

272 1008 370 1066 lacere
394 1006 482 1063 etiam
504 1002 620 1080 quando
640 1021 672 1064 se
696 1004 792 1063 lacere
817 1006 993 1062 existimant.
1039 1000 1071 1062 Si
1094 1003 1173 1061 enim
1196 1000 1315 1062 Chri-s

272 1097 368 1154 stiano
397 1094 539 1152 esurienti
566 1109 672 1169 panem
701 1101 849 1168 tamquam
877 1089 1043 1152 Christiano
1067 1090 1184 1166 darent,
1211 1108 1278 1168 pro·

272 1183 351 1242 lecto
380 1180 436 1240 sihi
463 1198 569 1259 panem
596 1182 742 1259 iustitiae,
774 1178 853 1257 quod
882 1181 946 1257 ipse
970 1178 1106 1239 Christus
1130 1185 1188 1258 est,
1219 1196 1280 1237 non

273 1277 428 1348 negarent3
455 1270 593 1346 quoniam
617 1266 710 1349 Deus,
739 1285 798 1326 non
823 1270 871 1327 oui
895 1267 996 1346 detur,
1024 1265 1077 1327 sed
1099 1284 1158 1344 quo
1182 1268 1279 1325 animo

273 1358 374 1437 detur,
397 1356 536 1417 adtendit.
583 1354 640 1425 Qui
663 1374 734 1434 ergo
758 1354 909 1415 Christum
932 1354 1027 1433 diligit
1049 1357 1079 1414 in
1103 1353 1280 1434 Christiano,

213 1440 216 1445 ’
271 1447 328 1506 hoc
346 1448 448 1509 ¹animo
476 1447 504 1505 ei
531 1446 657 1523 porrigit
680 1444 889 1523 elemosynam,
917 1462 976 1522 quo
1000 1442 1113 1503 accedit
1136 1442 1170 1502 ad
1196 1439 1280 1501 Chri·
1299 1453 1332 1503 10

272 1543 361 1613 stom,
383 1551 442 1593 non
467 1550 525 1611 quo
548 1532 611 1592 vtrlt
633 1532 774 1592 recedere
796 1534 951 1610 inpunitus
974 1550 991 1592 a
1014 1530 1139 1591 Christo.
1185 1529 1279 1590 'lanto

273 1625 351 1681 enirn
374 1624 466 1699 magis
496 1622 622 1698 quisque
645 1620 757 1680 deserit
779 1618 945 1699 Christum,
968 1628 1076 1698 quanto
1100 1621 1192 1697 magis
1216 1618 1279 1678 dili·

271 1713 315 1789 git
339 1709 417 1787 quod
444 1707 582 1788 inprobat
605 1706 749 1769 Christus.
794 1706 868 1768 Nam
896 1707 967 1786 quid
990 1710 1128 1786 cuiquam
1150 1707 1280 1787 prodest,

273 1798 351 1876 quod
383 1796 560 1876 baptizatur,
593 1798 618 1855 si
650 1814 709 1855 non
741 1791 939 1857 iustihcatur?
983 1795 1087 1856 Nonne
1115 1798 1167 1874 qni
1194 1795 1280 1856 dixit:

272 1888 341 1947 Nisi
366 1889 433 1961 qais
455 1892 583 1945 renatare
603 1883 702 1959 fuerit
723 1902 763 1945 eu
785 1902 867 1959 aqua
890 1891 920 1945 et
942 1884 1072 1961 Spiritu,
1100 1901 1160 1945 uou
1184 1887 1332 1945 iutra-15

272 1978 316 2035 uu
345 1977 377 2035 in
406 1990 534 2049 reanum
557 1973 629 2046 Dei,
659 1974 722 2051 ipse
753 1974 842 2031 etiam
873 1972 958 2032 dixit:
988 1974 1055 2032 Nisi
1077 1974 1282 2033 abundaverit
1328 2028 1331 2033 .

272 2066 390 2123 iustitia
418 2069 519 2121 uestra
548 2078 641 2136 super
671 2062 845 2120 scribarum
874 2068 905 2120 et
933 2062 1187 2133 Pharisaeorum,
1219 2077 1279 2121 nou

273 2152 427 2211 intrabitis
446 2152 478 2208 r'u
499 2166 627 2223 reanum
650 2144 827 2208 caelorum?
864 2146 924 2208 Cur
947 2147 1017 2208 illud
1042 2147 1172 2207 timendo
1195 2147 1280 2207 multi

273 2246 400 2299 currunt
425 2236 580 2315 baptizari,
609 2245 639 2296 et
667 2235 724 2295 hoo
747 2254 806 2295 non
831 2235 960 2296 timendo
985 2254 1042 2294 non
1067 2236 1152 2294 multi
1175 2243 1280 2294 curant

270 2320 448 2393 iustificari?
493 2323 577 2384 Sicut
606 2342 677 2401 ergo
707 2342 766 2383 non
796 2324 881 2383 iratri
904 2342 958 2383 suo
981 2323 1065 2383 dicit:
1095 2324 1205 2397 Fatue,
1229 2324 1280 2400 qui
1299 2337 1332 2385 20

273 2432 342 2474 cum
366 2412 421 2472 hoc
445 2412 516 2472 dicit
543 2430 602 2471 non
630 2414 687 2489 ipsi
709 2412 900 2491 fraternitati,
928 2410 979 2471 sed
1004 2418 1125 2490 peccato
1148 2412 1213 2471 eins
1237 2412 1279 2470 in·

272 2504 376 2562 sensus
399 2509 445 2561 est
468 2493 612 2582 (alioquin
631 2518 702 2559 rens
725 2502 783 2559 erit
800 2499 951 2578 gehennae
975 2492 1080 2581 ignis):
1107 2500 1187 2559 itae
1211 2516 1279 2557 oon·

273 2592 374 2668 trario,
397 2591 450 2668 qui
471 2590 597 2667 porrigit
619 2587 817 2666 elemosynam
836 2586 1012 2667 Christiano,
1036 2604 1095 2647 non
1113 2585 1279 2647 Christiano

273 2679 408 2756 porrigit,
431 2679 483 2755 qui
506 2694 566 2736 non
589 2678 620 2736 in
644 2694 679 2735 eo
702 2674 797 2754 diligit
819 2673 983 2753 Christum;
1011 2693 1071 2734 non
1093 2684 1192 2735 autern
1216 2673 1278 2734 dili·

273 2767 316 2844 git
335 2765 494 2844 Christum,
518 2767 568 2843 qni
591 2765 746 2826 iustificari
768 2772 887 2824 recusat
909 2766 940 2823 in
959 2762 1086 2824 Christo.
1130 2762 1169 2823 Et
1192 2782 1279 2841 quem
1299 2776 1332 2825 25

274 2853 310 2913 ad
341 2853 460 2913 modum
490 2856 515 2912 si
543 2855 609 2932 quis
637 2862 871 2931 praeoccupatus
899 2852 990 2912 luerit
1016 2852 1072 2912 hoo
1101 2850 1224 2932 delicto,
1246 2859 1281 2911 ut

273 2943 359 3001 fratri
382 2960 436 3002 suo
460 2941 550 3001 dicat:
572 2942 678 3015 Fatue,
701 2940 731 3000 id
754 2950 809 3021 est,
832 2958 892 2999 non
914 2941 979 3000 eius
1002 2948 1156 3017 peecatum
1180 2940 1280 3000 volens

274 3030 392 3090 auferre
426 3031 608 3089 convicietur
634 3031 760 3102 iniuste,
788 3046 893 3107 parurn
922 3038 968 3088 est
995 3028 1037 3088 illi
1065 3027 1180 3088 adhoc
1203 3026 1279 3086 redi·

273 3116 415 3177 mendum
437 3117 620 3196 elemosynas
644 3117 754 3195 lacere,
782 3118 840 3176 nisi
867 3118 954 3177 etiam
979 3115 1057 3195 quod
1081 3116 1123 3175 ibi
1145 3116 1280 3194 sequitur

273 3204 440 3266 remedium
471 3204 719 3265 reconciliationis
755 3204 894 3282 adiungat
932 3198 989 3285 (ihi
1020 3206 1098 3264 enirn
1132 3204 1333 3280 sequitu1·:30

277 3294 313 3354 Sr‘
339 3311 413 3369 arao
441 3293 553 3368 offeres
580 3309 688 3353 munus
716 3300 799 3352 tuum
827 3295 870 3353 ad
896 3296 996 3353 altare
1018 3299 1048 3355 et
1070 3292 1113 3351 ibt
1134 3292 1280 3351 recorda-

343 3416 370 3481 4)
388 3413 437 3466 au.
458 3418 501 3479 ra,
515 3417 557 3466 45.
616 3413 656 3475 rs)
675 3409 712 3462 10.
733 3413 797 3476 aa.
852 3412 896 3479 18)
915 3410 964 3464 us.
985 3414 1066 3477 ano.
1118 3410 1221 3478 anm.
1241 3416 1282 3464 22.

272 3511 312 3517 ρ
344 3552 359 3599 8
383 3546 441 3615 cui]
464 3544 539 3613 quod
556 3561 578 3612 p
597 3546 607 3613 11
628 3547 661 3595 16
685 3542 786 3610 spiritu
805 3541 996 3613 RAGuaeffl
1021 3560 1061 3612 tp.
1082 3544 1178 3597 sancho
1198 3544 1257 3613 hpu
1276 3548 1284 3615 ll

272 3641 306 3691 19
320 3651 376 3688 non
390 3632 472 3687 multi
486 3634 600 3685 currant
612 3628 713 3696 R¹E⁰;
726 3648 753 3683 n.
765 3648 802 3684 m.
813 3631 963 3683 curruntA
978 3634 986 3699 ΙΙ
1001 3637 1035 3684 20
1048 3647 1104 3684 non
1118 3631 1151 3685 fr.
1163 3649 1183 3685 s.
1195 3632 1221 3687 d.
1231 3650 1285 3688 uass

272 3708 317 3776 (ef.
335 3709 373 3760 23
390 3720 446 3757 non
464 3702 525 3757 Chr.
544 3704 641 3772 porr.);
660 3718 716 3755 non
735 3701 760 3753 d.
778 3700 811 3754 fr.
828 3719 880 3757 so
897 3705 906 3771 ll
925 3708 955 3755 31
977 3700 1075 3756 offeres
1090 3704 1185 3773 aaa
1204 3702 1284 3757 offer-

271 3794 316 3833 res
335 3776 375 3843 R;
393 3774 476 3829 offers
495 3775 619 3842 *ahaua

1019 3862 1072 3917 85*
