3284 4459
346 513 410 578 888
748 523 770 563 s.
784 521 948 564 nuousnnu

342 673 377 724 'ct
400 660 477 740 quod
497 661 644 721 invenerit
661 675 698 719 ne
717 658 802 719 alteri
824 657 962 717 inrideat,
1006 655 1040 717 ln
1062 658 1178 717 actione
1200 675 1272 717 vcro
1295 674 1356 718 non
1459 708 1460 723 ,

346 748 488 812 arnaudus
517 758 562 809 est
591 748 687 807 lronor
714 748 745 807 in
776 746 831 805 hac
858 747 918 805 rita
945 747 1005 806 sire
1034 748 1184 825 potentia,
1216 748 1357 824 quoniam

348 841 445 900 omnia
469 853 540 897 vana
564 835 620 897 sub
643 835 721 914 sole,
744 834 796 894 sed
819 851 896 912 opus
918 836 1025 912 ipsum,
1047 833 1126 912 quod
1150 834 1356 911 pereundam
1459 872 1460 901 π

349 928 493 987 honorem
515 924 561 984 rel
583 925 744 1004 potentiam
768 924 815 1002 lit,
846 924 871 982 si
898 931 981 983 recte
1004 930 1092 1000 atque
1116 921 1230 982 utiliter
1248 924 1296 1002 lit,
1326 922 1357 982 id

308 1029 329 1075 u
348 1024 403 1094 est,
425 1023 459 1075 ut
477 1013 570 1074 valeat
588 1011 625 1073 ad
643 1029 708 1071 aam
726 1010 852 1071 salutem
875 1009 1070 1090 subditorum,
1092 1028 1168 1088 quae
1193 1011 1357 1070 secundum

349 1101 443 1164 Mum
475 1111 533 1182 est3
569 1100 648 1161 uude
679 1102 737 1159 iam
774 1101 912 1177 superius
948 1097 1172 1177 disputavimus.
1230 1098 1358 1178 Propter

349 1191 428 1270 quod
456 1193 497 1250 ait
525 1189 688 1269 apostolus:
726 1188 785 1260 Qut
812 1190 1018 1263 epaseopatum
1047 1189 1216 1261 desiderat,
1248 1189 1359 1248 bonum

349 1297 424 1357 opus
456 1281 619 1340 desiderat.
673 1275 829 1355 Exponere
861 1273 955 1335 voluit
986 1275 1056 1354 quid
1089 1277 1129 1335 sit
1161 1277 1359 1356 episcopatus,

350 1371 418 1448 quia
437 1385 548 1427 nomen
571 1374 618 1427 est
640 1367 753 1444 operis,
782 1381 841 1423 non
864 1363 995 1424 honoris.
1040 1362 1186 1424 Graecum
1209 1372 1256 1424 est
1279 1366 1359 1423 enirn

306 1465 440 1536 noctque
467 1455 536 1515 inde
563 1454 684 1514 ductum
712 1451 901 1531 vocabulum,
928 1450 1007 1530 quod
1034 1450 1084 1512 ille
1113 1453 1164 1531 qui
1186 1453 1359 1531 praeficitur

350 1546 394 1606 eis
417 1542 525 1623 quibus
549 1541 719 1621 praeficitur
742 1539 970 1620 superintendit,
993 1556 1095 1600 curam
1118 1539 1231 1601 scilicet
1253 1559 1359 1601 eorum

349 1650 470 1712 gerone,
500 1623 610 1702 σκοπὸς
637 1632 746 1708 quippe
776 1630 902 1689 intentio
932 1635 990 1708 est,
1020 1645 1092 1706 ergo
1121 1627 1305 1703 ἐπισκοπεῖν,
1334 1633 1360 1689 si

350 1720 483 1794 velimus,
506 1717 608 1778 Latine
632 1717 879 1796 superintendere
901 1734 1060 1794 possumus
1084 1715 1194 1796 dicere,
1217 1726 1251 1776 ut
1272 1717 1359 1777 intel-

351 1808 428 1886 legat
451 1824 509 1866 non
533 1824 565 1866 se
589 1824 654 1866 esse
678 1808 863 1884 episcopum,
887 1806 939 1882 qui
961 1821 1099 1882 praeesse
1123 1804 1276 1886 dilexerit,
1299 1824 1361 1866 non

300 1908 333 1958 15
351 1896 501 1975 prodesse.
547 1893 648 1973 ltaque
676 1893 712 1954 alr
743 1894 841 1954 studio
871 1893 1093 1970 cognoscendae
1118 1895 1249 1955 veritatis
1272 1911 1361 1954 nemo

352 1982 540 2064 prohibetur,
570 1982 648 2061 quod
674 1982 709 2042 ad
733 1980 878 2041 laudabile
900 1983 1030 2060 pertinet
1052 1983 1159 2061 otium,
1182 1981 1266 2042 locus
1289 2001 1362 2042 vero

353 2074 497 2151 superior,
521 2073 584 2130 sine
604 2088 662 2148 quo
681 2071 744 2148 regi
763 2069 891 2148 populus
910 2087 968 2128 uon
988 2078 1094 2149 potest,
1118 2072 1174 2130 etsi
1197 2073 1238 2130 ita
1261 2079 1362 2130 tenea·

353 2169 403 2222 tur
426 2170 513 2239 atque
536 2159 758 2219 administretur
781 2165 815 2218 ut
838 2157 932 2236 decet,
955 2166 1051 2217 tamen
1076 2159 1250 2220 indecenter
1272 2177 1360 2238 appe·

353 2252 434 2310 titur.
480 2247 574 2320 Quam
598 2247 718 2307 obrem
741 2248 834 2306 otium
858 2254 992 2306 sanctum
1016 2248 1132 2324 qtraerit
1155 2249 1262 2308 caritas
1286 2251 1362 2308 veri·
1458 2246 1459 2251 ’

301 2340 435 2418 eo'tatis3
462 2338 611 2415 negotium
630 2339 741 2396 iustum
760 2336 884 2413 suscipit
903 2336 1063 2394 necessitas
1082 2337 1220 2396 caritatis,
1266 2335 1362 2406 Quam

354 2429 498 2487 sarcinam
527 2427 552 2484 si
582 2423 681 2484 nullus
704 2425 832 2502 inponit,
860 2423 1066 2502 percipiendae
1090 2431 1178 2502 atque
1201 2425 1363 2485 intuendae

353 2514 514 2574 vacandum
533 2521 579 2572 est
596 2514 725 2591 veritati3
750 2513 774 2570 si
798 2522 896 2571 autem
920 2513 1081 2591 inponitur,
1105 2514 1292 2591 suscipienda
1317 2523 1364 2574 est

353 2613 476 2680 propter
494 2603 624 2661 caritatis
643 2602 863 2678 necessitatem3
886 2598 938 2659 sed
957 2617 1013 2658 nec
1032 2601 1075 2659 sic
1099 2602 1179 2660 omni
1203 2601 1290 2661 modo
1314 2621 1363 2663 re-

354 2692 449 2749 ritatis
472 2687 627 2749 delectatio
650 2685 814 2746 deserenda
838 2696 896 2767 est,
919 2705 956 2746 ne
980 2686 1172 2748 subtrahatur
1193 2688 1242 2748 illa
1265 2693 1364 2751 suari·

302 2791 336 2839 25
354 2785 401 2837 tas
423 2784 453 2837 et
475 2777 622 2855 opprimat
643 2778 699 2835 ista
723 2777 892 2835 necessitas.

756 2961 872 3028 Garun
895 2963 964 3030 XX

418 3078 505 3150 Quod
526 3079 605 3136 cloes
627 3081 803 3136 sanctorum
828 3078 859 3135 in
881 3077 973 3135 dotus
995 3080 1075 3136 vitoe
1097 3083 1230 3152 tempore
1251 3097 1306 3154 spe

771 3165 854 3224 beati
879 3166 947 3223 sint.

445 3267 677 3340 Quamobrem
701 3286 849 3328 summum
873 3267 984 3329 honum
1008 3270 1133 3329 civitatis
1156 3269 1209 3330 llei
1232 3289 1302 3332 cum
1326 3276 1368 3334 sit

304 3373 337 3420 to
355 3377 412 3438 pax
430 3367 549 3418 aeterna
568 3365 655 3435 atque
674 3357 814 3436 perlecta,
838 3373 898 3417 non
916 3373 971 3436 per
994 3373 1082 3435 quam
1105 3358 1245 3418 mortales
1268 3368 1366 3421 trans·

427 3487 453 3556 a)
472 3481 500 3537 e.
520 3489 544 3537 o.
590 3485 616 3552 a)
637 3489 660 3537 1.
680 3481 750 3535 Tim.
771 3489 795 3548 a,
811 3488 835 3534 1.

429 3622 442 3668 1
466 3631 502 3668 ne
525 3614 607 3668 elteri
625 3615 818 3683 anenata
842 3629 894 3667 nac
917 3612 999 3666 alteri
1021 3629 1052 3680 p;
1074 3614 1171 3667 teneat
1192 3611 1322 3668 inuideat
1341 3632 1368 3681 ος

356 3689 452 3740 teneat
475 3687 504 3739 et
526 3684 608 3738 alteri
629 3702 686 3738 non
704 3701 720 3737 o
740 3687 749 3752 ΙΙ
771 3690 803 3736 12
823 3689 855 3737 ut
872 3685 963 3737 editur
981 3683 1172 3755 RAGaoeffl
1195 3685 1242 3739 ἐπὶ
1260 3686 1369 3754 quippe

358 3773 449 3826 super,
464 3755 565 3816 σκοπὸς
577 3771 642 3808 vero
655 3755 774 3808 intentio
789 3756 860 3808 asto
873 3756 882 3822 ΙΙ
897 3759 974 3822 ltro.
990 3753 1150 3810 ἐπισκοπεῖν
1160 3795 1166 3807 .
1175 3797 1182 3809 .
1192 3757 1369 3824 superinten-

359 3828 435 3900 dere]
450 3831 514 3894 cpm
524 3827 568 3894 (π
578 3826 740 3894 episcopum)
756 3867 780 3878 ..
795 3824 1070 3893 superintendentem
1075 3841 1097 3893 p
1110 3826 1119 3893 ll
1135 3829 1168 3879 15
1180 3841 1222 3879 ao
1234 3828 1245 3895 1]
1259 3832 1292 3880 tr
1304 3833 1372 3895 post

360 3899 432 3954 circs
450 3896 702 3951 eademptaretur
719 3894 811 3963 regni3
831 3895 866 3960 cf.
885 3898 948 3961 427,
961 3899 998 3949 24
