3284 4459
368 505 431 570 106
772 519 973 563 aaoonernu

365 653 479 715 hertate
508 653 624 715 arbitrii
650 657 710 735 sui,
739 651 806 715 s‘edss
822 662 923 734 speret
954 656 1092 716 invocare
1119 673 1228 717 nomen
1255 655 1372 719 Domini
1465 632 1466 691 ἶ

365 741 427 802 Dei.
472 741 617 813 Quoniam
649 742 783 803 voluntas
810 745 842 804 in
865 752 985 823 natura,
1015 761 1090 821 quae
1118 745 1194 805 iacta
1222 753 1268 806 eet
1295 744 1372 806 bona

365 829 465 890 alteo
488 829 580 912 bono,
610 831 661 891 sed
685 831 835 891 mutabilis
858 830 894 892 ab
916 830 1096 911 inmutabili,
1118 834 1188 911 quia
1210 851 1246 893 ex
1271 833 1372 915 nihilo,

366 926 396 978 et
418 936 435 978 a
457 917 535 978 bono
558 928 657 998 potest
679 918 844 1000 declinare,
866 928 901 981 ut
922 920 1010 980 iaciat
1030 919 1157 1001 maium,
1180 920 1260 998 quod
1282 922 1316 982 iit
1338 922 1371 983 ii·

329 1005 438 1068 obero
466 1007 603 1087 arbitrio,
631 1017 660 1067 et
683 1025 699 1067 a
722 1007 811 1088 malo,
840 1016 875 1068 ut
897 1008 985 1069 iaciat
1007 1006 1131 1089 bonum,
1154 1009 1234 1088 qrrod
1257 1028 1316 1070 non
1340 1012 1372 1072 fit

365 1097 429 1155 sine
453 1094 551 1154 divino
574 1095 729 1156 adiutorio.

747 1265 867 1333 Oneon
885 1267 989 1334 XXII.
1077 1314 1080 1317 -

304 1458 306 1462 ,
387 1397 433 1457 De
455 1398 541 1472 lapso
562 1399 697 1470 filiorum
719 1395 779 1456 Dei
799 1398 1041 1470 oltenipenornm
1064 1401 1223 1459 mulierum
1247 1415 1351 1460 amore

426 1492 593 1560 ceptorum,
616 1485 697 1546 unde
719 1491 749 1544 et
770 1501 872 1544 omnes
894 1489 1030 1562 exceptis
1052 1493 1118 1546 octo
1141 1488 1311 1548 nominibus

313 1585 345 1634 10
650 1574 762 1632 diluvio
780 1575 888 1650 perire
910 1581 1117 1634 meruerunt,

452 1694 515 1756 Hoc
537 1696 636 1773 itaque
660 1693 754 1755 libero
781 1695 940 1756 voluntatis
962 1695 1086 1757 arbitrio
1108 1715 1219 1776 genere
1241 1696 1371 1760 humano

363 1783 572 1864 progrediente
606 1791 696 1862 atque
730 1792 883 1844 crescente
913 1785 989 1845 iacta
1016 1794 1063 1845 est
1089 1787 1247 1864 permixtio
1275 1796 1306 1846 et
1326 1789 1371 1848 in·

364 1874 487 1950 iquitate
519 1872 692 1951 participata
719 1870 863 1950 quaedam
890 1874 1046 1950 utriusque
1073 1873 1209 1934 confusio
1237 1875 1372 1935 civitatis.

366 1959 450 2030 Quod
474 1959 582 2020 malum
606 1977 622 2018 a
645 1978 717 2020 sexu
742 1959 869 2020 iemineo
892 1978 1011 2021 cansam
1034 1979 1140 2022 rursus
1163 1963 1288 2042 iuvenit3
1310 1981 1371 2023 nou

313 2061 346 2111 15
365 2047 484 2126 quidem
514 2047 563 2108 illo
591 2047 678 2108 modo
711 2066 769 2126 quo
802 2047 838 2106 ab
870 2050 954 2109 initio
983 2042 1059 2130 (reon
1089 2051 1169 2110 euim
1197 2052 1373 2128 cuiusquam

364 2138 452 2207 etiam
479 2144 551 2196 tuno
586 2134 698 2196 sellaria
732 2135 887 2196 seductae·
904 2135 970 2197 illae
1000 2137 1126 2198 feminae
1159 2148 1373 2216 persuaserunt

364 2231 521 2302 peecatum
538 2217 639 2305 viris);
658 2224 710 2284 sed
730 2222 765 2283 ab
785 2225 869 2284 initio
889 2243 964 2302 quae
982 2228 1080 2305 pravis
1102 2224 1236 2286 moribus
1254 2227 1372 2289 fuerant

364 2315 394 2372 in
418 2321 536 2372 terrena
559 2314 685 2390 civitate,
707 2311 738 2372 id
761 2314 861 2372 estin
884 2315 1100 2392 terrigenarum
1123 2316 1273 2395 societate,
1295 2332 1372 2376 ama·

364 2409 411 2461 tae
434 2408 544 2460 sunta
566 2399 633 2460 filiis
656 2399 725 2480 Dei,
748 2398 863 2460 civibus
885 2400 1000 2461 scilicet
1020 2402 1238 2480 peregrinantis
1261 2402 1373 2476 iuhoc

310 2501 345 2550 20
365 2487 482 2549 saeculo
505 2486 627 2548 alterius
650 2489 785 2568 civitatis,
808 2496 932 2567 propter
954 2489 1206 2568 pulchritudinem
1228 2494 1373 2570 corporis.

365 2575 450 2646 Quod
477 2574 589 2636 bonum
617 2574 672 2636 Dei
699 2576 820 2654 quidem
847 2577 958 2636 donum
984 2585 1045 2657 ost3
1074 2577 1126 2638 sed
1154 2586 1312 2659 propterea
1341 2580 1372 2641 id

364 2664 488 2742 largitur
515 2665 603 2724 etiam
631 2661 727 2744 malis,
753 2682 791 2724 ue
819 2681 957 2744 magnum
986 2663 1098 2727 bonum
1120 2666 1254 2727 rideatur
1276 2666 1373 2730 bonis.

304 2805 305 2810 ,
364 2750 488 2812 Deserto
517 2753 618 2830 itaque
647 2750 725 2812 bono
753 2770 859 2831 magno
876 2761 918 2823 ‚et
948 2752 1096 2814 bonorum
1122 2757 1244 2834 proprio
1271 2755 1373 2836 lapsus

365 2849 410 2900 est
433 2841 528 2900 sactus
552 2839 588 2900 ad
610 2839 722 2904 bonum
745 2841 913 2921 minimum,
936 2859 996 2903 uon
1018 2840 1105 2902 bonis
1128 2843 1296 2924 proprium,
1319 2844 1373 2905 sed

311 2941 345 2991 25
364 2927 450 2988 honis
478 2927 621 3006 malisque
649 2945 819 3008 eommune3
848 2947 882 2990 ao
909 2931 952 2992 sio
978 2928 1031 2990 filii
1053 2929 1107 2990 Dei
1130 2930 1257 2993 filiarum
1279 2931 1373 2994 homi·

364 3034 435 3081 num
465 3033 564 3076 amore
593 3024 663 3076 sunt
685 3018 776 3096 capti,
804 3024 892 3095 atque
915 3026 949 3078 ut
972 3019 1016 3078 eis
1039 3018 1215 3097 coniugibus
1237 3020 1374 3082 frueren-

364 3113 427 3185 tur,
459 3106 490 3163 in
517 3121 616 3164 mores
644 3106 793 3172 societatis
821 3107 988 3183 terrigenae
1017 3105 1223 3188 defluxerunt,
1254 3106 1375 3170 deserta

363 3193 492 3272 pietate,
524 3209 611 3269 quam
637 3193 673 3252 in
704 3200 808 3252 saneta
835 3196 976 3254 societate
1004 3193 1169 3256 servabant.
1216 3195 1265 3257 Sic
1293 3200 1374 3259 enim

364 3282 498 3358 eorporis
516 3274 716 3361 pulchritudo,
739 3278 835 3347 alico
854 3281 974 3359 quidem
992 3282 1112 3367 iactum,
1130 3266 1188 3348 ‚sed
1211 3285 1374 3365 temporale

312 3383 346 3432 30
365 3367 481 3428 carnale
504 3368 637 3428 infimum
660 3367 785 3448 bonum,
808 3369 883 3430 male
906 3377 1022 3431 amatur
1043 3373 1208 3450 postposito
1232 3371 1302 3454 lieo,
1325 3392 1374 3434 ae·

365 3464 451 3517 terno
474 3456 592 3517 interno
615 3457 797 3535 sempiterno
820 3455 915 3538 hono,
944 3476 1033 3537 quem
1055 3458 1093 3526 ad
1115 3459 1237 3520 modum
1259 3462 1375 3523 iustitia

434 3591 479 3659 20)
498 3588 566 3646 Gom
586 3596 613 3659 6,
630 3594 655 3656 2,

434 3785 620 3840 ifflmR
