<?xml version="1.0" encoding="UTF-8"?>
<!DOCTYPE html PUBLIC "-//W3C//DTD XHTML 1.0 Transitional//EN"
    "http://www.w3.org/TR/xhtml1/DTD/xhtml1-transitional.dtd">
<html xmlns="http://www.w3.org/1999/xhtml" xml:lang="en" lang="en">
 <head>
  <title>
</title>
<meta http-equiv="Content-Type" content="text/html;charset=utf-8" />
  <meta name='ocr-system' content='tesseract 3.04.00' />
  <meta name='ocr-capabilities' content='ocr_page ocr_carea ocr_par ocr_line ocrx_word'/>
</head>
<body>
  <div class='ocr_page' id='page_1' title='image "./sanctiaureliiau11augugoog_0219.png"; bbox 0 0 3284 4459; ppageno 0'>
   <div class='ocr_carea' id='block_1_1' title="bbox 561 501 1301 566">
    <p class='ocr_par' dir='ltr' id='par_1_1' title="bbox 561 501 1301 566">
     <span class='ocr_line' id='line_1_1' title="bbox 561 501 1301 566; baseline 0.001 -10"><span class='ocrx_word' id='word_1_1' title='bbox 561 515 602 557; x_wconf 82' lang='lat' dir='ltr'>on</span> <span class='ocrx_word' id='word_1_2' title='bbox 617 515 761 558; x_wconf 71' lang='lat' dir='ltr'>crurum</span> <span class='ocrx_word' id='word_1_3' title='bbox 774 515 829 557; x_wconf 79' lang='lat' dir='ltr'>nm</span> <span class='ocrx_word' id='word_1_4' title='bbox 842 515 868 556; x_wconf 78' lang='lat' dir='ltr'>u.</span> <span class='ocrx_word' id='word_1_5' title='bbox 882 514 958 558; x_wconf 77' lang='lat' dir='ltr'>xm</span> <span class='ocrx_word' id='word_1_6' title='bbox 971 515 994 558; x_wconf 92' lang='lat' dir='ltr'>o.</span> <span class='ocrx_word' id='word_1_7' title='bbox 1008 517 1027 558; x_wconf 80' lang='lat' dir='ltr'>a.</span> <span class='ocrx_word' id='word_1_8' title='bbox 1238 501 1301 566; x_wconf 82' lang='grc'>199</span> 
     </span>
    </p>
   </div>
   <div class='ocr_carea' id='block_1_2' title="bbox 289 648 1354 3377">
    <p class='ocr_par' dir='ltr' id='par_1_2' title="bbox 290 648 1354 2763">
     <span class='ocr_line' id='line_1_2' title="bbox 293 648 1302 730; baseline 0 -20"><span class='ocrx_word' id='word_1_9' title='bbox 293 653 359 730; x_wconf 92' lang='lat' dir='ltr'>ipso</span> <span class='ocrx_word' id='word_1_10' title='bbox 382 649 493 730; x_wconf 94' lang='lat' dir='ltr'>populo</span> <span class='ocrx_word' id='word_1_11' title='bbox 515 648 762 730; x_wconf 85' lang='lat' dir='ltr'>promissionibus</span> <span class='ocrx_word' id='word_1_12' title='bbox 784 648 838 710; x_wconf 84' lang='lat' dir='ltr'>Dei</span> <span class='ocrx_word' id='word_1_13' title='bbox 862 668 965 730; x_wconf 82' lang='lat' dir='ltr'>magna</span> <span class='ocrx_word' id='word_1_14' title='bbox 987 652 1045 711; x_wconf 88' lang='lat' dir='ltr'>iarn</span> <span class='ocrx_word' id='word_1_15' title='bbox 1069 666 1104 711; x_wconf 85' lang='lat' dir='ltr'>ex</span> <span class='ocrx_word' id='word_1_16' title='bbox 1126 659 1219 730; x_wconf 89' lang='lat' dir='ltr'>parte,</span> <span class='ocrx_word' id='word_1_17' title='bbox 1242 669 1302 710; x_wconf 94' lang='lat' dir='ltr'>non</span> 
     </span>
     <span class='ocr_line' id='line_1_3' title="bbox 295 736 1301 820; baseline 0.002 -22"><span class='ocrx_word' id='word_1_18' title='bbox 295 738 392 799; x_wconf 90' lang='lat' dir='ltr'>solum</span> <span class='ocrx_word' id='word_1_19' title='bbox 417 756 492 818; x_wconf 88' lang='lat' dir='ltr'>quae</span> <span class='ocrx_word' id='word_1_20' title='bbox 515 737 612 799; x_wconf 90' lang='lat' dir='ltr'>tribus</span> <span class='ocrx_word' id='word_1_21' title='bbox 634 737 692 798; x_wconf 92' lang='lat' dir='ltr'>illis</span> <span class='ocrx_word' id='word_1_22' title='bbox 715 737 868 820; x_wconf 88' lang='lat' dir='ltr'>patribus,</span> <span class='ocrx_word' id='word_1_23' title='bbox 881 737 1027 799; x_wconf 80' lang='lat' dir='ltr'>Abraham</span> <span class='ocrx_word' id='word_1_24' title='bbox 1050 736 1130 799; x_wconf 89' lang='lat' dir='ltr'>lsaao</span> <span class='ocrx_word' id='word_1_25' title='bbox 1154 747 1184 799; x_wconf 89' lang='lat' dir='ltr'>et</span> <span class='ocrx_word' id='word_1_26' title='bbox 1206 737 1301 819; x_wconf 88' lang='lat' dir='ltr'>iacob,</span> 
     </span>
     <span class='ocr_line' id='line_1_4' title="bbox 293 826 1300 908; baseline 0.002 -20"><span class='ocrx_word' id='word_1_27' title='bbox 293 837 326 888; x_wconf 88' lang='lat' dir='ltr'>et</span> <span class='ocrx_word' id='word_1_28' title='bbox 343 845 548 906; x_wconf 87' lang='lat' dir='ltr'>quaecumque</span> <span class='ocrx_word' id='word_1_29' title='bbox 567 826 641 897; x_wconf 88' lang='lat' dir='ltr'>aliae</span> <span class='ocrx_word' id='word_1_30' title='bbox 657 826 843 906; x_wconf 80' lang='lat' dir='ltr'>temporibus</span> <span class='ocrx_word' id='word_1_31' title='bbox 862 845 975 908; x_wconf 90' lang='lat' dir='ltr'>eorum,</span> <span class='ocrx_word' id='word_1_32' title='bbox 998 844 1101 889; x_wconf 91' lang='lat' dir='ltr'>verum</span> <span class='ocrx_word' id='word_1_33' title='bbox 1120 828 1209 890; x_wconf 86' lang='lat' dir='ltr'>etiam</span> <span class='ocrx_word' id='word_1_34' title='bbox 1227 845 1300 905; x_wconf 84' lang='lat' dir='ltr'>quae</span> 
     </span>
     <span class='ocr_line' id='line_1_5' title="bbox 294 913 1300 997; baseline 0.003 -21"><span class='ocrx_word' id='word_1_35' title='bbox 294 933 348 995; x_wconf 89' lang='lat' dir='ltr'>per</span> <span class='ocrx_word' id='word_1_36' title='bbox 370 919 468 995; x_wconf 91' lang='lat' dir='ltr'>ipsum</span> <span class='ocrx_word' id='word_1_37' title='bbox 492 913 625 995; x_wconf 79' lang='lat' dir='ltr'>Moysen,</span> <span class='ocrx_word' id='word_1_38' title='bbox 653 931 707 994; x_wconf 87' lang='lat' dir='ltr'>per</span> <span class='ocrx_word' id='word_1_39' title='bbox 737 933 825 994; x_wconf 88' lang='lat' dir='ltr'>quem</span> <span class='ocrx_word' id='word_1_40' title='bbox 848 914 975 997; x_wconf 89' lang='lat' dir='ltr'>populus</span> <span class='ocrx_word' id='word_1_41' title='bbox 997 913 1075 977; x_wconf 92' lang='lat' dir='ltr'>idem</span> <span class='ocrx_word' id='word_1_42' title='bbox 1099 915 1135 976; x_wconf 89' lang='lat' dir='ltr'>de</span> <span class='ocrx_word' id='word_1_43' title='bbox 1159 919 1300 979; x_wconf 85' lang='lat' dir='ltr'>servitute</span> 
     </span>
     <span class='ocr_line' id='line_1_6' title="bbox 293 998 1336 1088; baseline 0.005 -25"><span class='ocrx_word' id='word_1_44' title='bbox 293 1006 434 1084; x_wconf 79' lang='lat' dir='ltr'>Aegyptia</span> <span class='ocrx_word' id='word_1_45' title='bbox 456 1003 599 1064; x_wconf 87' lang='lat' dir='ltr'>liberatus</span> <span class='ocrx_word' id='word_1_46' title='bbox 622 1012 652 1064; x_wconf 88' lang='lat' dir='ltr'>et</span> <span class='ocrx_word' id='word_1_47' title='bbox 673 1021 729 1085; x_wconf 92' lang='lat' dir='ltr'>per</span> <span class='ocrx_word' id='word_1_48' title='bbox 751 1022 841 1088; x_wconf 91' lang='lat' dir='ltr'>quem</span> <span class='ocrx_word' id='word_1_49' title='bbox 864 1013 970 1067; x_wconf 89' lang='lat' dir='ltr'>cuncta</span> <span class='ocrx_word' id='word_1_50' title='bbox 992 1005 1152 1084; x_wconf 86' lang='lat' dir='ltr'>praeterita</span> <span class='ocrx_word' id='word_1_51' title='bbox 1174 998 1301 1066; x_wconf 89' lang='lat' dir='ltr'>revelata</span> <span class='ocrx_word' id='word_1_52' title='bbox 1320 1019 1336 1068; x_wconf 83' lang='lat'><strong>5</strong></span> 
     </span>
     <span class='ocr_line' id='line_1_7' title="bbox 292 1090 1301 1173; baseline 0.002 -21"><span class='ocrx_word' id='word_1_53' title='bbox 292 1101 372 1171; x_wconf 89' lang='lat' dir='ltr'>sunt,</span> <span class='ocrx_word' id='word_1_54' title='bbox 396 1091 579 1171; x_wconf 82' lang='lat' dir='ltr'>temporibus</span> <span class='ocrx_word' id='word_1_55' title='bbox 597 1093 671 1172; x_wconf 90' lang='lat' dir='ltr'>eius,</span> <span class='ocrx_word' id='word_1_56' title='bbox 694 1109 762 1152; x_wconf 92' lang='lat' dir='ltr'>cum</span> <span class='ocrx_word' id='word_1_57' title='bbox 780 1091 923 1171; x_wconf 92' lang='lat' dir='ltr'>populum</span> <span class='ocrx_word' id='word_1_58' title='bbox 942 1110 996 1172; x_wconf 88' lang='lat' dir='ltr'>per</span> <span class='ocrx_word' id='word_1_59' title='bbox 1015 1109 1146 1158; x_wconf 88' lang='lat' dir='ltr'>eremum</span> <span class='ocrx_word' id='word_1_60' title='bbox 1170 1090 1301 1173; x_wconf 85' lang='lat' dir='ltr'>duceret,</span> 
     </span>
     <span class='ocr_line' id='line_1_8' title="bbox 293 1178 1300 1260; baseline 0 -20"><span class='ocrx_word' id='word_1_61' title='bbox 293 1179 387 1241; x_wconf 85' lang='lat' dir='ltr'>iactae</span> <span class='ocrx_word' id='word_1_62' title='bbox 410 1181 536 1240; x_wconf 85' lang='lat' dir='ltr'>lucrant.</span> <span class='ocrx_word' id='word_1_63' title='bbox 581 1178 683 1259; x_wconf 86' lang='lat' dir='ltr'>Neque</span> <span class='ocrx_word' id='word_1_64' title='bbox 707 1188 806 1241; x_wconf 90' lang='lat' dir='ltr'>antem</span> <span class='ocrx_word' id='word_1_65' title='bbox 828 1197 883 1260; x_wconf 86' lang='lat' dir='ltr'>per</span> <span class='ocrx_word' id='word_1_66' title='bbox 905 1183 1052 1260; x_wconf 81' lang='lat' dir='ltr'>insignem</span> <span class='ocrx_word' id='word_1_67' title='bbox 1075 1179 1181 1240; x_wconf 83' lang='lat' dir='ltr'>ducem</span> <span class='ocrx_word' id='word_1_68' title='bbox 1202 1178 1300 1240; x_wconf 91' lang='lat' dir='ltr'>lesum</span> 
     </span>
     <span class='ocr_line' id='line_1_9' title="bbox 293 1265 1301 1349; baseline 0.002 -22"><span class='ocrx_word' id='word_1_69' title='bbox 293 1265 381 1349; x_wconf 84' lang='lat' dir='ltr'>Nare,</span> <span class='ocrx_word' id='word_1_70' title='bbox 402 1285 457 1348; x_wconf 89' lang='lat' dir='ltr'>per</span> <span class='ocrx_word' id='word_1_71' title='bbox 481 1285 569 1347; x_wconf 88' lang='lat' dir='ltr'>quem</span> <span class='ocrx_word' id='word_1_72' title='bbox 588 1266 722 1347; x_wconf 90' lang='lat' dir='ltr'>populus·</span> <span class='ocrx_word' id='word_1_73' title='bbox 737 1267 787 1328; x_wconf 82' lang='lat' dir='ltr'>ille</span> <span class='ocrx_word' id='word_1_74' title='bbox 810 1270 841 1328; x_wconf 89' lang='lat' dir='ltr'>iu</span> <span class='ocrx_word' id='word_1_75' title='bbox 864 1269 1070 1348; x_wconf 87' lang='lat' dir='ltr'>promissionis</span> <span class='ocrx_word' id='word_1_76' title='bbox 1093 1266 1232 1328; x_wconf 87' lang='lat' dir='ltr'>inductus</span> <span class='ocrx_word' id='word_1_77' title='bbox 1256 1277 1301 1329; x_wconf 89' lang='lat' dir='ltr'>est</span> 
     </span>
     <span class='ocr_line' id='line_1_10' title="bbox 293 1354 1301 1437; baseline 0.001 -21"><span class='ocrx_word' id='word_1_78' title='bbox 293 1365 403 1417; x_wconf 86' lang='lat' dir='ltr'>terram</span> <span class='ocrx_word' id='word_1_79' title='bbox 433 1358 668 1436; x_wconf 84' lang='lat' dir='ltr'>expugnatisque</span> <span class='ocrx_word' id='word_1_80' title='bbox 703 1355 841 1436; x_wconf 84' lang='lat' dir='ltr'>gentibus</span> <span class='ocrx_word' id='word_1_81' title='bbox 876 1374 941 1417; x_wconf 92' lang='lat' dir='ltr'>eam</span> <span class='ocrx_word' id='word_1_82' title='bbox 970 1354 1127 1418; x_wconf 85' lang='lat' dir='ltr'>duodecim</span> <span class='ocrx_word' id='word_1_83' title='bbox 1154 1355 1301 1437; x_wconf 83' lang='lat' dir='ltr'>tribubus,</span> 
     </span>
     <span class='ocr_line' id='line_1_11' title="bbox 291 1442 1353 1527; baseline 0.007 -23"><span class='ocrx_word' id='word_1_84' title='bbox 291 1444 401 1523; x_wconf 86' lang='lat' dir='ltr'>quibus</span> <span class='ocrx_word' id='word_1_85' title='bbox 424 1443 503 1506; x_wconf 87' lang='lat' dir='ltr'>Deus</span> <span class='ocrx_word' id='word_1_86' title='bbox 524 1447 665 1525; x_wconf 89' lang='lat' dir='ltr'>iusserat,</span> <span class='ocrx_word' id='word_1_87' title='bbox 692 1442 791 1505; x_wconf 81' lang='lat' dir='ltr'>divisit</span> <span class='ocrx_word' id='word_1_88' title='bbox 814 1453 844 1505; x_wconf 90' lang='lat' dir='ltr'>et</span> <span class='ocrx_word' id='word_1_89' title='bbox 868 1453 1002 1506; x_wconf 89' lang='lat' dir='ltr'>mortuus</span> <span class='ocrx_word' id='word_1_90' title='bbox 1026 1451 1084 1527; x_wconf 87' lang='lat' dir='ltr'>est,</span> <span class='ocrx_word' id='word_1_91' title='bbox 1114 1461 1210 1522; x_wconf 85' lang='lat' dir='ltr'>nequo</span> <span class='ocrx_word' id='word_1_92' title='bbox 1234 1453 1302 1525; x_wconf 91' lang='lat' dir='ltr'>post</span> <span class='ocrx_word' id='word_1_93' title='bbox 1322 1462 1353 1511; x_wconf 85' lang='grc' dir='ltr'>ιο</span> 
     </span>
     <span class='ocr_line' id='line_1_12' title="bbox 293 1531 1301 1612; baseline 0.001 -19"><span class='ocrx_word' id='word_1_94' title='bbox 293 1532 376 1593; x_wconf 89' lang='lat' dir='ltr'>illurn</span> <span class='ocrx_word' id='word_1_95' title='bbox 399 1540 461 1595; x_wconf 93' lang='lat' dir='ltr'>toto</span> <span class='ocrx_word' id='word_1_96' title='bbox 489 1542 623 1612; x_wconf 87' lang='lat' dir='ltr'>tempore</span> <span class='ocrx_word' id='word_1_97' title='bbox 650 1532 782 1594; x_wconf 90' lang='lat' dir='ltr'>iudicum</span> <span class='ocrx_word' id='word_1_98' title='bbox 805 1531 924 1612; x_wconf 87' lang='lat' dir='ltr'>impleta</span> <span class='ocrx_word' id='word_1_99' title='bbox 948 1533 1044 1594; x_wconf 88' lang='lat' dir='ltr'>luerat</span> <span class='ocrx_word' id='word_1_100' title='bbox 1066 1535 1224 1612; x_wconf 90' lang='lat' dir='ltr'>promissio</span> <span class='ocrx_word' id='word_1_101' title='bbox 1247 1533 1301 1594; x_wconf 87' lang='lat' dir='ltr'>Dei</span> 
     </span>
     <span class='ocr_line' id='line_1_13' title="bbox 290 1619 1301 1701; baseline 0.002 -21"><span class='ocrx_word' id='word_1_102' title='bbox 290 1621 330 1680; x_wconf 93' lang='lat' dir='ltr'>de</span> <span class='ocrx_word' id='word_1_103' title='bbox 363 1631 442 1682; x_wconf 85' lang='lat' dir='ltr'>terra</span> <span class='ocrx_word' id='word_1_104' title='bbox 469 1619 605 1682; x_wconf 81' lang='lat' dir='ltr'>Gbanaan</span> <span class='ocrx_word' id='word_1_105' title='bbox 633 1638 649 1681; x_wconf 89' lang='lat' dir='ltr'>a</span> <span class='ocrx_word' id='word_1_106' title='bbox 677 1620 804 1701; x_wconf 91' lang='lat' dir='ltr'>quodam</span> <span class='ocrx_word' id='word_1_107' title='bbox 836 1621 957 1681; x_wconf 89' lang='lat' dir='ltr'>llumine</span> <span class='ocrx_word' id='word_1_108' title='bbox 985 1621 1107 1700; x_wconf 79' lang='lat' dir='ltr'>Aegypti</span> <span class='ocrx_word' id='word_1_109' title='bbox 1140 1639 1234 1701; x_wconf 90' lang='lat' dir='ltr'>usque</span> <span class='ocrx_word' id='word_1_110' title='bbox 1265 1623 1301 1682; x_wconf 92' lang='lat' dir='ltr'>ad</span> 
     </span>
     <span class='ocr_line' id='line_1_14' title="bbox 291 1706 1300 1790; baseline 0.001 -21"><span class='ocrx_word' id='word_1_111' title='bbox 291 1709 403 1770; x_wconf 88' lang='lat' dir='ltr'>llumeu</span> <span class='ocrx_word' id='word_1_112' title='bbox 431 1727 569 1788; x_wconf 79' lang='lat' dir='ltr'>maguum</span> <span class='ocrx_word' id='word_1_113' title='bbox 595 1706 780 1790; x_wconf 71' lang='lat' dir='ltr'>Euphratem</span> <span class='ocrx_word' id='word_1_114' title='bbox 809 1726 865 1770; x_wconf 89' lang='lat' dir='ltr'>nec</span> <span class='ocrx_word' id='word_1_115' title='bbox 895 1718 994 1770; x_wconf 88' lang='lat' dir='ltr'>tamen</span> <span class='ocrx_word' id='word_1_116' title='bbox 1022 1709 1117 1770; x_wconf 86' lang='lat' dir='ltr'>adbuc</span> <span class='ocrx_word' id='word_1_117' title='bbox 1144 1708 1300 1790; x_wconf 90' lang='lat' dir='ltr'>propbeta-</span> 
     </span>
     <span class='ocr_line' id='line_1_15' title="bbox 292 1795 1301 1878; baseline 0.001 -20"><span class='ocrx_word' id='word_1_118' title='bbox 292 1797 381 1858; x_wconf 88' lang='lat' dir='ltr'>batur</span> <span class='ocrx_word' id='word_1_119' title='bbox 411 1799 560 1876; x_wconf 84' lang='lat' dir='ltr'>futurum,</span> <span class='ocrx_word' id='word_1_120' title='bbox 592 1797 644 1857; x_wconf 88' lang='lat' dir='ltr'>sed</span> <span class='ocrx_word' id='word_1_121' title='bbox 672 1795 882 1877; x_wconf 78' lang='lat' dir='ltr'>expectabatur</span> <span class='ocrx_word' id='word_1_122' title='bbox 909 1797 1100 1877; x_wconf 84' lang='lat' dir='ltr'>implendum.</span> <span class='ocrx_word' id='word_1_123' title='bbox 1144 1797 1301 1878; x_wconf 88' lang='lat' dir='ltr'>impletum</span> 
     </span>
     <span class='ocr_line' id='line_1_16' title="bbox 290 1884 1353 1966; baseline 0.005 -20"><span class='ocrx_word' id='word_1_124' title='bbox 290 1893 339 1946; x_wconf 87' lang='lat' dir='ltr'>est</span> <span class='ocrx_word' id='word_1_125' title='bbox 362 1894 460 1947; x_wconf 90' lang='lat' dir='ltr'>autem</span> <span class='ocrx_word' id='word_1_126' title='bbox 483 1903 538 1966; x_wconf 89' lang='lat' dir='ltr'>per</span> <span class='ocrx_word' id='word_1_127' title='bbox 555 1884 645 1946; x_wconf 80' lang='lat' dir='ltr'>llavld</span> <span class='ocrx_word' id='word_1_128' title='bbox 669 1888 786 1946; x_wconf 88' lang='lat' dir='ltr'>eteius</span> <span class='ocrx_word' id='word_1_129' title='bbox 809 1885 911 1946; x_wconf 84' lang='lat' dir='ltr'>filium·</span> <span class='ocrx_word' id='word_1_130' title='bbox 926 1885 1122 1959; x_wconf 81' lang='lat' dir='ltr'>Salomonem,</span> <span class='ocrx_word' id='word_1_131' title='bbox 1145 1890 1230 1947; x_wconf 89' lang='lat' dir='ltr'>cuius</span> <span class='ocrx_word' id='word_1_132' title='bbox 1254 1905 1300 1948; x_wconf 88' lang='lat' dir='ltr'>re·</span> <span class='ocrx_word' id='word_1_133' title='bbox 1321 1902 1353 1952; x_wconf 81' lang='lat'>15</span> 
     </span>
     <span class='ocr_line' id='line_1_17' title="bbox 291 1973 1300 2056; baseline 0.002 -22"><span class='ocrx_word' id='word_1_134' title='bbox 291 1992 383 2053; x_wconf 58' lang='lat' dir='ltr'>mum</span> <span class='ocrx_word' id='word_1_135' title='bbox 407 1981 504 2054; x_wconf 88' lang='lat' dir='ltr'>tanto,</span> <span class='ocrx_word' id='word_1_136' title='bbox 528 1982 670 2052; x_wconf 89' lang='lat' dir='ltr'>quantum</span> <span class='ocrx_word' id='word_1_137' title='bbox 693 1974 874 2054; x_wconf 88' lang='lat' dir='ltr'>promissum</span> <span class='ocrx_word' id='word_1_138' title='bbox 896 1974 1007 2056; x_wconf 86' lang='lat' dir='ltr'>luerat,</span> <span class='ocrx_word' id='word_1_139' title='bbox 1031 1976 1124 2054; x_wconf 89' lang='lat' dir='ltr'>spatio</span> <span class='ocrx_word' id='word_1_140' title='bbox 1148 1973 1300 2036; x_wconf 89' lang='lat' dir='ltr'>dilatatum</span> 
     </span>
     <span class='ocr_line' id='line_1_18' title="bbox 292 2059 1300 2144; baseline 0.001 -21"><span class='ocrx_word' id='word_1_141' title='bbox 292 2071 351 2144; x_wconf 83' lang='lat' dir='ltr'>est3</span> <span class='ocrx_word' id='word_1_142' title='bbox 393 2065 547 2123; x_wconf 88' lang='lat' dir='ltr'>universos</span> <span class='ocrx_word' id='word_1_143' title='bbox 584 2064 692 2142; x_wconf 93' lang='lat' dir='ltr'>qnippe</span> <span class='ocrx_word' id='word_1_144' title='bbox 734 2061 800 2122; x_wconf 92' lang='lat' dir='ltr'>illos</span> <span class='ocrx_word' id='word_1_145' title='bbox 837 2059 1034 2123; x_wconf 89' lang='lat' dir='ltr'>subdiderunt</span> <span class='ocrx_word' id='word_1_146' title='bbox 1069 2061 1300 2143; x_wconf 85' lang='lat' dir='ltr'>tributariosque</span> 
     </span>
     <span class='ocr_line' id='line_1_19' title="bbox 291 2149 1299 2230; baseline 0.001 -19"><span class='ocrx_word' id='word_1_147' title='bbox 291 2151 439 2212; x_wconf 82' lang='lat' dir='ltr'>iecerunt.</span> <span class='ocrx_word' id='word_1_148' title='bbox 485 2149 534 2211; x_wconf 86' lang='lat' dir='ltr'>Sie</span> <span class='ocrx_word' id='word_1_149' title='bbox 557 2151 648 2230; x_wconf 80' lang='lat' dir='ltr'>igitur</span> <span class='ocrx_word' id='word_1_150' title='bbox 669 2152 700 2210; x_wconf 88' lang='lat' dir='ltr'>in</span> <span class='ocrx_word' id='word_1_151' title='bbox 724 2159 804 2210; x_wconf 89' lang='lat' dir='ltr'>terra</span> <span class='ocrx_word' id='word_1_152' title='bbox 821 2152 1027 2230; x_wconf 85' lang='lat' dir='ltr'>promissionis</span> <span class='ocrx_word' id='word_1_153' title='bbox 1051 2150 1214 2213; x_wconf 86' lang='lat' dir='ltr'>secundum</span> <span class='ocrx_word' id='word_1_154' title='bbox 1236 2170 1299 2212; x_wconf 89' lang='lat' dir='ltr'>car-</span> 
     </span>
     <span class='ocr_line' id='line_1_20' title="bbox 290 2236 1300 2320; baseline 0.003 -21"><span class='ocrx_word' id='word_1_155' title='bbox 290 2258 377 2318; x_wconf 92' lang='lat' dir='ltr'>nem,</span> <span class='ocrx_word' id='word_1_156' title='bbox 405 2238 461 2299; x_wconf 89' lang='lat' dir='ltr'>hoo</span> <span class='ocrx_word' id='word_1_157' title='bbox 490 2247 535 2299; x_wconf 90' lang='lat' dir='ltr'>est</span> <span class='ocrx_word' id='word_1_158' title='bbox 562 2241 593 2299; x_wconf 91' lang='lat' dir='ltr'>in</span> <span class='ocrx_word' id='word_1_159' title='bbox 621 2247 702 2299; x_wconf 84' lang='lat' dir='ltr'>terra</span> <span class='ocrx_word' id='word_1_160' title='bbox 724 2236 879 2320; x_wconf 75' lang='lat' dir='ltr'>chanaan,</span> <span class='ocrx_word' id='word_1_161' title='bbox 902 2237 958 2300; x_wconf 91' lang='lat' dir='ltr'>sub</span> <span class='ocrx_word' id='word_1_162' title='bbox 985 2238 1032 2298; x_wconf 94' lang='lat' dir='ltr'>bis</span> <span class='ocrx_word' id='word_1_163' title='bbox 1055 2238 1175 2318; x_wconf 85' lang='lat' dir='ltr'>regibus</span> <span class='ocrx_word' id='word_1_164' title='bbox 1198 2257 1300 2302; x_wconf 87' lang='lat' dir='ltr'>semen</span> 
     </span>
     <span class='ocr_line' id='line_1_21' title="bbox 291 2325 1354 2410; baseline 0.004 -22"><span class='ocrx_word' id='word_1_165' title='bbox 291 2327 425 2389; x_wconf 74' lang='lat' dir='ltr'>Abrabae</span> <span class='ocrx_word' id='word_1_166' title='bbox 456 2326 555 2387; x_wconf 87' lang='lat' dir='ltr'>iuerat</span> <span class='ocrx_word' id='word_1_167' title='bbox 586 2329 793 2407; x_wconf 87' lang='lat' dir='ltr'>constitutum,</span> <span class='ocrx_word' id='word_1_168' title='bbox 825 2335 859 2387; x_wconf 89' lang='lat' dir='ltr'>nt</span> <span class='ocrx_word' id='word_1_169' title='bbox 887 2325 960 2387; x_wconf 90' lang='lat' dir='ltr'>nihil</span> <span class='ocrx_word' id='word_1_170' title='bbox 987 2326 1093 2387; x_wconf 89' lang='lat' dir='ltr'>deinde</span> <span class='ocrx_word' id='word_1_171' title='bbox 1122 2337 1303 2410; x_wconf 84' lang='lat' dir='ltr'>superesset,</span> <span class='ocrx_word' id='word_1_172' title='bbox 1319 2343 1354 2394; x_wconf 77' lang='lat'>20</span> 
     </span>
     <span class='ocr_line' id='line_1_22' title="bbox 292 2413 1299 2497; baseline 0 -21"><span class='ocrx_word' id='word_1_173' title='bbox 292 2435 352 2495; x_wconf 89' lang='lat' dir='ltr'>quo</span> <span class='ocrx_word' id='word_1_174' title='bbox 370 2425 490 2476; x_wconf 88' lang='lat' dir='ltr'>terrena</span> <span class='ocrx_word' id='word_1_175' title='bbox 512 2413 560 2475; x_wconf 94' lang='lat' dir='ltr'>illa</span> <span class='ocrx_word' id='word_1_176' title='bbox 579 2413 632 2474; x_wconf 83' lang='lat' dir='ltr'>bei</span> <span class='ocrx_word' id='word_1_177' title='bbox 651 2417 808 2494; x_wconf 85' lang='lat' dir='ltr'>promissio</span> <span class='ocrx_word' id='word_1_178' title='bbox 832 2413 1041 2497; x_wconf 82' lang='lat' dir='ltr'>compleretur,</span> <span class='ocrx_word' id='word_1_179' title='bbox 1064 2416 1121 2476; x_wconf 93' lang='lat' dir='ltr'>nisi</span> <span class='ocrx_word' id='word_1_180' title='bbox 1143 2425 1177 2476; x_wconf 91' lang='lat' dir='ltr'>ut</span> <span class='ocrx_word' id='word_1_181' title='bbox 1199 2417 1230 2476; x_wconf 92' lang='lat' dir='ltr'>in</span> <span class='ocrx_word' id='word_1_182' title='bbox 1253 2434 1299 2476; x_wconf 89' lang='lat' dir='ltr'>ea·</span> 
     </span>
     <span class='ocr_line' id='line_1_23' title="bbox 291 2502 1301 2585; baseline 0 -21"><span class='ocrx_word' id='word_1_183' title='bbox 291 2505 361 2564; x_wconf 92' lang='lat' dir='ltr'>dem</span> <span class='ocrx_word' id='word_1_184' title='bbox 383 2513 472 2585; x_wconf 90' lang='lat' dir='ltr'>terra,</span> <span class='ocrx_word' id='word_1_185' title='bbox 494 2512 637 2582; x_wconf 91' lang='lat' dir='ltr'>quantum</span> <span class='ocrx_word' id='word_1_186' title='bbox 656 2503 692 2564; x_wconf 92' lang='lat' dir='ltr'>ad</span> <span class='ocrx_word' id='word_1_187' title='bbox 714 2506 942 2583; x_wconf 84' lang='lat' dir='ltr'>prosperitatem</span> <span class='ocrx_word' id='word_1_188' title='bbox 965 2502 1077 2564; x_wconf 87' lang='lat' dir='ltr'>adtinet</span> <span class='ocrx_word' id='word_1_189' title='bbox 1101 2503 1301 2585; x_wconf 84' lang='lat' dir='ltr'>temporalem,</span> 
     </span>
     <span class='ocr_line' id='line_1_24' title="bbox 290 2592 1300 2672; baseline 0.001 -20"><span class='ocrx_word' id='word_1_190' title='bbox 290 2594 347 2672; x_wconf 91' lang='lat' dir='ltr'>per</span> <span class='ocrx_word' id='word_1_191' title='bbox 374 2593 556 2670; x_wconf 86' lang='lat' dir='ltr'>posteritatis</span> <span class='ocrx_word' id='word_1_192' title='bbox 583 2592 803 2663; x_wconf 85' lang='lat' dir='ltr'>successionem</span> <span class='ocrx_word' id='word_1_193' title='bbox 833 2593 1011 2653; x_wconf 89' lang='lat' dir='ltr'>inconcusso</span> <span class='ocrx_word' id='word_1_194' title='bbox 1040 2599 1118 2652; x_wconf 88' lang='lat' dir='ltr'>stato</span> <span class='ocrx_word' id='word_1_195' title='bbox 1145 2592 1300 2671; x_wconf 90' lang='lat' dir='ltr'>usquead</span> 
     </span>
     <span class='ocr_line' id='line_1_25' title="bbox 291 2678 1300 2763; baseline 0.001 -22"><span class='ocrx_word' id='word_1_196' title='bbox 291 2679 425 2741; x_wconf 90' lang='lat' dir='ltr'>mortalis</span> <span class='ocrx_word' id='word_1_197' title='bbox 443 2678 531 2740; x_wconf 85' lang='lat' dir='ltr'>huius</span> <span class='ocrx_word' id='word_1_198' title='bbox 550 2678 660 2740; x_wconf 88' lang='lat' dir='ltr'>saeculi</span> <span class='ocrx_word' id='word_1_199' title='bbox 677 2681 839 2740; x_wconf 88' lang='lat' dir='ltr'>terminum</span> <span class='ocrx_word' id='word_1_200' title='bbox 856 2697 930 2758; x_wconf 83' lang='lat' dir='ltr'>gens</span> <span class='ocrx_word' id='word_1_201' title='bbox 952 2688 1141 2760; x_wconf 89' lang='lat' dir='ltr'>permaneret</span> <span class='ocrx_word' id='word_1_202' title='bbox 1159 2679 1300 2763; x_wconf 87' lang='lat' dir='ltr'>Hebraea,</span> 
     </span>
    </p>

    <p class='ocr_par' dir='ltr' id='par_1_3' title="bbox 289 2766 1353 3377">
     <span class='ocr_line' id='line_1_26' title="bbox 290 2766 1353 2847; baseline 0.003 -17"><span class='ocrx_word' id='word_1_203' title='bbox 290 2772 319 2830; x_wconf 90' lang='lat' dir='ltr'>si</span> <span class='ocrx_word' id='word_1_204' title='bbox 342 2768 458 2829; x_wconf 85' lang='lat' dir='ltr'>Domini</span> <span class='ocrx_word' id='word_1_205' title='bbox 481 2767 535 2828; x_wconf 87' lang='lat' dir='ltr'>Del</span> <span class='ocrx_word' id='word_1_206' title='bbox 558 2769 604 2828; x_wconf 91' lang='lat' dir='ltr'>sui</span> <span class='ocrx_word' id='word_1_207' title='bbox 632 2766 748 2847; x_wconf 79' lang='lat' dir='ltr'>legibus</span> <span class='ocrx_word' id='word_1_208' title='bbox 771 2766 932 2829; x_wconf 85' lang='lat' dir='ltr'>oboediret.</span> <span class='ocrx_word' id='word_1_209' title='bbox 979 2768 1036 2829; x_wconf 87' lang='lat' dir='ltr'>Sed</span> <span class='ocrx_word' id='word_1_210' title='bbox 1061 2770 1199 2847; x_wconf 90' lang='lat' dir='ltr'>quoniam</span> <span class='ocrx_word' id='word_1_211' title='bbox 1220 2768 1301 2831; x_wconf 81' lang='lat' dir='ltr'>bens</span> <span class='ocrx_word' id='word_1_212' title='bbox 1320 2784 1353 2834; x_wconf 80' lang='lat' dir='ltr'>to</span> 
     </span>
     <span class='ocr_line' id='line_1_27' title="bbox 291 2855 1301 2938; baseline 0.001 -20"><span class='ocrx_word' id='word_1_213' title='bbox 291 2866 415 2918; x_wconf 85' lang='lat' dir='ltr'>noverat</span> <span class='ocrx_word' id='word_1_214' title='bbox 438 2855 494 2916; x_wconf 91' lang='lat' dir='ltr'>hoc</span> <span class='ocrx_word' id='word_1_215' title='bbox 517 2872 581 2916; x_wconf 90' lang='lat' dir='ltr'>eam</span> <span class='ocrx_word' id='word_1_216' title='bbox 604 2872 664 2916; x_wconf 89' lang='lat' dir='ltr'>non</span> <span class='ocrx_word' id='word_1_217' title='bbox 687 2873 753 2916; x_wconf 86' lang='lat' dir='ltr'>csse</span> <span class='ocrx_word' id='word_1_218' title='bbox 778 2856 937 2938; x_wconf 88' lang='lat' dir='ltr'>iacturam,</span> <span class='ocrx_word' id='word_1_219' title='bbox 960 2875 1033 2917; x_wconf 80' lang='lat' dir='ltr'>orsus</span> <span class='ocrx_word' id='word_1_220' title='bbox 1057 2865 1102 2916; x_wconf 93' lang='lat' dir='ltr'>est</span> <span class='ocrx_word' id='word_1_221' title='bbox 1125 2859 1189 2918; x_wconf 88' lang='lat' dir='ltr'>eius</span> <span class='ocrx_word' id='word_1_222' title='bbox 1212 2861 1301 2919; x_wconf 87' lang='lat' dir='ltr'>etiam</span> 
     </span>
     <span class='ocr_line' id='line_1_28' title="bbox 290 2943 1300 3024; baseline 0.001 -18"><span class='ocrx_word' id='word_1_223' title='bbox 290 2944 505 3024; x_wconf 83' lang='lat' dir='ltr'>temporalibus</span> <span class='ocrx_word' id='word_1_224' title='bbox 532 2945 636 3024; x_wconf 90' lang='lat' dir='ltr'>poenis</span> <span class='ocrx_word' id='word_1_225' title='bbox 664 2943 699 3004; x_wconf 93' lang='lat' dir='ltr'>ad</span> <span class='ocrx_word' id='word_1_226' title='bbox 729 2943 911 3005; x_wconf 81' lang='lat' dir='ltr'>exercendos</span> <span class='ocrx_word' id='word_1_227' title='bbox 940 2946 971 3005; x_wconf 91' lang='lat' dir='ltr'>in</span> <span class='ocrx_word' id='word_1_228' title='bbox 1001 2963 1035 3006; x_wconf 91' lang='lat' dir='ltr'>ea</span> <span class='ocrx_word' id='word_1_229' title='bbox 1062 2962 1172 3024; x_wconf 90' lang='lat' dir='ltr'>paucos</span> <span class='ocrx_word' id='word_1_230' title='bbox 1200 2945 1300 3008; x_wconf 85' lang='lat' dir='ltr'>fideles</span> 
     </span>
     <span class='ocr_line' id='line_1_29' title="bbox 289 3032 1301 3113; baseline 0.001 -19"><span class='ocrx_word' id='word_1_231' title='bbox 289 3051 363 3094; x_wconf 86' lang='lat' dir='ltr'>suos</span> <span class='ocrx_word' id='word_1_232' title='bbox 390 3043 421 3094; x_wconf 88' lang='lat' dir='ltr'>et</span> <span class='ocrx_word' id='word_1_233' title='bbox 449 3032 650 3094; x_wconf 88' lang='lat' dir='ltr'>admonendos</span> <span class='ocrx_word' id='word_1_234' title='bbox 677 3034 729 3112; x_wconf 89' lang='lat' dir='ltr'>qui</span> <span class='ocrx_word' id='word_1_235' title='bbox 756 3041 859 3113; x_wconf 90' lang='lat' dir='ltr'>postea</span> <span class='ocrx_word' id='word_1_236' title='bbox 887 3033 980 3093; x_wconf 87' lang='lat' dir='ltr'>loturi</span> <span class='ocrx_word' id='word_1_237' title='bbox 1002 3042 1087 3094; x_wconf 91' lang='lat' dir='ltr'>erant</span> <span class='ocrx_word' id='word_1_238' title='bbox 1109 3035 1140 3093; x_wconf 90' lang='lat' dir='ltr'>in</span> <span class='ocrx_word' id='word_1_239' title='bbox 1163 3033 1301 3095; x_wconf 88' lang='lat' dir='ltr'>omnibus</span> 
     </span>
     <span class='ocr_line' id='line_1_30' title="bbox 289 3119 1300 3226; baseline 0 -44"><span class='ocrx_word' id='word_1_240' title='bbox 289 3120 440 3226; x_wconf 81' lang='lat' dir='ltr'>gentibus,</span> <span class='ocrx_word' id='word_1_241' title='bbox 464 3120 542 3201; x_wconf 86' lang='lat' dir='ltr'>quod</span> <span class='ocrx_word' id='word_1_242' title='bbox 562 3139 613 3182; x_wconf 89' lang='lat' dir='ltr'>eos</span> <span class='ocrx_word' id='word_1_243' title='bbox 632 3120 785 3182; x_wconf 91' lang='lat' dir='ltr'>admoneri</span> <span class='ocrx_word' id='word_1_244' title='bbox 807 3120 1003 3202; x_wconf 89' lang='lat' dir='ltr'>oportebat,</span> <span class='ocrx_word' id='word_1_245' title='bbox 994 3139 1025 3181; x_wconf 89' lang='lat' dir='ltr'>m</span> <span class='ocrx_word' id='word_1_246' title='bbox 1048 3119 1157 3201; x_wconf 90' lang='lat' dir='ltr'>quibus</span> <span class='ocrx_word' id='word_1_247' title='bbox 1179 3120 1300 3183; x_wconf 88' lang='lat' dir='ltr'>alteram</span> 
     </span>
     <span class='ocr_line' id='line_1_31' title="bbox 290 3209 1353 3326; baseline 0.004 -56"><span class='ocrx_word' id='word_1_248' title='bbox 290 3212 518 3290; x_wconf 86' lang='lat' dir='ltr'>promissionem</span> <span class='ocrx_word' id='word_1_249' title='bbox 542 3209 670 3271; x_wconf 83' lang='lat' dir='ltr'>revelato</span> <span class='ocrx_word' id='word_1_250' title='bbox 693 3226 769 3270; x_wconf 87' lang='lat' dir='ltr'>noro</span> <span class='ocrx_word' id='word_1_251' title='bbox 792 3217 969 3270; x_wconf 88' lang='lat' dir='ltr'>testamento</span> <span class='ocrx_word' id='word_1_252' title='bbox 991 3227 1046 3290; x_wconf 88' lang='lat' dir='ltr'>per</span> <span class='ocrx_word' id='word_1_253' title='bbox 1069 3211 1300 3326; x_wconf 87' lang='lat' dir='ltr'>incarnationem</span> <span class='ocrx_word' id='word_1_254' title='bbox 1319 3225 1353 3274; x_wconf 86' lang='lat' dir='ltr'>so</span> 
     </span>
     <span class='ocr_line' id='line_1_32' title="bbox 289 3297 1162 3377; baseline -0.005 -17"><span class='ocrx_word' id='word_1_255' title='bbox 289 3297 403 3361; x_wconf 81' lang='lat' dir='ltr'>Christi</span> <span class='ocrx_word' id='word_1_256' title='bbox 425 3299 522 3358; x_wconf 87' lang='lat' dir='ltr'>iuerat</span> <span class='ocrx_word' id='word_1_257' title='bbox 543 3297 730 3377; x_wconf 90' lang='lat' dir='ltr'>impleturus</span> <span class='ocrx_word' id='word_1_258' title='bbox 1160 3329 1162 3332; x_wconf 94' lang='lat'>·</span> 
     </span>
    </p>
   </div>
   <div class='ocr_carea' id='block_1_3' title="bbox 249 3407 620 3531">
    <p class='ocr_par' dir='ltr' id='par_1_4' title="bbox 249 3407 620 3531">
     <span class='ocr_line' id='line_1_33' title="bbox 249 3407 620 3531; baseline -0.003 -27"><span class='ocrx_word' id='word_1_259' title='bbox 249 3524 251 3531; x_wconf 33' lang='grc' dir='ltr'>Ι</span> <span class='ocrx_word' id='word_1_260' title='bbox 364 3454 408 3518; x_wconf 82' lang='grc'>13)</span> <span class='ocrx_word' id='word_1_261' title='bbox 428 3407 496 3506; x_wconf 81' lang='lat' dir='ltr'>Gen.</span> <span class='ocrx_word' id='word_1_262' title='bbox 517 3455 558 3518; x_wconf 83' lang='lat'>15,</span> <span class='ocrx_word' id='word_1_263' title='bbox 579 3454 620 3505; x_wconf 84' lang='lat'>18.</span> 
     </span>
    </p>
   </div>
   <div class='ocr_carea' id='block_1_4' title="bbox 290 3651 1302 3809">
    <p class='ocr_par' dir='ltr' id='par_1_5' title="bbox 290 3651 1302 3793">
     <span class='ocr_line' id='line_1_34' title="bbox 365 3651 1302 3780; baseline 0.001 -74"><span class='ocrx_word' id='word_1_264' title='bbox 365 3652 535 3715; x_wconf 66' lang='lat' dir='ltr'>§liberatus</span> <span class='ocrx_word' id='word_1_265' title='bbox 553 3669 619 3719; x_wconf 80' lang='lat' dir='ltr'>mes3</span> <span class='ocrx_word' id='word_1_266' title='bbox 641 3651 690 3706; x_wconf 90' lang='lat' dir='ltr'>lib.</span> <span class='ocrx_word' id='word_1_267' title='bbox 710 3655 753 3707; x_wconf 83' lang='lat' dir='ltr'>eei</span> <span class='ocrx_word' id='word_1_268' title='bbox 771 3670 787 3707; x_wconf 88' lang='lat' dir='ltr'>o</span> <span class='ocrx_word' id='word_1_269' title='bbox 805 3654 825 3721; x_wconf 83' lang='grc' dir='ltr'>ΙΙ</span> <span class='ocrx_word' id='word_1_270' title='bbox 834 3655 866 3704; x_wconf 82' lang='grc'>16</span> <span class='ocrx_word' id='word_1_271' title='bbox 885 3654 965 3706; x_wconf 82' lang='lat' dir='ltr'>tanto</span> <span class='ocrx_word' id='word_1_272' title='bbox 984 3652 1122 3722; x_wconf 84' lang='lat' dir='ltr'>quantum</span> <span class='ocrx_word' id='word_1_273' title='bbox 1140 3651 1302 3780; x_wconf 76' lang='lat' dir='ltr'>RAFGp·</span> 
     </span>
     <span class='ocr_line' id='line_1_35' title="bbox 290 3720 931 3809; baseline -0.003 -32"><span class='ocrx_word' id='word_1_274' title='bbox 290 3725 405 3779; x_wconf 74' lang='lat' dir='ltr'>tantum</span> <span class='ocrx_word' id='word_1_275' title='bbox 424 3726 561 3805; x_wconf 83' lang='lat' dir='ltr'>quantum</span> <span class='ocrx_word' id='word_1_276' title='bbox 579 3724 625 3790; x_wconf 77' lang='lat' dir='ltr'>be3</span> <span class='ocrx_word' id='word_1_277' title='bbox 646 3720 726 3782; x_wconf 80' lang='lat' dir='ltr'>tanto</span> <span class='ocrx_word' id='word_1_278' title='bbox 745 3725 851 3809; x_wconf 81' lang='lat' dir='ltr'>quanto</span> <span class='ocrx_word' id='word_1_279' title='bbox 870 3739 931 3793; x_wconf 75' lang='lat' dir='ltr'>apo</span> 
     </span>
    </p>
   </div>
   <div class='ocr_carea' id='block_1_5' title="bbox 0 0 1646 4459">
    <p class='ocr_par' dir='ltr' id='par_1_6' title="bbox 0 0 1646 4459">
     <span class='ocr_line' id='line_1_36' title="bbox 0 0 1646 4459; baseline 0 1"><span class='ocrx_word' id='word_1_280' title='bbox 0 0 1646 4459; x_wconf 95' lang='lat' dir='ltr'> </span> 
     </span>
    </p>
   </div>
  </div>
 </body>
</html>
