3284 4459
336 453 403 518 264
741 464 763 506 s.
777 463 942 507 sucosam

336 602 414 680 Argo
446 609 581 661 mortuus
614 609 660 661 est
686 598 791 679 loseph
822 602 854 659 in
881 600 1020 678 Aegypto.
1045 617 1190 660 annorum
1222 607 1344 660 centum

337 689 447 750 decem.
492 689 564 750 Post
590 690 675 749 cuius
706 697 831 748 mortem
854 687 981 766 populus
1004 687 1057 748 liei
1080 687 1254 749 mirabiliter
1277 706 1343 749 cre·

337 795 423 839 scens
447 779 553 837 mansit
575 778 606 836 iu
625 778 754 855 Aegypto
778 784 898 837 centum
922 776 1114 855 quadraginta
1137 778 1269 855 quinque
1292 793 1343 836 an·

337 884 405 946 nos,
436 863 593 944 tranquille
625 866 724 944 priuS,
757 863 852 924 donec
884 873 1072 926 morerentur
1100 863 1208 944 quibus
1236 864 1343 943 loseph

302 963 425 1018 anctus
462 954 532 1034 luit5
573 952 678 1013 deinde
720 955 789 1031 quia
826 951 1012 1013 invidebatur
1034 953 1241 1034 ¹incrementis
1277 955 1343 1014 eius

337 1050 479 1121 erantque
512 1048 669 1121 suspecta:
700 1058 758 1119 qrro
790 1058 885 1120 usque
916 1041 986 1100 inde
1017 1040 1210 1122 liberaretur,
1233 1034 1343 1120 ¹perse·

337 1129 506 1192 cutionibus
536 1122 630 1212 (inter
659 1147 733 1208 quas
762 1137 860 1190 tamen
890 1128 1030 1190 divinitus
1061 1129 1216 1190 fecundata
1245 1128 1343 1189 multi·

336 1219 492 1299 plicatione
516 1211 683 1300 crescebat)
711 1226 741 1278 et
763 1216 913 1278 laboribus
936 1216 1126 1295 premebatur
1149 1216 1344 1278 intolerabilis

337 1309 495 1370 servitutis.
540 1305 574 1367 ln
597 1307 714 1384 Assyria
743 1323 811 1365 vero
839 1314 870 1380 et
892 1304 1014 1366 Graecia
1040 1323 1095 1385 per
1124 1306 1203 1367 idem
1224 1315 1344 1384 tempus

286 1411 318 1461 10
336 1415 427 1476 regna
450 1394 551 1456 eadem
573 1393 793 1475 permanebant.

724 1599 842 1667 Ourur
860 1600 949 1665 VIII.

386 1733 519 1806 Quorum
541 1746 647 1804 rapum
670 1737 770 1790 aetate
792 1728 913 1806 Moyses
936 1738 1026 1789 uatus
1048 1733 1095 1802 sit,
1119 1737 1149 1789 et
1170 1704 1309 1804 quorum·

461 1821 585 1880 deorum
609 1819 719 1878 eisdem
743 1818 925 1894 temporibus
946 1821 988 1878 sit
1009 1824 1078 1877 orta
1102 1821 1217 1893 relipio.

426 1940 500 2003 Cum
519 1959 590 2020 ergo
609 1949 747 2020 regnaret
765 1941 892 2018 Assyriis
916 1940 1190 2018 quartusdecimus
1210 1941 1343 2021 Saphrus

285 2045 318 2095 tu
337 2039 367 2091 et
400 2029 544 2110 Sicyoniis
577 2028 768 2090 duodecimus
801 2027 971 2107 Orthopolis
1007 2036 1038 2088 et
1070 2027 1188 2089 Criasus
1220 2032 1344 2108 quintus

337 2120 465 2199 Argivis,
488 2126 574 2179 natus
597 2125 644 2177 est
666 2119 696 2176 in
719 2118 850 2196 Aegypto
873 2115 1004 2197 Moyses,
1025 2135 1081 2196 per
1104 2135 1192 2196 quem
1215 2118 1344 2197 populus

336 2206 390 2268 Dei
418 2207 453 2267 de
482 2208 624 2266 servitute
647 2206 786 2284 Aegyptia
813 2203 954 2265 liberatus
982 2212 1043 2285 est,
1072 2207 1104 2266 iu
1134 2224 1191 2283 qua
1214 2224 1283 2266 eum
1306 2206 1342 2267 ad

335 2293 564 2362 desiderandum
591 2295 639 2353 sui
661 2291 809 2353 Creatoris
836 2292 978 2353 auxilium
1000 2295 1044 2353 sic
1066 2295 1200 2354 exerceri
1223 2305 1342 2373 oporte·

337 2383 395 2445 bat.
440 2380 641 2461 Regnantibus
669 2381 837 2440 memoratis
864 2379 984 2458 regibus
1012 2382 1104 2442 luisse
1128 2381 1343 2460 aquibnsdam

282 2487 319 2537 eo
338 2472 470 2533 creditur
492 2468 701 2548 Prometheus,
724 2485 810 2546 quem
834 2477 991 2547 propterea
1015 2469 1115 2530 ierunt
1137 2469 1259 2531 deluto
1283 2471 1343 2531 lor·

338 2578 432 2621 masse
451 2559 593 2630 homines,
616 2558 685 2635 quia
703 2557 832 2634 optimus
855 2557 1014 2634 sapientiae
1034 2556 1138 2618 doctor
1161 2558 1252 2618 luisse
1275 2577 1343 2638 per·

336 2647 469 2726 bibetur;
492 2664 547 2706 nec
565 2654 664 2706 tamen
682 2642 857 2717 ostenditur,
876 2646 928 2722 qari
946 2647 1009 2704 eius
1029 2645 1212 2724 temporibus
1231 2647 1343 2707 luerint

337 2738 492 2814 sapientes.
543 2732 647 2794 Frater
678 2734 743 2792 eius
773 2731 873 2792 Atlans
901 2750 1024 2811 magnus
1054 2734 1146 2794 luisse
1176 2734 1343 2814 astrologus

338 2825 460 2903 dicitur3
488 2821 566 2883 unde
597 2822 781 2881 occasionem
810 2819 906 2880 sabula
929 2822 1053 2902 invenit,
1081 2830 1115 2882 ut
1137 2840 1205 2883 eum
1228 2821 1343 2884 caelum

285 2926 319 2975 ‘25
338 2919 456 2992 portare
476 2910 672 2989 confingerem
695 2910 828 2987 quamvis
852 2926 938 2968 mons
961 2911 1025 2970 eius
1048 2912 1167 2970 nomine
1190 2929 1343 2990 nuncupe-

338 3009 400 3079 tur,
433 3001 518 3060 cuius
548 2996 701 3059 altitudine
730 2999 832 3076 potius
859 2996 933 3057 caeli
959 3000 1087 3076 portatio
1115 3000 1145 3058 in
1173 3001 1344 3078 opinionem

338 3087 417 3167 uulgi
454 3089 568 3148 venisse
605 3085 746 3147 videatur.
791 3083 881 3146 Multa
914 3103 1032 3165 quoque
1064 3086 1118 3146 alia
1148 3105 1185 3148 ex
1221 3087 1280 3147 illis
1310 3091 1343 3150 in

338 3176 459 3237 Graecia
478 3173 661 3255 temporibus
681 3174 808 3252 confingi
827 3173 958 3234 labulosa
977 3182 1153 3255 coeperuut;
1176 3174 1227 3235 sed
1247 3193 1343 3254 usque
1459 3222 1463 3243 .

340 3264 375 3325 ad
403 3263 564 3342 Cecropem
592 3279 693 3341 regem
720 3260 955 3342 Atheniensium,
986 3280 1044 3341 quo
1074 3271 1215 3342 regnante
1240 3263 1344 3325 eadem

284 3367 320 3419 30
336 3347 441 3414 'civitas
469 3355 557 3411 etiam
585 3350 641 3410 tale
669 3367 776 3410 nomen
804 3352 933 3429 accepit,
963 3358 993 3411 et
1017 3369 1075 3429 qno
1098 3361 1239 3430 regnante
1263 3350 1344 3412 Deus

338 3459 393 3520 per
410 3439 529 3521 Moysen
549 3438 649 3499 eduxit
672 3457 707 3498 ex
727 3439 857 3517 Aegypto
881 3438 1022 3517 populum
1046 3457 1142 3520 suum,
1164 3439 1250 3501 relati
1273 3450 1344 3502 scrut

338 3531 368 3589 in
398 3529 521 3588 deornm
548 3545 706 3587 numerum
734 3525 845 3604 aliquot
873 3529 982 3587 mortui
1010 3545 1097 3586 caeca
1124 3535 1155 3588 et
1177 3546 1249 3588 vana
1270 3520 1343 3589 con·

410 3667 425 3716 2
449 3663 478 3716 et
500 3661 631 3716 decemo
653 3660 663 3729 Ι
685 3664 701 3712 3
724 3657 860 3728 quinque]
883 3657 1016 3725 quattuor
1035 3657 1133 3724 Fricle,
1152 3657 1269 3711 Kulrulo
1286 3659 1347 3715 coll.

335 3737 402 3801 ¹193,
415 3736 451 3788 24
464 3733 474 3801 l
488 3737 522 3786 14
541 3729 681 3798 Sphaerus
699 3729 843 3795 Duebuer,
860 3727 946 3781 Fbiclc
963 3729 973 3796 l
991 3733 1025 3780 28
1044 3727 1117 3781 ables
1135 3745 1174 3781 uu
