<?xml version="1.0" encoding="UTF-8"?>
<!DOCTYPE html PUBLIC "-//W3C//DTD XHTML 1.0 Transitional//EN"
    "http://www.w3.org/TR/xhtml1/DTD/xhtml1-transitional.dtd">
<html xmlns="http://www.w3.org/1999/xhtml" xml:lang="en" lang="en">
 <head>
  <title>
</title>
<meta http-equiv="Content-Type" content="text/html;charset=utf-8" />
  <meta name='ocr-system' content='tesseract 3.04.00' />
  <meta name='ocr-capabilities' content='ocr_page ocr_carea ocr_par ocr_line ocrx_word'/>
</head>
<body>
  <div class='ocr_page' id='page_1' title='image "./sanctiaureliiau11augugoog_0201.png"; bbox 0 0 3284 4459; ppageno 0'>
   <div class='ocr_carea' id='block_1_1' title="bbox 575 487 1321 554">
    <p class='ocr_par' dir='ltr' id='par_1_1' title="bbox 575 487 1321 554">
     <span class='ocr_line' id='line_1_1' title="bbox 575 487 1321 554; baseline 0.011 -10"><span class='ocrx_word' id='word_1_1' title='bbox 575 505 614 544; x_wconf 79' lang='lat' dir='ltr'>nn</span> <span class='ocrx_word' id='word_1_2' title='bbox 628 502 772 547; x_wconf 68' lang='lat' dir='ltr'>cumana</span> <span class='ocrx_word' id='word_1_3' title='bbox 782 504 952 554; x_wconf 68' lang='lat' dir='ltr'>nnamxva.</span> <span class='ocrx_word' id='word_1_4' title='bbox 966 503 1082 546; x_wconf 74' lang='lat' dir='ltr'>cosm</span> <span class='ocrx_word' id='word_1_5' title='bbox 1260 487 1321 552; x_wconf 90' lang='grc'>181</span> 
     </span>
    </p>
   </div>
   <div class='ocr_carea' id='block_1_2' title="bbox 313 635 1375 2743">
    <p class='ocr_par' dir='ltr' id='par_1_2' title="bbox 313 635 1375 2306">
     <span class='ocr_line' id='line_1_2' title="bbox 313 635 1320 716; baseline -0.001 -18"><span class='ocrx_word' id='word_1_6' title='bbox 313 636 444 699; x_wconf 87' lang='lat' dir='ltr'>stiebant</span> <span class='ocrx_word' id='word_1_7' title='bbox 471 640 580 716; x_wconf 81' lang='lat' dir='ltr'><strong>gemini</strong></span> <span class='ocrx_word' id='word_1_8' title='bbox 607 637 702 700; x_wconf 89' lang='lat' dir='ltr'>adhuc</span> <span class='ocrx_word' id='word_1_9' title='bbox 732 640 764 700; x_wconf 90' lang='lat' dir='ltr'>io</span> <span class='ocrx_word' id='word_1_10' title='bbox 787 648 873 700; x_wconf 83' lang='lat' dir='ltr'>utero</span> <span class='ocrx_word' id='word_1_11' title='bbox 897 639 961 700; x_wconf 88' lang='lat' dir='ltr'>eins</span> <span class='ocrx_word' id='word_1_12' title='bbox 984 636 1098 700; x_wconf 90' lang='lat' dir='ltr'>inclusi.</span> <span class='ocrx_word' id='word_1_13' title='bbox 1144 636 1206 708; x_wconf 83' lang='lat' dir='ltr'>Ona</span> <span class='ocrx_word' id='word_1_14' title='bbox 1231 635 1320 700; x_wconf 90' lang='lat' dir='ltr'>mole-</span> 
     </span>
     <span class='ocr_line' id='line_1_3' title="bbox 313 725 1320 807; baseline 0.001 -22"><span class='ocrx_word' id='word_1_15' title='bbox 313 729 371 786; x_wconf 86' lang='lat' dir='ltr'>stia</span> <span class='ocrx_word' id='word_1_16' title='bbox 408 743 475 786; x_wconf 89' lang='lat' dir='ltr'>cum</span> <span class='ocrx_word' id='word_1_17' title='bbox 511 736 688 807; x_wconf 78' lang='lat' dir='ltr'>angeretur,</span> <span class='ocrx_word' id='word_1_18' title='bbox 724 725 882 788; x_wconf 82' lang='lat' dir='ltr'>Ilominnm</span> <span class='ocrx_word' id='word_1_19' title='bbox 921 727 1113 804; x_wconf 81' lang='lat' dir='ltr'>interrogavit</span> <span class='ocrx_word' id='word_1_20' title='bbox 1149 727 1320 804; x_wconf 76' lang='lat' dir='ltr'>accepitque</span> 
     </span>
     <span class='ocr_line' id='line_1_4' title="bbox 313 815 1325 893; baseline 0.003 -20"><span class='ocrx_word' id='word_1_21' title='bbox 313 831 506 893; x_wconf 81' lang='lat' dir='ltr'>responsum:</span> <span class='ocrx_word' id='word_1_22' title='bbox 527 816 617 876; x_wconf 73' lang='lat' dir='ltr'>Doce</span> <span class='ocrx_word' id='word_1_23' title='bbox 632 821 737 890; x_wconf 74' lang='lat' dir='ltr'>peotes</span> <span class='ocrx_word' id='word_1_24' title='bbox 756 819 787 875; x_wconf 80' lang='lat' dir='ltr'>in</span> <span class='ocrx_word' id='word_1_25' title='bbox 810 823 897 877; x_wconf 80' lang='lat' dir='ltr'>utero</span> <span class='ocrx_word' id='word_1_26' title='bbox 920 821 971 876; x_wconf 89' lang='lat' dir='ltr'>tuo</span> <span class='ocrx_word' id='word_1_27' title='bbox 994 821 1065 876; x_wconf 84' lang='lat' dir='ltr'>sunt</span> <span class='ocrx_word' id='word_1_28' title='bbox 1079 821 1116 876; x_wconf 63' lang='lat' dir='ltr'>,t</span> <span class='ocrx_word' id='word_1_29' title='bbox 1134 815 1198 876; x_wconf 81' lang='lat' dir='ltr'>duo</span> <span class='ocrx_word' id='word_1_30' title='bbox 1218 817 1325 890; x_wconf 75' lang='lat' dir='ltr'>populi</span> 
     </span>
     <span class='ocr_line' id='line_1_5' title="bbox 315 905 1321 980; baseline -0.002 -16"><span class='ocrx_word' id='word_1_31' title='bbox 315 905 355 964; x_wconf 82' lang='lat' dir='ltr'>de</span> <span class='ocrx_word' id='word_1_32' title='bbox 378 911 483 964; x_wconf 84' lang='lat' dir='ltr'>uentre</span> <span class='ocrx_word' id='word_1_33' title='bbox 510 909 561 964; x_wconf 84' lang='lat' dir='ltr'>tuo</span> <span class='ocrx_word' id='word_1_34' title='bbox 583 905 810 980; x_wconf 81' lang='lat' dir='ltr'>separabuntur</span> <span class='ocrx_word' id='word_1_35' title='bbox 833 909 863 964; x_wconf 82' lang='lat' dir='ltr'>ct</span> <span class='ocrx_word' id='word_1_36' title='bbox 881 906 1011 980; x_wconf 85' lang='lat' dir='ltr'>populus</span> <span class='ocrx_word' id='word_1_37' title='bbox 1030 905 1173 978; x_wconf 82' lang='lat' dir='ltr'>populum</span> <span class='ocrx_word' id='word_1_38' title='bbox 1194 920 1321 980; x_wconf 83' lang='lat' dir='ltr'>supero·</span> 
     </span>
     <span class='ocr_line' id='line_1_6' title="bbox 315 989 1359 1070; baseline -0.002 -18"><span class='ocrx_word' id='word_1_39' title='bbox 315 993 362 1052; x_wconf 75' lang='lat' dir='ltr'>tit</span> <span class='ocrx_word' id='word_1_40' title='bbox 391 998 422 1051; x_wconf 85' lang='lat' dir='ltr'>et</span> <span class='ocrx_word' id='word_1_41' title='bbox 452 995 550 1052; x_wconf 80' lang='lat' dir='ltr'>maior</span> <span class='ocrx_word' id='word_1_42' title='bbox 586 994 698 1052; x_wconf 76' lang='lat' dir='ltr'>serviet</span> <span class='ocrx_word' id='word_1_43' title='bbox 731 994 851 1053; x_wconf 80' lang='lat' dir='ltr'>minori.</span> <span class='ocrx_word' id='word_1_44' title='bbox 909 989 994 1061; x_wconf 81' lang='lat' dir='ltr'>Quod</span> <span class='ocrx_word' id='word_1_45' title='bbox 1030 989 1138 1051; x_wconf 84' lang='lat' dir='ltr'>Paulus</span> <span class='ocrx_word' id='word_1_46' title='bbox 1174 989 1359 1070; x_wconf 85' lang='lat' dir='ltr'>apostolnstt</span> 
     </span>
     <span class='ocr_line' id='line_1_7' title="bbox 315 1078 1322 1159; baseline 0 -21"><span class='ocrx_word' id='word_1_47' title='bbox 315 1096 454 1157; x_wconf 80' lang='lat' dir='ltr'>magnum</span> <span class='ocrx_word' id='word_1_48' title='bbox 478 1079 540 1140; x_wconf 87' lang='lat' dir='ltr'>vult</span> <span class='ocrx_word' id='word_1_49' title='bbox 562 1079 694 1158; x_wconf 82' lang='lat' dir='ltr'>intellegi</span> <span class='ocrx_word' id='word_1_50' title='bbox 716 1081 827 1158; x_wconf 80' lang='lat' dir='ltr'>gratiae</span> <span class='ocrx_word' id='word_1_51' title='bbox 850 1079 1073 1159; x_wconf 76' lang='lat' dir='ltr'>documentum,</span> <span class='ocrx_word' id='word_1_52' title='bbox 1101 1079 1169 1156; x_wconf 86' lang='lat' dir='ltr'>quia</span> <span class='ocrx_word' id='word_1_53' title='bbox 1192 1078 1322 1140; x_wconf 89' lang='lat' dir='ltr'>nondum</span> 
     </span>
     <span class='ocr_line' id='line_1_8' title="bbox 315 1166 1323 1246; baseline 0.002 -20"><span class='ocrx_word' id='word_1_54' title='bbox 315 1167 374 1227; x_wconf 88' lang='lat' dir='ltr'>illis</span> <span class='ocrx_word' id='word_1_55' title='bbox 402 1169 478 1229; x_wconf 89' lang='lat' dir='ltr'>natis</span> <span class='ocrx_word' id='word_1_56' title='bbox 505 1186 560 1228; x_wconf 92' lang='lat' dir='ltr'>nec</span> <span class='ocrx_word' id='word_1_57' title='bbox 588 1167 698 1246; x_wconf 87' lang='lat' dir='ltr'>aliquid</span> <span class='ocrx_word' id='word_1_58' title='bbox 726 1167 881 1246; x_wconf 79' lang='lat' dir='ltr'>agentibus</span> <span class='ocrx_word' id='word_1_59' title='bbox 908 1167 979 1228; x_wconf 85' lang='lat' dir='ltr'>honi</span> <span class='ocrx_word' id='word_1_60' title='bbox 1001 1185 1054 1228; x_wconf 88' lang='lat' dir='ltr'>sen</span> <span class='ocrx_word' id='word_1_61' title='bbox 1078 1166 1146 1228; x_wconf 90' lang='lat' dir='ltr'>mali</span> <span class='ocrx_word' id='word_1_62' title='bbox 1169 1168 1232 1228; x_wconf 84' lang='lat' dir='ltr'>sino</span> <span class='ocrx_word' id='word_1_63' title='bbox 1255 1166 1323 1230; x_wconf 86' lang='lat' dir='ltr'>ullis</span> 
     </span>
     <span class='ocr_line' id='line_1_9' title="bbox 315 1253 1322 1335; baseline -0.001 -20"><span class='ocrx_word' id='word_1_64' title='bbox 315 1255 402 1316; x_wconf 89' lang='lat' dir='ltr'>bonis</span> <span class='ocrx_word' id='word_1_65' title='bbox 435 1258 549 1317; x_wconf 82' lang='lat' dir='ltr'>meritis</span> <span class='ocrx_word' id='word_1_66' title='bbox 580 1256 699 1334; x_wconf 79' lang='lat' dir='ltr'>eligitur</span> <span class='ocrx_word' id='word_1_67' title='bbox 732 1258 837 1316; x_wconf 84' lang='lat' dir='ltr'>minor·</span> <span class='ocrx_word' id='word_1_68' title='bbox 864 1258 974 1316; x_wconf 88' lang='lat' dir='ltr'>maiore</span> <span class='ocrx_word' id='word_1_69' title='bbox 1002 1253 1174 1335; x_wconf 81' lang='lat' dir='ltr'>reprobat03</span> <span class='ocrx_word' id='word_1_70' title='bbox 1205 1254 1322 1333; x_wconf 81' lang='lat' dir='ltr'>qttando</span> 
     </span>
     <span class='ocr_line' id='line_1_10' title="bbox 315 1341 1322 1424; baseline -0.003 -19"><span class='ocrx_word' id='word_1_71' title='bbox 315 1343 533 1424; x_wconf 81' lang='lat' dir='ltr'>proculdubio,</span> <span class='ocrx_word' id='word_1_72' title='bbox 551 1353 694 1422; x_wconf 87' lang='lat' dir='ltr'>qnantum</span> <span class='ocrx_word' id='word_1_73' title='bbox 713 1344 824 1405; x_wconf 88' lang='lat' dir='ltr'>adtinet</span> <span class='ocrx_word' id='word_1_74' title='bbox 842 1344 878 1404; x_wconf 92' lang='lat' dir='ltr'>ad</span> <span class='ocrx_word' id='word_1_75' title='bbox 896 1343 1038 1421; x_wconf 78' lang='lat' dir='ltr'>originale</span> <span class='ocrx_word' id='word_1_76' title='bbox 1056 1352 1219 1422; x_wconf 88' lang='lat' dir='ltr'>peccatum,</span> <span class='ocrx_word' id='word_1_77' title='bbox 1236 1341 1322 1404; x_wconf 87' lang='lat' dir='ltr'>ambo</span> 
     </span>
     <span class='ocr_line' id='line_1_11' title="bbox 315 1421 1375 1512; baseline 0 -21"><span class='ocrx_word' id='word_1_78' title='bbox 315 1451 402 1512; x_wconf 83' lang='lat' dir='ltr'>panes</span> <span class='ocrx_word' id='word_1_79' title='bbox 430 1441 527 1512; x_wconf 83' lang='lat' dir='ltr'>erant3</span> <span class='ocrx_word' id='word_1_80' title='bbox 554 1442 698 1511; x_wconf 83' lang='lat' dir='ltr'>quantum</span> <span class='ocrx_word' id='word_1_81' title='bbox 726 1441 825 1494; x_wconf 87' lang='lat' dir='ltr'>autem</span> <span class='ocrx_word' id='word_1_82' title='bbox 849 1430 884 1492; x_wconf 89' lang='lat' dir='ltr'>ad</span> <span class='ocrx_word' id='word_1_83' title='bbox 908 1434 1076 1512; x_wconf 78' lang='lat' dir='ltr'>proprium,</span> <span class='ocrx_word' id='word_1_84' title='bbox 1106 1421 1195 1494; x_wconf 70' lang='lat' dir='ltr'>ullius</span> <span class='ocrx_word' id='word_1_85' title='bbox 1218 1448 1321 1490; x_wconf 82' lang='lat' dir='ltr'>corum</span> <span class='ocrx_word' id='word_1_86' title='bbox 1343 1444 1375 1492; x_wconf 86' lang='grc' dir='ltr'>ιο</span> 
     </span>
     <span class='ocr_line' id='line_1_12' title="bbox 316 1518 1323 1598; baseline 0 -17"><span class='ocrx_word' id='word_1_87' title='bbox 316 1521 429 1583; x_wconf 87' lang='lat' dir='ltr'>nullum</span> <span class='ocrx_word' id='word_1_88' title='bbox 456 1531 529 1583; x_wconf 81' lang='lat' dir='ltr'>erat</span> <span class='ocrx_word' id='word_1_89' title='bbox 575 1519 633 1580; x_wconf 89' lang='lat' dir='ltr'>Sed</span> <span class='ocrx_word' id='word_1_90' title='bbox 661 1538 742 1584; x_wconf 89' lang='lat' dir='ltr'>nunc</span> <span class='ocrx_word' id='word_1_91' title='bbox 768 1521 805 1583; x_wconf 89' lang='lat' dir='ltr'>do</span> <span class='ocrx_word' id='word_1_92' title='bbox 834 1520 888 1580; x_wconf 90' lang='lat' dir='ltr'>hac</span> <span class='ocrx_word' id='word_1_93' title='bbox 915 1538 948 1580; x_wconf 85' lang='lat' dir='ltr'>re</span> <span class='ocrx_word' id='word_1_94' title='bbox 974 1519 1074 1584; x_wconf 76' lang='lat' dir='ltr'>dicere</span> <span class='ocrx_word' id='word_1_95' title='bbox 1101 1518 1211 1598; x_wconf 89' lang='lat' dir='ltr'>aliquid</span> <span class='ocrx_word' id='word_1_96' title='bbox 1237 1518 1323 1580; x_wconf 90' lang='lat' dir='ltr'>latius</span> 
     </span>
     <span class='ocr_line' id='line_1_13' title="bbox 315 1606 1321 1688; baseline 0.002 -20"><span class='ocrx_word' id='word_1_97' title='bbox 315 1610 445 1669; x_wconf 88' lang='lat' dir='ltr'>instituti</span> <span class='ocrx_word' id='word_1_98' title='bbox 472 1611 572 1688; x_wconf 82' lang='lat' dir='ltr'>operis</span> <span class='ocrx_word' id='word_1_99' title='bbox 600 1611 674 1671; x_wconf 86' lang='lat' dir='ltr'>natio</span> <span class='ocrx_word' id='word_1_100' title='bbox 703 1627 762 1670; x_wconf 90' lang='lat' dir='ltr'>non</span> <span class='ocrx_word' id='word_1_101' title='bbox 790 1611 874 1688; x_wconf 87' lang='lat' dir='ltr'>sinit,</span> <span class='ocrx_word' id='word_1_102' title='bbox 903 1607 980 1669; x_wconf 93' lang='lat' dir='ltr'>unde</span> <span class='ocrx_word' id='word_1_103' title='bbox 1008 1610 1038 1668; x_wconf 92' lang='lat' dir='ltr'>in</span> <span class='ocrx_word' id='word_1_104' title='bbox 1062 1607 1127 1668; x_wconf 89' lang='lat' dir='ltr'>aliis</span> <span class='ocrx_word' id='word_1_105' title='bbox 1149 1606 1240 1670; x_wconf 86' lang='lat' dir='ltr'>multa</span> <span class='ocrx_word' id='word_1_106' title='bbox 1262 1610 1321 1670; x_wconf 89' lang='lat' dir='ltr'>iam</span> 
     </span>
     <span class='ocr_line' id='line_1_14' title="bbox 315 1695 1322 1776; baseline -0.001 -19"><span class='ocrx_word' id='word_1_107' title='bbox 315 1696 452 1760; x_wconf 85' lang='lat' dir='ltr'>diximus.</span> <span class='ocrx_word' id='word_1_108' title='bbox 497 1695 582 1768; x_wconf 80' lang='lat' dir='ltr'>Quod</span> <span class='ocrx_word' id='word_1_109' title='bbox 606 1706 704 1758; x_wconf 88' lang='lat' dir='ltr'>autem</span> <span class='ocrx_word' id='word_1_110' title='bbox 727 1697 840 1758; x_wconf 89' lang='lat' dir='ltr'>dictum</span> <span class='ocrx_word' id='word_1_111' title='bbox 862 1705 921 1758; x_wconf 89' lang='lat' dir='ltr'>est:</span> <span class='ocrx_word' id='word_1_112' title='bbox 946 1696 1048 1756; x_wconf 83' lang='lat' dir='ltr'>Maior</span> <span class='ocrx_word' id='word_1_113' title='bbox 1070 1700 1182 1758; x_wconf 79' lang='lat' dir='ltr'>seruiet</span> <span class='ocrx_word' id='word_1_114' title='bbox 1202 1698 1322 1776; x_wconf 81' lang='lat' dir='ltr'>minori,</span> 
     </span>
     <span class='ocr_line' id='line_1_15' title="bbox 315 1784 1320 1864; baseline 0.001 -20"><span class='ocrx_word' id='word_1_115' title='bbox 315 1803 406 1846; x_wconf 90' lang='lat' dir='ltr'>nemo.</span> <span class='ocrx_word' id='word_1_116' title='bbox 421 1785 484 1851; x_wconf 80' lang='lat' dir='ltr'>lene</span> <span class='ocrx_word' id='word_1_117' title='bbox 499 1794 670 1846; x_wconf 77' lang='lat' dir='ltr'>nostrorum</span> <span class='ocrx_word' id='word_1_118' title='bbox 688 1784 774 1846; x_wconf 83' lang='lat' dir='ltr'>alitec</span> <span class='ocrx_word' id='word_1_119' title='bbox 792 1784 944 1864; x_wconf 84' lang='lat' dir='ltr'>intellexit,</span> <span class='ocrx_word' id='word_1_120' title='bbox 963 1801 1051 1862; x_wconf 89' lang='lat' dir='ltr'>quam</span> <span class='ocrx_word' id='word_1_121' title='bbox 1070 1785 1211 1846; x_wconf 84' lang='lat' dir='ltr'>maiorem</span> <span class='ocrx_word' id='word_1_122' title='bbox 1228 1801 1320 1863; x_wconf 89' lang='lat' dir='ltr'>popu-</span> 
     </span>
     <span class='ocr_line' id='line_1_16' title="bbox 315 1870 1375 1951; baseline 0.002 -19"><span class='ocrx_word' id='word_1_123' title='bbox 315 1871 377 1934; x_wconf 88' lang='lat' dir='ltr'>lum</span> <span class='ocrx_word' id='word_1_124' title='bbox 399 1872 576 1934; x_wconf 83' lang='lat' dir='ltr'>ludaeorum</span> <span class='ocrx_word' id='word_1_125' title='bbox 599 1875 707 1934; x_wconf 86' lang='lat' dir='ltr'>minori</span> <span class='ocrx_word' id='word_1_126' title='bbox 729 1873 897 1934; x_wconf 77' lang='lat' dir='ltr'>Christiano</span> <span class='ocrx_word' id='word_1_127' title='bbox 921 1872 1029 1951; x_wconf 90' lang='lat' dir='ltr'>populo</span> <span class='ocrx_word' id='word_1_128' title='bbox 1052 1873 1239 1935; x_wconf 79' lang='lat' dir='ltr'>serviturum.</span> <span class='ocrx_word' id='word_1_129' title='bbox 1283 1870 1322 1932; x_wconf 87' lang='lat' dir='ltr'>Et</span> <span class='ocrx_word' id='word_1_130' title='bbox 1342 1882 1375 1934; x_wconf 78' lang='lat'>15</span> 
     </span>
     <span class='ocr_line' id='line_1_17' title="bbox 316 1959 1321 2040; baseline -0.001 -19"><span class='ocrx_word' id='word_1_131' title='bbox 316 1979 349 2021; x_wconf 83' lang='lat' dir='ltr'>re</span> <span class='ocrx_word' id='word_1_132' title='bbox 373 1978 443 2022; x_wconf 77' lang='lat' dir='ltr'>vera</span> <span class='ocrx_word' id='word_1_133' title='bbox 464 1963 596 2039; x_wconf 89' lang='lat' dir='ltr'>quamvis</span> <span class='ocrx_word' id='word_1_134' title='bbox 618 1964 760 2040; x_wconf 76' lang='lat' dir='ltr'>ingente</span> <span class='ocrx_word' id='word_1_135' title='bbox 784 1960 1005 2040; x_wconf 87' lang='lat' dir='ltr'>idumaeorum,</span> <span class='ocrx_word' id='word_1_136' title='bbox 1023 1978 1103 2038; x_wconf 22' lang='lat' dir='ltr'>&#39;quae</span> <span class='ocrx_word' id='word_1_137' title='bbox 1127 1969 1194 2031; x_wconf 84' lang='lat' dir='ltr'>nata</span> <span class='ocrx_word' id='word_1_138' title='bbox 1216 1968 1263 2021; x_wconf 89' lang='lat' dir='ltr'>est</span> <span class='ocrx_word' id='word_1_139' title='bbox 1285 1959 1321 2020; x_wconf 92' lang='lat' dir='ltr'>de</span> 
     </span>
     <span class='ocr_line' id='line_1_18' title="bbox 316 2043 1324 2130; baseline 0 -20"><span class='ocrx_word' id='word_1_140' title='bbox 316 2052 436 2129; x_wconf 83' lang='lat' dir='ltr'>maiore,</span> <span class='ocrx_word' id='word_1_141' title='bbox 459 2051 508 2109; x_wconf 91' lang='lat' dir='ltr'>cui</span> <span class='ocrx_word' id='word_1_142' title='bbox 527 2049 586 2113; x_wconf 92' lang='lat' dir='ltr'>duo</span> <span class='ocrx_word' id='word_1_143' title='bbox 605 2052 723 2110; x_wconf 83' lang='lat' dir='ltr'>nomina</span> <span class='ocrx_word' id='word_1_144' title='bbox 747 2057 833 2110; x_wconf 82' lang='lat' dir='ltr'>erant</span> <span class='ocrx_word' id='word_1_145' title='bbox 855 2043 937 2130; x_wconf 80' lang='lat' dir='ltr'>(nam</span> <span class='ocrx_word' id='word_1_146' title='bbox 960 2058 991 2110; x_wconf 88' lang='lat' dir='ltr'>et</span> <span class='ocrx_word' id='word_1_147' title='bbox 1008 2048 1088 2110; x_wconf 85' lang='lat' dir='ltr'>Esau</span> <span class='ocrx_word' id='word_1_148' title='bbox 1110 2047 1269 2110; x_wconf 79' lang='lat' dir='ltr'>vocabatur</span> <span class='ocrx_word' id='word_1_149' title='bbox 1290 2055 1324 2110; x_wconf 90' lang='lat' dir='ltr'>et</span> 
     </span>
     <span class='ocr_line' id='line_1_19' title="bbox 316 2132 1323 2220; baseline 0 -22"><span class='ocrx_word' id='word_1_150' title='bbox 316 2136 424 2217; x_wconf 84' lang='lat' dir='ltr'>Edom,</span> <span class='ocrx_word' id='word_1_151' title='bbox 450 2136 528 2203; x_wconf 88' lang='lat' dir='ltr'>unde</span> <span class='ocrx_word' id='word_1_152' title='bbox 556 2132 716 2220; x_wconf 85' lang='lat' dir='ltr'>Idumaei),</span> <span class='ocrx_word' id='word_1_153' title='bbox 744 2136 800 2198; x_wconf 91' lang='lat' dir='ltr'>hoc</span> <span class='ocrx_word' id='word_1_154' title='bbox 829 2136 921 2204; x_wconf 78' lang='lat' dir='ltr'>uiden</span> <span class='ocrx_word' id='word_1_155' title='bbox 944 2139 1038 2216; x_wconf 87' lang='lat' dir='ltr'>possit</span> <span class='ocrx_word' id='word_1_156' title='bbox 1059 2136 1226 2217; x_wconf 86' lang='lat' dir='ltr'>impletum,</span> <span class='ocrx_word' id='word_1_157' title='bbox 1254 2139 1323 2215; x_wconf 81' lang='lat' dir='ltr'>quia</span> 
     </span>
     <span class='ocr_line' id='line_1_20' title="bbox 316 2224 1322 2306; baseline 0.001 -21"><span class='ocrx_word' id='word_1_158' title='bbox 316 2235 420 2304; x_wconf 92' lang='lat' dir='ltr'>postea</span> <span class='ocrx_word' id='word_1_159' title='bbox 438 2224 602 2304; x_wconf 81' lang='lat' dir='ltr'>superanda</span> <span class='ocrx_word' id='word_1_160' title='bbox 621 2227 718 2288; x_wconf 81' lang='lat' dir='ltr'>luerat</span> <span class='ocrx_word' id='word_1_161' title='bbox 735 2243 752 2286; x_wconf 90' lang='lat' dir='ltr'>a</span> <span class='ocrx_word' id='word_1_162' title='bbox 771 2225 889 2306; x_wconf 90' lang='lat' dir='ltr'>populo,</span> <span class='ocrx_word' id='word_1_163' title='bbox 907 2227 958 2304; x_wconf 89' lang='lat' dir='ltr'>qui</span> <span class='ocrx_word' id='word_1_164' title='bbox 977 2233 1061 2286; x_wconf 88' lang='lat' dir='ltr'>ortus</span> <span class='ocrx_word' id='word_1_165' title='bbox 1079 2233 1126 2286; x_wconf 87' lang='lat' dir='ltr'>est</span> <span class='ocrx_word' id='word_1_166' title='bbox 1145 2243 1180 2286; x_wconf 81' lang='lat' dir='ltr'>ex</span> <span class='ocrx_word' id='word_1_167' title='bbox 1199 2228 1322 2306; x_wconf 80' lang='lat' dir='ltr'>mitiore,</span> 
     </span>
    </p>

    <p class='ocr_par' dir='ltr' id='par_1_3' title="bbox 316 2312 1375 2743">
     <span class='ocr_line' id='line_1_21' title="bbox 316 2312 1375 2393; baseline 0.002 -19"><span class='ocrx_word' id='word_1_168' title='bbox 316 2313 347 2374; x_wconf 91' lang='lat' dir='ltr'>id</span> <span class='ocrx_word' id='word_1_169' title='bbox 375 2323 421 2373; x_wconf 86' lang='lat' dir='ltr'>est</span> <span class='ocrx_word' id='word_1_170' title='bbox 443 2312 617 2393; x_wconf 79' lang='lat' dir='ltr'>lsraelitico,</span> <span class='ocrx_word' id='word_1_171' title='bbox 644 2316 729 2392; x_wconf 82' lang='lat' dir='ltr'>cique</span> <span class='ocrx_word' id='word_1_172' title='bbox 759 2315 856 2374; x_wconf 78' lang='lat' dir='ltr'>luerat</span> <span class='ocrx_word' id='word_1_173' title='bbox 878 2314 977 2374; x_wconf 76' lang='lat' dir='ltr'>lutura</span> <span class='ocrx_word' id='word_1_174' title='bbox 1001 2312 1146 2374; x_wconf 83' lang='lat' dir='ltr'>subiecta:</span> <span class='ocrx_word' id='word_1_175' title='bbox 1170 2316 1320 2374; x_wconf 82' lang='lat' dir='ltr'>tamenin</span> <span class='ocrx_word' id='word_1_176' title='bbox 1341 2325 1375 2376; x_wconf 72' lang='lat'>20</span> 
     </span>
     <span class='ocr_line' id='line_1_22' title="bbox 317 2400 1321 2481; baseline -0.002 -19"><span class='ocrx_word' id='word_1_177' title='bbox 317 2401 429 2480; x_wconf 87' lang='lat' dir='ltr'>aliquid</span> <span class='ocrx_word' id='word_1_178' title='bbox 464 2403 559 2462; x_wconf 87' lang='lat' dir='ltr'>maius</span> <span class='ocrx_word' id='word_1_179' title='bbox 595 2404 737 2464; x_wconf 86' lang='lat' dir='ltr'>intentam</span> <span class='ocrx_word' id='word_1_180' title='bbox 775 2402 867 2463; x_wconf 85' lang='lat' dir='ltr'>luisse</span> <span class='ocrx_word' id='word_1_181' title='bbox 904 2403 990 2462; x_wconf 88' lang='lat' dir='ltr'>istam</span> <span class='ocrx_word' id='word_1_182' title='bbox 1025 2400 1229 2481; x_wconf 81' lang='lat' dir='ltr'>prophetiam,</span> <span class='ocrx_word' id='word_1_183' title='bbox 1263 2418 1321 2479; x_wconf 75' lang='lat' dir='ltr'>qua</span> 
     </span>
     <span class='ocr_line' id='line_1_23' title="bbox 317 2489 1324 2566; baseline 0 -18"><span class='ocrx_word' id='word_1_184' title='bbox 317 2489 430 2550; x_wconf 90' lang='lat' dir='ltr'>dictum</span> <span class='ocrx_word' id='word_1_185' title='bbox 451 2498 510 2550; x_wconf 90' lang='lat' dir='ltr'>est:</span> <span class='ocrx_word' id='word_1_186' title='bbox 539 2490 671 2566; x_wconf 82' lang='lat' dir='ltr'>Populus</span> <span class='ocrx_word' id='word_1_187' title='bbox 695 2494 840 2566; x_wconf 82' lang='lat' dir='ltr'>populum</span> <span class='ocrx_word' id='word_1_188' title='bbox 862 2490 1020 2566; x_wconf 78' lang='lat' dir='ltr'>superabit</span> <span class='ocrx_word' id='word_1_189' title='bbox 1041 2496 1072 2549; x_wconf 85' lang='lat' dir='ltr'>et</span> <span class='ocrx_word' id='word_1_190' title='bbox 1092 2492 1191 2550; x_wconf 76' lang='lat' dir='ltr'>molor</span> <span class='ocrx_word' id='word_1_191' title='bbox 1212 2492 1324 2552; x_wconf 76' lang='lat' dir='ltr'>seruiet</span> 
     </span>
     <span class='ocr_line' id='line_1_24' title="bbox 317 2575 1322 2658; baseline 0 -20"><span class='ocrx_word' id='word_1_192' title='bbox 317 2581 446 2651; x_wconf 80' lang='lat' dir='ltr'>minori,</span> <span class='ocrx_word' id='word_1_193' title='bbox 477 2580 701 2640; x_wconf 85' lang='lat' dir='ltr'>convenientius</span> <span class='ocrx_word' id='word_1_194' title='bbox 733 2577 874 2642; x_wconf 79' lang='lat' dir='ltr'>creditur.</span> <span class='ocrx_word' id='word_1_195' title='bbox 918 2575 956 2639; x_wconf 82' lang='lat' dir='ltr'>Et</span> <span class='ocrx_word' id='word_1_196' title='bbox 988 2575 1057 2655; x_wconf 89' lang='lat' dir='ltr'>qnid</span> <span class='ocrx_word' id='word_1_197' title='bbox 1091 2585 1137 2637; x_wconf 86' lang='lat' dir='ltr'>est</span> <span class='ocrx_word' id='word_1_198' title='bbox 1163 2576 1233 2658; x_wconf 91' lang='lat' dir='ltr'>hoc,</span> <span class='ocrx_word' id='word_1_199' title='bbox 1264 2578 1322 2638; x_wconf 90' lang='lat' dir='ltr'>nisi</span> 
     </span>
     <span class='ocr_line' id='line_1_25' title="bbox 318 2660 1199 2743; baseline 0.002 -17"><span class='ocrx_word' id='word_1_200' title='bbox 318 2665 398 2743; x_wconf 78' lang='lat' dir='ltr'>qiiod</span> <span class='ocrx_word' id='word_1_201' title='bbox 420 2668 450 2725; x_wconf 94' lang='lat' dir='ltr'>in</span> <span class='ocrx_word' id='word_1_202' title='bbox 474 2664 590 2726; x_wconf 86' lang='lat' dir='ltr'>ludaeis</span> <span class='ocrx_word' id='word_1_203' title='bbox 613 2674 644 2727; x_wconf 88' lang='lat' dir='ltr'>et</span> <span class='ocrx_word' id='word_1_204' title='bbox 666 2664 841 2726; x_wconf 71' lang='lat' dir='ltr'>eniisttaots</span> <span class='ocrx_word' id='word_1_205' title='bbox 864 2664 1015 2726; x_wconf 74' lang='lat' dir='ltr'>evidenter</span> <span class='ocrx_word' id='word_1_206' title='bbox 1039 2660 1199 2743; x_wconf 79' lang='lat' dir='ltr'>impletur?</span> 
     </span>
    </p>
   </div>
   <div class='ocr_carea' id='block_1_3' title="bbox 674 2853 1376 2920">
    <p class='ocr_par' dir='ltr' id='par_1_4' title="bbox 674 2853 1376 2920">
     <span class='ocr_line' id='line_1_26' title="bbox 674 2853 1376 2920; baseline -0.001 0"><span class='ocrx_word' id='word_1_207' title='bbox 674 2853 794 2920; x_wconf 75' lang='lat' dir='ltr'>Oneon</span> <span class='ocrx_word' id='word_1_208' title='bbox 817 2853 965 2919; x_wconf 88' lang='lat' dir='ltr'><strong>XXXVI.</strong></span> <span class='ocrx_word' id='word_1_209' title='bbox 1342 2871 1376 2920; x_wconf 79' lang='lat' dir='ltr'>as</span> 
     </span>
    </p>
   </div>
   <div class='ocr_carea' id='block_1_4' title="bbox 317 2972 1323 3148">
    <p class='ocr_par' dir='ltr' id='par_1_5' title="bbox 317 2972 1323 3148">
     <span class='ocr_line' id='line_1_27' title="bbox 317 2972 1323 3058; baseline 0.001 -15"><span class='ocrx_word' id='word_1_210' title='bbox 317 2972 364 3044; x_wconf 83' lang='lat' dir='ltr'>&#39;De</span> <span class='ocrx_word' id='word_1_211' title='bbox 387 2986 514 3045; x_wconf 80' lang='lat' dir='ltr'>oraculo</span> <span class='ocrx_word' id='word_1_212' title='bbox 537 2990 567 3044; x_wconf 84' lang='lat' dir='ltr'>et</span> <span class='ocrx_word' id='word_1_213' title='bbox 589 2982 805 3057; x_wconf 80' lang='lat' dir='ltr'>benedictione,</span> <span class='ocrx_word' id='word_1_214' title='bbox 829 2999 918 3058; x_wconf 80' lang='lat' dir='ltr'>quam</span> <span class='ocrx_word' id='word_1_215' title='bbox 934 2983 1026 3043; x_wconf 82' lang='lat' dir='ltr'>Isuoc</span> <span class='ocrx_word' id='word_1_216' title='bbox 1041 2999 1100 3042; x_wconf 86' lang='lat' dir='ltr'>oon</span> <span class='ocrx_word' id='word_1_217' title='bbox 1120 2985 1210 3042; x_wconf 81' lang='lat' dir='ltr'>aliter</span> <span class='ocrx_word' id='word_1_218' title='bbox 1233 2999 1323 3058; x_wconf 81' lang='lat' dir='ltr'>quom</span> 
     </span>
     <span class='ocr_line' id='line_1_28' title="bbox 413 3072 1224 3148; baseline -0.004 -16"><span class='ocrx_word' id='word_1_219' title='bbox 413 3079 506 3148; x_wconf 86' lang='lat' dir='ltr'>pater</span> <span class='ocrx_word' id='word_1_220' title='bbox 528 3073 631 3147; x_wconf 80' lang='lat' dir='ltr'>ipsius,</span> <span class='ocrx_word' id='word_1_221' title='bbox 654 3073 761 3132; x_wconf 83' lang='lat' dir='ltr'>merito</span> <span class='ocrx_word' id='word_1_222' title='bbox 784 3073 916 3132; x_wconf 80' lang='lat' dir='ltr'>eiusdem</span> <span class='ocrx_word' id='word_1_223' title='bbox 940 3072 1075 3143; x_wconf 82' lang='lat' dir='ltr'>dilectus,</span> <span class='ocrx_word' id='word_1_224' title='bbox 1098 3073 1224 3147; x_wconf 78' lang='lat' dir='ltr'>accepit.</span> 
     </span>
    </p>
   </div>
   <div class='ocr_carea' id='block_1_5' title="bbox 316 3192 1376 3447">
    <p class='ocr_par' dir='ltr' id='par_1_6' title="bbox 316 3192 1376 3447">
     <span class='ocr_line' id='line_1_29' title="bbox 408 3192 1322 3273; baseline 0 -19"><span class='ocrx_word' id='word_1_225' title='bbox 408 3196 529 3273; x_wconf 74' lang='lat' dir='ltr'>Accepit</span> <span class='ocrx_word' id='word_1_226' title='bbox 551 3195 640 3254; x_wconf 88' lang='lat' dir='ltr'>etiam</span> <span class='ocrx_word' id='word_1_227' title='bbox 662 3192 744 3254; x_wconf 87' lang='lat' dir='ltr'>lsaac</span> <span class='ocrx_word' id='word_1_228' title='bbox 766 3192 824 3254; x_wconf 84' lang='lat' dir='ltr'>tale</span> <span class='ocrx_word' id='word_1_229' title='bbox 848 3192 1014 3272; x_wconf 86' lang='lat' dir='ltr'>oraculum,</span> <span class='ocrx_word' id='word_1_230' title='bbox 1037 3193 1122 3271; x_wconf 86' lang='lat' dir='ltr'>quale</span> <span class='ocrx_word' id='word_1_231' title='bbox 1146 3193 1322 3272; x_wconf 88' lang='lat' dir='ltr'>aliquotiens</span> 
     </span>
     <span class='ocr_line' id='line_1_30' title="bbox 316 3280 1323 3361; baseline 0 -19"><span class='ocrx_word' id='word_1_232' title='bbox 316 3291 402 3360; x_wconf 81' lang='lat' dir='ltr'>pater</span> <span class='ocrx_word' id='word_1_233' title='bbox 428 3283 494 3343; x_wconf 89' lang='lat' dir='ltr'>eius</span> <span class='ocrx_word' id='word_1_234' title='bbox 520 3289 684 3361; x_wconf 83' lang='lat' dir='ltr'>acceperat.</span> <span class='ocrx_word' id='word_1_235' title='bbox 729 3280 771 3342; x_wconf 84' lang='lat' dir='ltr'>lle</span> <span class='ocrx_word' id='word_1_236' title='bbox 799 3300 860 3360; x_wconf 87' lang='lat' dir='ltr'>quo</span> <span class='ocrx_word' id='word_1_237' title='bbox 888 3280 1073 3351; x_wconf 77' lang='lat' dir='ltr'>onaculo&#39;sic</span> <span class='ocrx_word' id='word_1_238' title='bbox 1097 3284 1323 3360; x_wconf 81' lang='lat' dir='ltr'>scriptumest:</span> 
     </span>
     <span class='ocr_line' id='line_1_31' title="bbox 316 3368 1376 3447; baseline 0 -17"><span class='ocrx_word' id='word_1_239' title='bbox 316 3373 415 3432; x_wconf 75' lang='lat' dir='ltr'>Facto</span> <span class='ocrx_word' id='word_1_240' title='bbox 447 3377 492 3432; x_wconf 81' lang='lat' dir='ltr'>est</span> <span class='ocrx_word' id='word_1_241' title='bbox 523 3379 623 3430; x_wconf 83' lang='lat' dir='ltr'>cutem</span> <span class='ocrx_word' id='word_1_242' title='bbox 649 3368 748 3445; x_wconf 80' lang='lat' dir='ltr'>sames</span> <span class='ocrx_word' id='word_1_243' title='bbox 777 3387 871 3446; x_wconf 82' lang='lat' dir='ltr'>super</span> <span class='ocrx_word' id='word_1_244' title='bbox 902 3378 1018 3432; x_wconf 82' lang='lat' dir='ltr'>terram</span> <span class='ocrx_word' id='word_1_245' title='bbox 1046 3377 1173 3447; x_wconf 82' lang='lat' dir='ltr'>praeter</span> <span class='ocrx_word' id='word_1_246' title='bbox 1201 3368 1323 3445; x_wconf 83' lang='lat' dir='ltr'>samem,</span> <span class='ocrx_word' id='word_1_247' title='bbox 1341 3382 1376 3430; x_wconf 79' lang='lat' dir='ltr'>eo</span> 
     </span>
    </p>
   </div>
   <div class='ocr_carea' id='block_1_6' title="bbox 389 3503 962 3572">
    <p class='ocr_par' dir='ltr' id='par_1_7' title="bbox 389 3503 962 3572">
     <span class='ocr_line' id='line_1_32' title="bbox 389 3503 962 3572; baseline -0.003 -13"><span class='ocrx_word' id='word_1_248' title='bbox 389 3507 416 3572; x_wconf 80' lang='lat' dir='ltr'>t)</span> <span class='ocrx_word' id='word_1_249' title='bbox 434 3504 502 3559; x_wconf 81' lang='lat' dir='ltr'>Gen.</span> <span class='ocrx_word' id='word_1_250' title='bbox 521 3509 565 3572; x_wconf 71' lang='lat'>25,</span> <span class='ocrx_word' id='word_1_251' title='bbox 583 3509 625 3557; x_wconf 81' lang='lat'>23.</span> <span class='ocrx_word' id='word_1_252' title='bbox 662 3506 690 3564; x_wconf 83' lang='lat'>8)</span> <span class='ocrx_word' id='word_1_253' title='bbox 707 3503 787 3558; x_wconf 87' lang='lat' dir='ltr'>Rom.</span> <span class='ocrx_word' id='word_1_254' title='bbox 806 3509 831 3570; x_wconf 79' lang='lat'>9,</span> <span class='ocrx_word' id='word_1_255' title='bbox 852 3510 883 3557; x_wconf 92' lang='grc'>11</span> <span class='ocrx_word' id='word_1_256' title='bbox 903 3520 962 3572; x_wconf 80' lang='lat' dir='ltr'>sqq.</span> 
     </span>
    </p>
   </div>
   <div class='ocr_carea' id='block_1_7' title="bbox 313 3697 1327 3844">
    <p class='ocr_par' dir='ltr' id='par_1_8' title="bbox 313 3697 1327 3844">
     <span class='ocr_line' id='line_1_33' title="bbox 386 3697 1327 3772; baseline -0.005 -16"><span class='ocrx_word' id='word_1_257' title='bbox 386 3708 419 3757; x_wconf 77' lang='lat'>12</span> <span class='ocrx_word' id='word_1_258' title='bbox 437 3703 513 3757; x_wconf 85' lang='lat' dir='ltr'>unde</span> <span class='ocrx_word' id='word_1_259' title='bbox 531 3704 561 3756; x_wconf 79' lang='lat' dir='ltr'>ei</span> <span class='ocrx_word' id='word_1_260' title='bbox 576 3703 607 3756; x_wconf 88' lang='lat' dir='ltr'>in</span> <span class='ocrx_word' id='word_1_261' title='bbox 625 3704 665 3772; x_wconf 77' lang='grc' dir='ltr'>υΙΙ</span> <span class='ocrx_word' id='word_1_262' title='bbox 679 3707 712 3756; x_wconf 85' lang='grc'>13</span> <span class='ocrx_word' id='word_1_263' title='bbox 730 3704 775 3756; x_wconf 79' lang='lat' dir='ltr'>eat</span> <span class='ocrx_word' id='word_1_264' title='bbox 790 3719 840 3757; x_wconf 85' lang='lat' dir='ltr'>om.</span> <span class='ocrx_word' id='word_1_265' title='bbox 858 3705 904 3772; x_wconf 78' lang='lat' dir='ltr'>Vll</span> <span class='ocrx_word' id='word_1_266' title='bbox 919 3708 952 3756; x_wconf 78' lang='lat'>14</span> <span class='ocrx_word' id='word_1_267' title='bbox 966 3704 1124 3756; x_wconf 75' lang='lat' dir='ltr'>nostrorum</span> <span class='ocrx_word' id='word_1_268' title='bbox 1141 3697 1327 3765; x_wconf 74' lang='lat' dir='ltr'>VRGoltep3</span> 
     </span>
     <span class='ocr_line' id='line_1_34' title="bbox 313 3775 562 3844; baseline 0.008 -18"><span class='ocrx_word' id='word_1_269' title='bbox 313 3777 441 3827; x_wconf 80' lang='lat' dir='ltr'>noalmm</span> <span class='ocrx_word' id='word_1_270' title='bbox 459 3775 562 3844; x_wconf 80' lang='lat' dir='ltr'>AFpo</span> 
     </span>
    </p>
   </div>
   <div class='ocr_carea' id='block_1_8' title="bbox 0 0 1655 4459">
    <p class='ocr_par' dir='ltr' id='par_1_9' title="bbox 0 0 1655 4459">
     <span class='ocr_line' id='line_1_35' title="bbox 0 0 1655 4459; baseline 0 0"><span class='ocrx_word' id='word_1_271' title='bbox 0 0 1655 4459; x_wconf 95' lang='lat' dir='ltr'> </span> 
     </span>
    </p>
   </div>
  </div>
 </body>
</html>
