3284 4459
372 522 438 585 550
773 532 975 575 sauousrmr

461 668 505 728 llli
533 677 645 747 autem,
673 669 723 744 qui
751 669 937 745 recipiuntur
964 684 980 725 a
1007 665 1115 725 talibus
1139 668 1168 725 in
1192 664 1388 727 tabernacula

372 767 506 837 aeterna,
532 755 684 816 latendum
712 763 759 815 est
787 754 867 833 quod
895 771 954 814 non
982 756 1042 814 sint
1071 753 1118 813 his
1140 754 1275 815 moribus
1297 773 1387 834 prae-

371 846 440 927 diti,
463 852 498 905 ut
520 846 563 905 eis
586 843 745 904 liberandis
767 846 831 903 sinc
856 843 995 920 suffragio
1018 852 1189 903 sanctornm
1212 860 1265 904 sua
1288 845 1389 923 possit

372 937 430 996 vita
449 932 596 1013 sulficere,
619 949 653 992 ac
671 949 726 1011 per
743 931 800 991 boc
823 930 916 991 multo
939 929 1065 1009 amplius
1087 932 1118 991 in
1141 933 1185 991 eis
1209 931 1387 1009 superexul-

337 1030 415 1084 otat
444 1021 646 1081 misericordia
676 1019 794 1080 iudicio.
840 1019 901 1080 Nec
933 1025 1032 1079 tamen
1062 1019 1130 1080 ideo
1156 1019 1306 1099 putandus
1339 1030 1388 1080 est

373 1112 528 1191 quisquam
561 1108 821 1187 sceleratissimus,
849 1125 1035 1187 nequaquam
1065 1110 1123 1167 vitu
1155 1106 1200 1167 vel
1230 1106 1307 1168 bona
1339 1108 1388 1168 rel

372 1198 570 1260 tolerabiliore
594 1205 737 1277 mutatus,
764 1198 858 1275 recipi
880 1198 912 1255 in
935 1195 1124 1256 tabernacula
1146 1204 1280 1276 aeterna,
1309 1214 1386 1275 quo-

372 1291 451 1348 niam
478 1286 639 1347 obsecutus
669 1292 716 1345 est
745 1287 855 1344 sanctis
883 1283 919 1343 de
948 1302 1113 1344 mammona
1142 1286 1322 1365 iniquitatis,
1356 1285 1386 1345 id

373 1384 420 1437 est
441 1375 478 1436 dc
501 1376 628 1454 pecunia
649 1372 696 1433 vel
718 1373 841 1452 divitiis,
872 1390 946 1451 quae
971 1372 1044 1432 male
1068 1372 1187 1433 lucrant
1209 1372 1387 1455 adquisitae,

322 1477 354 1525 ιο
372 1473 424 1526 aut
452 1465 566 1524 etiamsi
595 1461 688 1542 bene,
720 1478 780 1521 non
810 1469 909 1521 tamen
935 1463 1027 1541 veris,
1060 1459 1112 1521 scd
1139 1479 1213 1539 quas
1241 1462 1387 1539 iniquitas

372 1560 456 1633 putat
477 1569 543 1612 esse
560 1551 685 1630 divitias,
704 1551 843 1627 quoniam
862 1551 957 1631 nescit
976 1568 1051 1628 quae
1069 1551 1130 1610 sint
1148 1567 1235 1609 verae
1254 1548 1386 1630 divitiae,

373 1639 481 1720 quibus
503 1638 546 1699 illi
569 1637 769 1717 abundabant,
796 1640 847 1716 qui
871 1645 901 1697 et
923 1636 995 1697 alios
1019 1640 1167 1717 recipiunt
1192 1640 1223 1697 in
1247 1637 1385 1697 taberna-

373 1728 439 1789 cida
468 1736 595 1788 aeterna.
640 1725 695 1786 Est
724 1728 824 1804 itaque
854 1724 973 1803 quidam
1000 1728 1075 1785 vitae
1104 1725 1209 1787 modus
1237 1744 1293 1786 nec
1323 1734 1385 1787 tam

374 1816 475 1897 malae,
497 1824 531 1875 ut
549 1814 595 1874 his
613 1816 665 1893 qui
682 1832 747 1874 eam
769 1816 872 1874 vivunt
896 1812 967 1873 nibil
990 1816 1085 1893 prosit
1108 1812 1143 1873 ad
1167 1814 1387 1894 capessendum

322 1918 354 1965 15
373 1921 499 1983 regnum
517 1902 665 1963 caelorum
684 1902 803 1981 largitas
827 1902 1070 1982 elemosynarum,
1094 1902 1202 1981 quibus
1226 1903 1316 1963 etiam
1340 1906 1386 1963 in·

374 2002 489 2053 storum
511 1999 695 2052 sustentatur
722 1992 820 2068 inopia
849 1999 878 2049 et
905 1989 980 2050 liunt
1008 1992 1095 2050 amici
1117 1993 1169 2069 qui
1191 1992 1223 2051 iu
1247 1989 1385 2051 taberna·

374 2080 440 2142 cula
471 2087 591 2140 aeterna
622 2081 797 2158 suscipiant,
828 2095 883 2138 nec
915 2088 975 2137 tam
1002 2077 1112 2159 bonae,
1143 2087 1177 2139 nt
1205 2077 1240 2138 ad
1271 2086 1386 2139 tantam

373 2168 585 2230 beatitudinem
616 2166 832 2246 adipiscendam
863 2168 906 2226 eis
936 2169 998 2245 ipsa
1030 2166 1169 2242 sufficiat,
1197 2168 1256 2227 nisi
1279 2185 1386 2227 corum

375 2260 498 2338 meritis,
521 2275 596 2335 quos
614 2258 724 2316 amicos
742 2257 877 2335 iecerint,
900 2255 1133 2315 misericordiam
1152 2264 1385 2333 consequantur.

321 2360 355 2409 20
375 2342 489 2428 (blirari
512 2354 610 2405 autem
638 2343 718 2404 soleo
746 2345 834 2403 etiam
863 2342 939 2421 apud
964 2342 1123 2421 Vergilium
1147 2346 1273 2424 reperiri
1296 2346 1386 2405 istam

375 2436 490 2495 bomini
509 2434 693 2512 sententiam,
717 2430 767 2491 ubi
786 2433 839 2492 ait:
863 2433 969 2491 Facite
988 2434 1071 2493 vobis
1094 2436 1208 2493 amicos
1229 2434 1268 2493 de
1290 2449 1385 2493 mam-

375 2540 464 2585 mona
487 2524 664 2597 iniquitatis,
686 2528 721 2581 ut
742 2528 772 2580 et
794 2523 854 2596 ipsi
875 2522 1100 2595 recipientem
1123 2522 1155 2581 in
1178 2522 1386 2581 tabernacula

375 2619 519 2681 ueterum
542 2611 591 2669 cui
613 2617 659 2669 cst
681 2615 712 2668 ct
733 2607 782 2668 illa
804 2606 965 2668 simillima:
994 2609 1053 2680 Oui
1073 2612 1184 2684 recipit
1202 2611 1387 2687 proplietam

375 2704 407 2760 in
436 2700 555 2759 nomine
577 2699 759 2772 prophetae,
790 2699 960 2759 mercedem
983 2698 1152 2773 prophetae
1179 2700 1327 2773 accipiet;
1356 2706 1388 2758 ct

322 2799 356 2850 et
375 2791 429 2862 qui
454 2788 567 2861 recipit
592 2787 703 2845 iustum
730 2788 762 2845 in
790 2787 910 2845 nomine
932 2786 1016 2858 iusti,
1044 2787 1213 2845 mercedem
1236 2788 1310 2845 iusti
1331 2804 1385 2847 oc·

376 2878 475 2951 cipiet.
521 2872 593 2931 Nam
625 2889 693 2932 cum
716 2871 830 2952 Elysios
857 2890 976 2951 campos
1003 2882 1090 2952 poeta
1112 2871 1161 2932 ille
1191 2871 1386 2954 describeret,

375 2962 427 3023 ubi
449 2969 555 3041 putant
581 2958 713 3020 habitare
737 2962 848 3020 animas
871 2960 1041 3039 beatorum,
1064 2978 1123 3020 non
1147 2960 1243 3022 solum
1265 2960 1308 3020 ibi
1331 2982 1385 3041 po-

376 3052 437 3111 suit
467 3067 532 3128 eos,
564 3050 615 3127 qui
646 3051 775 3128 propriis
805 3050 919 3108 meritis
952 3047 986 3107 ad
1017 3047 1080 3109 illas
1109 3048 1195 3109 sedes
1225 3052 1385 3127 pervenire

375 3145 546 3220 potuerunt,
569 3135 621 3196 sed
644 3135 751 3196 adiecit
772 3145 861 3216 atque
885 3139 937 3197 ait:

322 3278 356 3325 30
463 3261 578 3339 Quique
601 3262 649 3321 sui
670 3281 816 3321 memores
840 3261 914 3321 elios
937 3261 1034 3321 fecero
1056 3262 1210 3337 merendo,

375 3386 404 3446 id
428 3394 487 3465 est,
517 3387 568 3463 qui
590 3392 821 3463 promeruerunt
844 3384 915 3443 alios
939 3400 1050 3462 eosque
1074 3385 1120 3444 sui
1144 3400 1291 3444 memores
1315 3404 1386 3463 pro·

376 3472 516 3535 merendo
544 3472 693 3552 iecerunt3
720 3490 844 3551 prorsus
873 3481 1020 3549 tamquam
1047 3473 1091 3531 eis
1124 3469 1270 3552 dicerent,
1303 3474 1386 3551 quod

443 3587 486 3652 m)
505 3584 551 3637 Lo.
572 3588 614 3651 16,
628 3587 652 3635 e.
703 3584 747 3651 es)
766 3581 816 3634 Me.
838 3587 879 3647 10,
895 3588 936 3635 41.
988 3582 1032 3637 aot
1052 3580 1120 3635 Aen.
1141 3585 1166 3649 o,
1181 3586 1240 3635 sse.

373 3675 587 3687 -.-—-.-.—

443 3722 458 3768 1
478 3714 529 3767 olii
543 3713 570 3767 A
582 3715 593 3781 11
607 3717 640 3765 12
654 3711 860 3766 habundabant
870 3714 898 3768 R
912 3716 958 3779 (sc.
973 3713 1005 3765 im
1018 3714 1076 3767 cito
1089 3718 1223 3781 terrema);
1240 3712 1390 3769 abundant

371 3787 459 3844 relic
477 3792 486 3852 ll
506 3791 539 3837 14
558 3780 761 3850 capescendum
779 3782 916 3851 AG¹bep
934 3785 943 3851 ll
961 3788 994 3835 23
1015 3784 1094 3836 cuius
1114 3785 1151 3839 bo
