3284 4459
534 508 574 546 nn
588 505 731 547 omniun
748 506 918 548 omnm
932 506 957 550 o.
975 508 1008 548 os.
1022 506 1054 547 oo.
1228 490 1292 556 539

285 644 340 722 cit,
371 644 484 702 molum
515 656 576 701 noa
608 647 764 715 operatur.
808 639 871 700 Neo
900 641 950 701 isti
978 658 1048 718 ergo
1075 638 1193 700 dicendi
1223 648 1293 700 sunt

284 730 463 790 manducare
485 746 594 807 eorpus
613 726 732 808 Christi,
755 730 894 807 quoniam
917 730 1026 788 necin
1050 728 1190 788 membris
1213 746 1292 787 oom-

284 817 408 898 putandi
430 825 502 878 sunt
524 815 641 876 Christi.
686 814 726 877 Ut
753 818 832 877 onim
855 816 910 876 aiia
933 824 1058 896 taceam,
1087 834 1146 876 non
1169 826 1294 895 possunt

284 906 374 967 simul
410 924 476 965 esse
512 912 543 965 et
574 903 706 965 membra
742 903 853 965 Christi
889 912 920 964 et
951 904 1082 964 membra
1119 904 1292 964 meretricis.

284 994 420 1071 Denique
438 995 502 1073 ipse
520 992 604 1053 dicit:
633 994 692 1065 Oui
712 996 881 1054 manducat
901 1010 1026 1054 earnem
1049 1009 1145 1053 meam
1168 999 1199 1052 et
1220 993 1328 1053 bibito

284 1085 465 1157 sanquinem
487 1098 598 1155 meum,
622 1084 654 1141 in
676 1098 724 1141 me
745 1089 859 1155 monet,
883 1088 914 1141 et
935 1097 990 1155 eqo
1014 1084 1045 1140 io
1068 1097 1111 1141 eo.
1157 1079 1295 1140 Ostendit

286 1170 358 1249 quid
377 1172 416 1229 sit
438 1186 497 1229 non
516 1176 814 1248 sacramentotenus,
838 1167 889 1229 sed
908 1186 941 1228 re
965 1185 1033 1228 vera
1056 1186 1165 1247 corpus
1183 1167 1295 1229 Christi

286 1257 465 1318 manducare
492 1265 522 1318 et
551 1258 616 1317 eius
646 1259 820 1335 sangninem
849 1255 965 1336 bibere;
997 1255 1054 1316 hoo
1082 1266 1128 1316 est
1155 1259 1235 1316 enim
1263 1259 1294 1316 in

288 1346 405 1406 Christo
428 1364 557 1420 manere,
579 1354 614 1405 ut
636 1347 666 1405 in
690 1345 740 1404 ilio
764 1352 881 1405 maneat
903 1352 934 1405 et
952 1343 1096 1405 Christus.
1142 1342 1192 1405 Sic
1216 1346 1294 1404 enim

287 1434 345 1494 hoo
371 1432 457 1515 dixit,
484 1442 633 1511 tamquam
660 1432 786 1493 diceret:
813 1432 896 1512 „Qui
919 1450 978 1492 non
1001 1435 1032 1492 in
1056 1450 1103 1493 me
1127 1440 1238 1512 manet,
1265 1440 1347 1493 etto

287 1524 318 1582 in
338 1540 396 1601 qno
417 1519 516 1602 (ego)
535 1540 595 1582 non
613 1540 727 1600 maneo,
749 1540 810 1583 non
829 1542 861 1584 se
881 1522 960 1584 dicat
977 1530 1028 1584 aut
1046 1524 1195 1583 existimet
1216 1538 1295 1581 man·

288 1610 397 1672 ducere
420 1628 530 1689 corpus
553 1627 652 1670 meum
671 1619 722 1670 aiut
744 1609 847 1670 bibere
872 1613 1043 1689 sangninem
1067 1608 1194 1670 meum.“
1229 1610 1295 1671 Non

287 1702 387 1778 itaque
418 1705 540 1759 manent
570 1700 601 1758 in
629 1696 760 1777 Christo,
793 1700 845 1777 qui
872 1716 932 1758 non
960 1708 1030 1759 sunt
1060 1698 1190 1759 membra
1223 1700 1296 1759 eius.

288 1787 354 1848 Non
377 1794 448 1848 sunt
470 1794 569 1846 autem
592 1785 724 1846 membra
747 1785 871 1866 Christi,
899 1789 951 1864 qni
974 1805 1005 1847 se
1030 1789 1140 1847 iaciunt
1164 1787 1296 1847 membra

288 1877 463 1955 meretricis,
486 1877 544 1935 nisi
562 1874 671 1934 malum
690 1873 761 1934 illud
784 1875 962 1954 paenitendo
985 1893 1051 1936 esse
1074 1875 1244 1936 destiterint
1267 1884 1297 1935 et
1317 1885 1349 1933 15

289 1962 325 2023 ad
348 1963 405 2024 hoo
427 1963 540 2023 bonum
562 1961 801 2023 reconciliatione
825 1962 977 2023 redierint.

665 2149 781 2217 (innon
802 2150 921 2219 XXVI.

295 2280 376 2353 Quid
390 2282 431 2339 sit
448 2282 480 2339 in
500 2278 699 2354 fondamento
723 2281 839 2340 dobere
860 2281 1010 2341 Christum
1033 2282 1188 2355 atquibus
1210 2298 1297 2357 spon·

456 2369 568 2428 deutur
589 2371 672 2428 solus
694 2371 785 2442 quasi
802 2387 861 2444 per
884 2370 962 2443 ionis
985 2374 1131 2429 usturam.

379 2489 438 2551 Sed
465 2489 590 2570 habent,
617 2492 768 2572 inquiunt,
795 2490 955 2552 Christiani
981 2489 1116 2551 catholici
1138 2493 1169 2551 in
1193 2490 1295 2551 sunda·
1317 2492 1363 2551 20'

290 2587 392 2640 mento
410 2578 571 2660 Christum,
593 2596 610 2638 a
630 2581 716 2639 ouius
739 2581 852 2640 unitate
875 2597 934 2639 non
958 2587 1158 2658 recesserunt,
1181 2581 1298 2639 tametsi

289 2668 361 2728 buio
387 2667 577 2727 fundamento
605 2667 924 2746 superaedificaverunt
952 2666 1112 2746 quamlibet
1140 2669 1298 2746 pessimam

290 2759 393 2836 vitam,
424 2755 505 2816 velut
531 2754 623 2835 ligna,
655 2754 770 2835 senum,
797 2754 949 2836 stipulam,
977 2764 1057 2816 recta
1086 2757 1185 2834 itaque
1215 2755 1298 2835 fldes,

290 2861 452 2925 perquam
471 2842 606 2903 Christus
625 2851 671 2903 est
689 2843 921 2925 tundamentum,
945 2846 1076 2922 quamvis
1095 2862 1163 2904 oum
1182 2844 1298 2924 damno,

292 2934 430 3012 quoniam
451 2930 516 3011 illa,
539 2949 614 3008 quae
638 2932 880 3011 superaedificata
903 2941 982 3013 sunt,
1005 2940 1176 3012 exurentur,
1199 2940 1298 2992 tamen
1316 2945 1350 2993 to

290 3022 401 3100 poterit
425 3038 476 3079 eos
496 3019 671 3097 quandoque
695 3018 731 3079 ab
755 3020 833 3080 iliius
856 3023 933 3099 ignis
956 3022 1154 3101 perpetuitate
1178 3020 1298 3081 salvare.

291 3107 480 3187 Respondeat
507 3109 550 3167 eis
577 3107 708 3167 breviter
730 3108 880 3187 apostolus
904 3108 1040 3170 lacobus:
1068 3109 1192 3184 Siquis
1214 3111 1301 3169 dioot

290 3216 324 3258 se
342 3199 435 3270 fidem
457 3196 580 3269 habere,
603 3212 697 3272 opero
720 3204 820 3257 autem
843 3213 903 3258 non
926 3199 1045 3272 hobeot,
1068 3199 1215 3272 namquid
1232 3204 1298 3272 pot-

291 3288 352 3346 erit
377 3287 456 3358 fides
477 3286 599 3345 sotoore
621 3286 708 3345 eom?
753 3283 791 3345 Et
818 3286 884 3363 quis
912 3292 973 3365 est,
1000 3285 1151 3365 inquiunt,
1179 3283 1299 3362 dequo

291 3372 364 3434 dioit
385 3371 536 3452 apostolus
558 3370 680 3433 Paulus:
703 3372 772 3449 lpse
794 3380 895 3434 autem
917 3376 1018 3433 soloas
1041 3376 1108 3446 erit,
1130 3375 1177 3433 sio
1199 3380 1300 3434 tamea
1318 3384 1352 3434 30

364 3520 390 3587 1)
416 3518 632 3587 1.cor.1o‚t;
655 3520 801 3584 nomm,
823 3524 863 3573 10.
906 3522 933 3587 4)
958 3523 980 3571 1.
1001 3516 1061 3572 Gor.
1082 3524 1110 3583 o,
1131 3524 1174 3573 15.
1215 3518 1302 3589 o)10.

291 3592 318 3654 o,
332 3592 366 3640 oo
381 3590 443 3660 (or).
494 3594 539 3659 te)
559 3596 582 3643 1.
602 3589 662 3645 σοι.
682 3596 707 3656 e,
723 3595 770 3656 123
789 3594 831 3642 1o.
882 3592 926 3659 to)
945 3588 1000 3643 Iac.
1019 3594 1045 3656 a,
1061 3594 1101 3643 14.

290 3698 505 3709 ——....

363 3768 379 3817 b
398 3765 493 3819 dicens
511 3784 527 3820 o
546 3769 555 3835 b
574 3773 605 3819 11
626 3783 677 3834 eqo
695 3783 724 3832 υς
744 3783 794 3821 om.
813 3783 867 3821 mss
