3284 4459
545 497 585 538 nu
599 497 744 539 omniun
757 499 811 538 orm
824 498 850 538 u.
864 498 940 539 xxm
954 498 976 540 o.
991 500 1023 539 or.
1037 500 1070 539 rr.
1245 483 1311 547 603

298 637 406 706 suroet
425 648 539 708 corpus
560 635 707 709 spiritale.
753 632 834 704 Quae
858 634 898 693 sit
920 641 1017 693 autem
1042 642 1072 693 et
1095 650 1182 711 quam
1206 650 1310 711 magna

300 718 441 799 spiritalis
471 722 605 799 eorporis
633 722 744 801 gratia,
771 722 910 800 qnoniam
937 721 1068 782 nondum
1096 722 1177 781 venit
1204 722 1235 780 in
1259 738 1310 781 ex-

299 810 509 889 perimentum,
532 827 636 870 vereor
655 828 692 869 ne
711 811 903 870 temerarium
920 811 961 869 sit
978 827 1075 891 omne,
1099 808 1178 888 quod
1202 808 1239 869 de
1262 807 1311 869 iila

299 896 470 977 protertur,
507 896 664 976 eloquium.
710 896 820 960 Verum
833 936 836 942 -
851 904 951 958 tamen
988 900 1057 975 quia
1095 899 1159 976 spei
1190 905 1310 959 nostroe

299 984 440 1062 gaudium
463 995 585 1065 propter
609 985 662 1046 Dei
683 986 799 1046 tandem
821 1003 881 1045 non
905 993 951 1045 est
974 985 1130 1047 tacendum
1154 995 1184 1046 et
1207 986 1243 1047 de
1266 988 1345 1046 ino

300 1074 381 1133 timis
398 1072 529 1135 ardentis
549 1076 643 1135 saneti
666 1077 776 1135 amoris
798 1073 935 1134 medullis
958 1074 1071 1135 dietum
1094 1084 1152 1135 est:
1176 1075 1310 1147 Domine,

300 1163 398 1222 dilexi
419 1164 560 1223 decorem
583 1165 687 1223 domus
710 1169 796 1225 tuoe:
826 1162 862 1223 de
886 1162 972 1223 donis
995 1164 1059 1223 eius
1065 1208 1074 1241 ,
1103 1164 1232 1241 quaein
1255 1161 1311 1223 hae

299 1252 560 1310 aerumnosissima
590 1252 647 1311 vita
677 1250 763 1311 bonis
793 1249 937 1329 malisque
967 1249 1105 1331 largitur,
1134 1252 1199 1329 ipso
1229 1251 1309 1310 adiu·

300 1346 386 1397 vante
410 1340 606 1420 coniciamus,
634 1346 668 1400 ut
690 1358 865 1418 possumus,
892 1345 1036 1417 quantum
1060 1341 1099 1399 sit
1121 1338 1207 1419 illud,
1231 1338 1311 1415 quod

300 1425 431 1485 nondum
450 1429 567 1506 experti
585 1429 687 1505 utique
706 1426 793 1505 digne
813 1427 911 1505 eloqui
930 1445 990 1487 non
1013 1426 1152 1487 valemus.
1199 1424 1310 1486 Omitto
1330 1436 1364 1486 10

300 1515 393 1594 enim,
409 1514 525 1593 qnando
545 1515 616 1575 feeit
634 1514 786 1575 hominem
804 1524 921 1575 rectum
938 1548 984 1559 -
1002 1516 1107 1575 omitto
1124 1516 1216 1574 vitam
1230 1512 1311 1572 iilam

300 1601 429 1663 duorum
447 1603 608 1679 coniugum
626 1603 657 1661 in
675 1601 803 1680 paradisi
823 1600 1002 1661 fecunditate
1022 1599 1148 1681 felicem,
1172 1602 1311 1679 qnoniam

300 1697 361 1750 tam
383 1688 481 1750 brevis
504 1690 575 1769 init,
602 1698 636 1750 ut
665 1689 702 1749 ad
725 1690 909 1750 nascentium
933 1706 1055 1749 sensum
1079 1706 1134 1749 neo
1157 1689 1220 1766 ipsa
1243 1705 1309 1767 per-

299 1780 430 1838 venerit:
461 1779 492 1837 in
524 1777 594 1858 hae,
627 1795 715 1856 qnam
745 1778 894 1857 norimus,
926 1778 957 1837 in
989 1794 1047 1855 qna
1074 1776 1170 1838 adhue
1198 1794 1310 1855 snmus,

300 1868 387 1927 euius
400 1867 617 1947 temptationes,
640 1868 729 1925 immo
745 1882 831 1943 quam
847 1872 939 1926 totam
953 1867 1185 1946 temptationem,
1209 1882 1309 1943 quam·
1331 1875 1363 1924 15
1476 1920 1478 1931 ,

300 1954 352 2015 diu
380 1956 412 2014 in
439 1971 473 2013 ea
501 1971 618 2034 sumus,
645 1950 860 2031 quantumlibet
886 1946 1090 2033 proficiamus,
1111 1955 1228 2032 perpeti
1251 1970 1311 2013 non

300 2041 473 2121 desinimus,
496 2058 571 2119 quae
590 2043 650 2101 sint
667 2040 775 2101 indicia
794 2043 873 2101 circa
896 2058 990 2119 genus
1012 2040 1174 2102 humanum
1197 2039 1310 2102 honita-

300 2133 339 2192 tis
362 2129 424 2208 Dei,
447 2130 514 2207 quis
536 2131 647 2209 poterit
668 2124 837 2208 explicare?

680 2317 799 2384 annr
823 2318 925 2384 XXII.

301 2431 348 2490 De
378 2432 509 2490 muniis
539 2447 579 2490 oe
610 2433 710 2504 molo,
743 2432 852 2505 quidus
881 2432 1045 2491 homonum
1074 2450 1172 2507 oenus
1203 2433 1310 2491 merito

297 2521 419 2594 primm
441 2520 720 2594 praevaricatione
748 2519 910 2579 obnoxium
933 2526 978 2580 est
999 2528 1030 2580 et
1052 2537 1071 2580 a
1094 2519 1204 2594 quitos
1225 2536 1310 2580 nemo
1330 2529 1365 2580 20

500 2609 562 2667 uisi
578 2625 637 2682 per
663 2606 777 2666 coristi
795 2610 931 2682 oratiam
954 2608 1112 2668 liberator.

389 2730 463 2793 Nam
495 2730 574 2810 quod
607 2728 641 2790 ad
674 2731 799 2808 primam
838 2732 983 2809 originem
1015 2731 1162 2811 pertinet,
1193 2748 1311 2791 omnem

301 2820 470 2881 mortalium
499 2821 671 2900 progeniem
703 2818 795 2879 inisse
827 2817 1008 2898 damnatam,
1045 2818 1118 2880 haee
1149 2821 1213 2898 ipsa
1245 2821 1311 2900 vita,

301 2911 328 2969 si
359 2910 418 2968 vita
451 2907 573 2969 dicenda
606 2914 669 2987 est,
700 2913 746 2968 tot
775 2913 806 2967 et
832 2908 922 2967 tantis
951 2906 1034 2967 maiis
1062 2906 1148 2985 plena
1175 2914 1311 2967 testatur.

302 2995 379 3067 Quid
411 2998 489 3055 enirn
519 2994 596 3055 atiud
626 2994 737 3054 indicat
771 2993 919 3054 horrenda
952 2994 1094 3073 quaedam
1124 2994 1311 3074 profunditas
1329 3004 1363 3053 25

300 3086 499 3163 ignorantiae,
525 3102 562 3143 ex
585 3100 642 3161 qua
666 3084 762 3141 omnis
785 3100 870 3141 error
894 3085 1007 3164 existit,
1034 3086 1086 3161 qui
1110 3101 1212 3143 omnes
1235 3082 1311 3142 tilios

301 3172 393 3233 Adam
421 3170 580 3232 tenebroso
609 3169 736 3249 quodam
764 3172 831 3231 sinu
861 3174 1005 3251 suscepit,
1034 3179 1068 3231 ut
1090 3170 1177 3230 homo
1201 3169 1237 3230 ab
1261 3170 1310 3231 ilio

300 3259 421 3321 liberari
441 3262 505 3320 sine
523 3257 623 3318 labore
643 3256 744 3317 dolore
763 3261 870 3318 timore
894 3276 953 3318 non
975 3254 1091 3337 possit?
1128 3258 1205 3329 Quid
1229 3276 1311 3319 amor

300 3350 364 3427 ipse
392 3357 437 3409 tot
463 3365 565 3408 rerum
588 3363 728 3406 vanarum
751 3354 840 3427 atque
864 3348 1018 3407 noxiarum
1042 3354 1072 3407 et
1094 3364 1130 3407 ex
1152 3346 1209 3407 hoo
1233 3364 1310 3406 mor·

375 3489 401 3554 1)
421 3491 445 3539 1.
460 3484 520 3539 eor.
536 3491 582 3552 ιτ»,
600 3492 644 3539 44.
682 3489 709 3556 r)
727 3485 773 3540 Pa.
788 3490 835 3553 ss,
855 3491 880 3539 e.

376 3631 390 3680 1
408 3626 531 3696 resurgit
548 3626 602 3693 3¹3
619 3629 748 3697 resurget
765 3626 996 3696 R’AGabpptu
1015 3626 1111 3695 surget
1128 3642 1154 3693 ος
1176 3625 1267 3695 rurgit
1284 3636 1315 3694 ῆς

302 3696 338 3762 of.
361 3696 407 3750 zo.
427 3700 463 3751 13
485 3714 507 3752 o.
524 3700 578 3764 20;
604 3713 626 3752 e.
644 3700 729 3766 23⁸d·
750 3700 759 3768 t
779 3703 796 3752 t
819 3696 888 3765 quio
906 3697 964 3766 po
980 3698 989 3765 ΙΙ
1008 3701 1041 3750 2⁷
1064 3695 1188 3766 enseepit
1211 3697 1315 3765 R¹Ae;

304 3766 423 3836 surripit
440 3767 647 3838 R’Gnobppo
