3284 4459
511 533 552 574 ua
566 500 777 575 emissurum
790 531 816 574 a.
830 534 916 575 xvim
930 533 954 575 o.
967 536 1000 575 as
1015 537 1047 576 aa.
1215 519 1280 586 289

276 665 334 728 Sed
353 669 468 728 etiamsi
486 669 651 748 posteriora
669 677 803 748 ternpore
820 668 896 729 deos·
911 668 1046 730 homines
1063 677 1198 730 mortuos
1220 687 1279 730 noo

274 758 482 837 instituerunt,
508 752 607 817 tamon
634 756 670 817 ab
699 757 829 836 antiquis
857 757 1010 818 institutos
1032 755 1131 818 colere
1153 757 1281 818 ut=deos

275 853 304 904 et
331 843 441 905 babere
468 862 528 905 non
556 844 747 924 destiterunt3
778 846 851 923 quin
878 847 966 906 etiam
994 844 1176 926 simulacris,
1205 850 1280 924 quae

271 940 390 994 veteres
409 951 467 992 non
487 931 642 1013 habebant,
664 941 811 994 auxerunt
829 951 919 994 vanae
937 942 1025 1013 atque
1047 935 1154 1013 impiae
1177 952 1280 1013 super·

274 1022 403 1082 stitionis
436 1021 631 1093 inlecebram,
662 1020 691 1081 id
719 1021 917 1083 efficientibus
943 1021 1093 1082 inmundis
1121 1023 1154 1082 in
1176 1039 1281 1082 eorum
1294 1038 1315 1088 o

275 1108 365 1169 corde
395 1107 591 1171 daemonibus
615 1125 676 1189 per·
691 1108 804 1170 fallacia
826 1122 945 1190 quoque
967 1109 1087 1172 oracula
1108 1109 1280 1189 decipienti-

271 1196 341 1278 ·bus,
358 1205 393 1258 ut
407 1197 538 1259 sabulosa
553 1193 640 1259 etiam
659 1199 781 1259 crimina
800 1197 934 1278 deorum,
952 1215 1028 1276 quae
1045 1200 1104 1258 iam
1121 1197 1280 1259 urbaniore

275 1285 393 1347 saeculo
420 1303 480 1346 nou
507 1286 720 1366 tingebantur,
740 1303 795 1366 per
824 1285 910 1348 ludos
939 1294 1038 1348 tamen
1064 1289 1096 1347 in
1118 1285 1281 1347 eorundem

274 1373 417 1435 falsorum
437 1375 590 1435 numinum
610 1373 785 1453 obsequium
804 1377 933 1453 turpiter
956 1383 1123 1453 agerentur.
1168 1373 1280 1453 Regnat

270 1464 317 1522 uit
338 1462 445 1523 deinde
468 1462 562 1523 Numa
585 1471 653 1542 post
675 1457 843 1542 Romulum,
866 1465 918 1542 qui
940 1480 1009 1524 cum
1027 1462 1110 1522 illam
1132 1465 1334 1526 civitatemnu

275 1553 423 1630 putaverit
445 1549 567 1612 deorum
591 1551 725 1630 proiecto
748 1549 890 1611 salsorum
906 1553 1123 1612 numerositate
1146 1554 1280 1611 munien-

270 1639 352 1721 dam,
374 1641 405 1699 in
424 1638 547 1700 eandem
565 1638 681 1701 turbam
705 1639 813 1700 relerri
837 1649 973 1700 mortuus
994 1642 1058 1719 ipse
1081 1655 1141 1700 non
1163 1639 1283 1720 meruit,

276 1736 424 1806 tamquam
457 1729 496 1788 ita
533 1737 653 1807 putatus
688 1730 726 1788 sit
763 1727 876 1789 caelum
906 1727 1094 1788 multitudine
1127 1730 1282 1788 numinum

275 1818 473 1895 constipasse,
501 1825 534 1876 ut
560 1815 658 1878 locum
685 1815 725 1876 ibi
758 1817 890 1896 reperire
913 1834 973 1876 non
996 1825 1106 1895 posset.
1150 1815 1213 1878 Hoc
1236 1833 1281 1877 re-

275 1912 383 1983 gnante
407 1902 516 1965 Rornae
545 1912 574 1964 et
597 1904 674 1983 apud
697 1903 848 1964 Hebraeos
875 1905 959 1964 initio
988 1905 1073 1983 regni
1094 1902 1243 1986 blanasse,
1265 1921 1283 1964 a
1303 1919 1335 1968 15

277 2007 343 2070 quo
364 1992 455 2072 impio
483 2009 551 2071 rege
581 1991 726 2071 propbeta
748 1991 851 2052 Esaias
873 1991 1047 2071 perhibetur
1069 1994 1212 2112 occisus,
1232 1991 1282 2056 Sa-

276 2082 365 2141 miam
387 2080 478 2141 luisse
503 2078 640 2218 Sibyllam
663 2081 771 2141 ierunt

661 2269 778 2364 Osauu
798 2268 899 2334 XXV.

282 2400 342 2472 Qui
359 2396 532 2475 philosophi
561 2401 727 2459 enituerint
753 2405 902 2474 repetente
924 2399 1010 2473 epod
1030 2397 1183 2459 Romanos
1209 2382 1282 2458 Ται-

276 2489 381 2563 quinio
405 2487 520 2562 Prisco,
544 2489 629 2563 opud
650 2487 818 2548 Hebraeos
824 2486 982 2558 Sedecbic
1005 2502 1074 2547 eum
1092 2486 1283 2547 Hierusalem
1302 2501 1337 2549 so

489 2583 580 2651 capta
603 2581 648 2636 est
669 2579 867 2669 templumque
887 2575 1071 2635 subversum.
1147 2604 1150 2610 ·
1213 2607 1216 2612 -

366 2695 516 2776 Regnante
540 2716 610 2759 vero
633 2699 711 2777 apud
733 2694 884 2758 Hebraeos
908 2695 1051 2759 Sedecbia
1073 2706 1103 2759 et
1125 2699 1202 2777 apuu
1225 2697 1282 2771 llo-

271 2803 381 2868 manos
413 2783 573 2866 Tarquinio
605 2785 724 2866 Prisco,
756 2787 807 2864 qui
840 2780 1025 2846 successerat
1055 2785 1140 2846 Anco
1165 2775 1283 2868 biarcio,

278 2873 387 2936 ductus
420 2882 464 2934 est
496 2877 629 2954 captivus
666 2876 695 2935 in
729 2871 915 2953 babyloniam
948 2873 1075 2957 populus
1107 2873 1283 2951 ludaeorum

279 2979 381 3024 eversa
403 2951 587 3025 Hierusalem
615 2970 646 3024 et
674 2961 783 3041 templo
811 2959 861 3022 illo
884 2979 901 3022 a
924 2959 1078 3022 Salomone
1101 2956 1282 3052 constructo.
1295 2977 1337 3040 25

264 3049 469 3129 lncrepantes
496 3054 575 3112 enim
603 3069 653 3112 eos
680 3049 841 3130 prophetae
874 3049 910 3109 de
938 3049 1143 3128 iniquitatibus
1173 3061 1203 3112 et
1229 3054 1283 3136 im-

277 3137 437 3219 pietatibus
469 3141 532 3200 suis
565 3138 638 3200 haec
675 3140 718 3199 eis
750 3147 872 3199 ventura
903 3137 1127 3231 praedixerant,
1159 3140 1283 3225 manime

262 3227 458 3312 Hieremias,
489 3229 559 3310 qui
572 3230 660 3288 etiam
691 3244 849 3288 numerum
880 3223 1042 3286 definivit
1043 3244 1195 3288 annorum
1239 3225 1283 3290 Εο

266 3324 412 3396 ,tempore
436 3315 566 3376 Pittacus
589 3314 796 3396 Mitylenaeum
819 3312 893 3375 alius
917 3333 932 3375 e
956 3323 1071 3395 septem
1092 3313 1284 3398 sapientibus,

271 3405 371 3483 ,luisse
401 3402 667 3482 perbibetu1.Et
696 3405 827 3482 quinque
856 3410 987 3482 ceteros,
1019 3403 1083 3483 qui,
1110 3411 1145 3464 ut
1170 3410 1298 3491 septem
1302 3417 1337 3473 ao

278 3498 491 3573 numerentur,
521 3491 649 3572 Thaleti,
680 3508 768 3569 quem
796 3507 887 3569 supra
913 3491 1221 3571 commemoravimus,
1240 3500 1284 3563 et

278 3580 347 3640 huic
366 3579 480 3640 Pittaco
499 3579 656 3660 adduntur,
679 3597 715 3639 eo
734 3588 867 3657 tempore
890 3573 994 3639 luisse
1006 3576 1110 3638 scribit
1128 3539 1283 3659 Eusebius,

264 3675 338 3746 {quo
371 3669 504 3748 captivus
535 3667 587 3728 bei
622 3665 791 3747 populus·
782 3684 813 3726 m
846 3663 1004 3745 Babylonia
1036 3665 1202 3727 tenebatur.
1246 3666 1283 3728 Hi

259 3784 262 3796 '
349 3803 395 3871 aa)
412 3779 532 3854 Hieram.
552 3774 594 3866 aa,
610 3781 665 3853 11.'
697 3801 741 3867 aa)
759 3779 941 3851 ansatum.
961 3779 1284 3865 ed.'seb‚11p.91,‘m.

331 3909 388 3941 suo.
402 3908 435 3938 m
449 3907 495 3938 err.
510 3907 558 3937 ιιιι.
580 3896 611 3936 IL
1042 3888 1074 3936 19
