3284 4459
664 532 665 536 ,
749 499 770 539 Β.
784 499 949 540 annosam

762 699 880 765 Oneon
902 699 945 764 Π.

524 829 570 891 De
590 831 664 904 filiis
687 831 791 890 earnis
815 835 845 888 et
863 831 937 902 filiis
955 828 1174 906 promissionis.

435 952 545 1015 Umbra
572 970 643 1013 sane
671 951 813 1031 quaedam
841 953 968 1013 civitatis
994 951 1085 1012 huius
1112 953 1265 1030 el'imago
1287 967 1358 1029 pro·

347 1042 465 1123 phetica
497 1044 525 1102 ei
552 1040 758 1120 significandae
785 1042 885 1120 polius
911 1058 999 1118 quam
1030 1039 1262 1119 praesentandae
1293 1056 1358 1100 ser·

313 1133 419 1192 evivit
445 1133 476 1191 in
504 1131 609 1210 terriS,
636 1147 694 1207 qno
722 1147 787 1189 eam
815 1137 950 1208 tempore
972 1127 1170 1188 demonstrari
1192 1124 1361 1206 oportebat,

348 1228 379 1280 el
402 1218 481 1280 dieta
509 1227 556 1279 est
582 1219 670 1278 etiam
697 1218 762 1297 ipsa
785 1219 887 1277 civitas
910 1224 1012 1277 saneta
1033 1218 1141 1276 merita
1164 1216 1360 1294 significantis

350 1309 499 1387 imaginis,
526 1323 586 1366 non
615 1323 786 1386 expressae,
812 1306 892 1366 sient
919 1306 1018 1365 lutura
1036 1312 1100 1388 est,
1126 1306 1269 1365 veritalis.
1313 1301 1360 1364 De

348 1395 405 1456 hae
431 1396 559 1473 imagine
588 1395 734 1455 serviente
765 1401 796 1453 et
822 1393 859 1454 de
886 1393 950 1473 illa,
972 1411 1060 1471 quam
1083 1393 1241 1472 signifieat,
1264 1390 1360 1452 libera

350 1485 467 1544 civitate
501 1484 544 1543 sie
576 1480 726 1561 apostolus
758 1480 794 1542 ad
827 1480 942 1542 Galatas
971 1481 1117 1559 loquitur:
1148 1481 1249 1542 Dicite
1274 1482 1360 1553 milei,

298 1585 330 1634 ιο
347 1573 457 1649 inquit,
477 1572 534 1632 suo
556 1573 623 1645 Iope
643 1573 774 1632 uolentes
803 1588 868 1632 esse
888 1573 985 1646 lepem
1006 1586 1067 1630 nou
1089 1570 1237 1630 audistis?
1272 1569 1358 1628 Sari·

345 1667 432 1738 ptum
454 1666 500 1720 est
520 1661 612 1731 euim,
641 1661 724 1732 quod
744 1659 901 1730 Abraham
924 1660 999 1718 aluos
1017 1660 1099 1730 filios
1121 1659 1241 1731 leniuit,
1264 1674 1360 1717 unum

349 1750 388 1810 de
411 1750 525 1807 aneilla
548 1753 578 1807 el
599 1763 694 1807 unum
716 1749 754 1807 ele
776 1747 884 1808 libera.
929 1747 993 1807 Sed
1013 1749 1063 1807 ille
1085 1748 1221 1821 quiden,
1244 1748 1299 1822 qui
1319 1747 1362 1806 de

349 1839 479 1910 ancillo,
504 1837 672 1896 seeundum
702 1851 829 1896 carnem
856 1841 946 1896 notus
973 1841 1034 1904 est,·
1063 1836 1240 1909 quinarem
1262 1835 1300 1894 de
1322 1835 1358 1892 li·
1429 1902 1432 1907 ,

349 1925 434 1997 bera,
452 1941 512 2001 per
529 1925 807 1999 repromissionem
830 1940 909 1998 quae
929 1929 1001 1984 sunl
1022 1925 1055 1982 in
1077 1924 1235 1997 olleporiu.
1270 1921 1361 1983 Haeo

298 2024 331 2074 1⁶
349 2015 429 2074 enim
454 2017 527 2072 suat
553 2014 614 2072 duo
641 2017 831 2086 testamento,
858 2028 951 2071 unum
974 2013 1095 2085 quidem
1117 2026 1137 2070 o
1159 2016 1259 2072 monle
1281 2010 1360 2071 Sina

350 2103 383 2161 iu
404 2102 578 2160 seruitutem
594 2116 758 2174 nenorosus,
780 2101 864 2174 quod
884 2106 930 2160 est
946 2100 1050 2173 Aaou
1073 2099 1149 2159 Sina
1171 2101 1252 2159 enim
1273 2115 1360 2160 mons

350 2194 396 2248 est
421 2190 454 2247 in
480 2189 612 2262 Arabia,
639 2205 719 2263 auae
745 2191 910 2248 coniuncta
936 2195 982 2248 est
1006 2188 1080 2247 huie
1107 2203 1187 2262 quoe
1208 2204 1292 2247 nune
1313 2191 1360 2247 esi

350 2275 558 2347 Hierusalem
588 2278 684 2336 serait
714 2277 794 2336 enim
826 2292 895 2336 cum
919 2278 995 2348 filiis
1023 2277 1095 2335 suis.
1144 2275 1230 2347 Quae
1257 2280 1359 2336 aulem

350 2380 471 2424 sursum
488 2371 534 2424 est
549 2364 750 2438 Hierusalem,
773 2365 872 2424 libera
889 2371 942 2437 est,
964 2381 1043 2438 quae
1060 2369 1106 2424 esi
1122 2371 1221 2424 mater
1243 2369 1359 2424 nostra.

298 2467 333 2516 20
352 2453 507 2528 Scriptum
539 2459 585 2514 est
614 2455 708 2512 enim.-
739 2451 874 2514 Loetare
901 2455 1030 2525 sterilis,
1062 2469 1142 2526 quae
1170 2468 1233 2512 non
1260 2454 1360 2528 poris,

351 2558 474 2615 erumpe
500 2546 532 2600 et
556 2543 709 2612 exclama,
741 2557 820 2614 quae
846 2557 908 2601 non
927 2542 1086 2616 parturis·
1107 2543 1251 2615 quoniam
1272 2541 1362 2599 multi

347 2631 408 2702 lilii
430 2630 584 2703 desertae,
610 2631 708 2703 monis
730 2645 821 2703 quam
844 2631 910 2688 eius
932 2645 1012 2702 quae
1033 2630 1126 2689 nabet
1146 2631 1253 2689 airum.
1297 2628 1360 2688 Nos

350 2722 467 2790 autem,
487 2714 618 2792 fratres,
639 2718 805 2777 secundum
827 2716 921 2777 Isaac
938 2719 1147 2793 promissionis
1166 2719 1228 2789 filii
1246 2734 1358 2777 sumus.

352 2804 415 2865 Sed
434 2808 515 2866 siaul
532 2811 613 2878 luno,
636 2807 690 2878 qui
705 2808 872 2866 secunaum
894 2822 1020 2865 earnem
1041 2812 1132 2865 natus
1151 2802 1267 2880 fuerat,
1285 2822 1358 2882 per·

300 2892 537 2969 insequebatur
568 2910 649 2968 eum,
680 2895 735 2967 qui
759 2895 926 2954 seeundum
953 2896 1107 2969 spiritum:
1140 2895 1184 2953 ila
1210 2900 1242 2953 et
1267 2910 1358 2954 nune.

351 2981 416 3042 Sed
436 2982 512 3056 quial
533 2982 610 3042 dicit
634 2983 810 3057 scriptura?
847 2981 922 3041 Eioe
944 2984 1087 3041 ancillam
1109 2987 1140 3042 et
1156 2983 1255 3054 filium
1277 2983 1361 3053 eius,·

350 3086 412 3130 non
443 3070 522 3129 enim
557 3071 646 3131 lieres
678 3071 739 3130 erit
764 3072 849 3143 lilius
880 3072 1012 3130 ancillae
1041 3086 1110 3130 oum
1137 3072 1204 3142 filio
1232 3071 1359 3131 liberae.
1466 3070 1470 3143 ¹,

352 3158 413 3222 Nos
436 3163 544 3230 aulem,
564 3155 692 3232 fraires,
714 3173 775 3217 non
792 3174 895 3218 sumus
917 3160 1050 3218 ancillae
1068 3160 1137 3232 filii,
1158 3158 1215 3218 sed
1234 3158 1360 3233 liberae,

352 3262 413 3320 qua
442 3246 581 3306 libertate
612 3246 748 3306 Carisius
774 3262 830 3306 nos
857 3245 1005 3305 liberauit.
1049 3242 1129 3305 Haec
1157 3245 1252 3305 forma
1274 3244 1360 3305 intel-

299 3347 334 3398 3ο
352 3331 469 3411 legendi
496 3331 542 3393 de'
561 3331 720 3413 apostoliea
748 3335 924 3394 auctoritate
946 3331 1130 3393 descendens
1151 3332 1251 3394 locam
1272 3332 1360 3393 nobis

421 3463 464 3529 22)
484 3459 558 3514 Esei.
578 3465 621 3528 sa,
637 3466 661 3514 1.
700 3460 743 3529 ee)
763 3457 825 3512 Gal.
844 3463 870 3525 a,
885 3463 917 3510 21
929 3475 989 3526 sqq.

421 3623 455 3675 17
473 3618 523 3686 qui
542 3617 706 3672 eoniunelue
724 3617 768 3670 eei
783 3615 868 3684 obal
882 3618 917 3668 19
928 3615 1028 3668 nasim
1045 3613 1245 3684 rmanoep
1258 3618 1362 3686 (propr.

349 3708 379 3762 p.
395 3693 457 3758 16),
476 3689 601 3744 omnium
617 3689 744 3742 nonarum
758 3703 810 3752 aus
828 3702 903 3740 omn.
916 3686 1076 3739 nostrorum
1090 3687 1106 3740 b
1118 3686 1129 3754 ΙΙ
1142 3689 1176 3738 21
1192 3687 1223 3740 el
1235 3685 1363 3740 exclama

356 3759 530 3828 ranoap
549 3760 610 3828 am.
624 3762 662 3812 18
680 3773 702 3812 e.
716 3759 780 3824 29),
799 3757 829 3810 ei
846 3755 938 3809 elome
956 3754 1096 3822 nanum
1113 3755 1148 3822 es.
1169 3759 1214 3823 65,
1227 3759 1265 3810 32
