<?xml version="1.0" encoding="UTF-8"?>
<!DOCTYPE html PUBLIC "-//W3C//DTD XHTML 1.0 Transitional//EN"
    "http://www.w3.org/TR/xhtml1/DTD/xhtml1-transitional.dtd">
<html xmlns="http://www.w3.org/1999/xhtml" xml:lang="en" lang="en">
 <head>
  <title>
</title>
<meta http-equiv="Content-Type" content="text/html;charset=utf-8" />
  <meta name='ocr-system' content='tesseract 3.04.00' />
  <meta name='ocr-capabilities' content='ocr_page ocr_carea ocr_par ocr_line ocrx_word'/>
</head>
<body>
  <div class='ocr_page' id='page_1' title='image "./sanctiaureliiau11augugoog_0429.png"; bbox 0 0 3284 4459; ppageno 0'>
   <div class='ocr_carea' id='block_1_1' title="bbox 581 484 1310 548">
    <p class='ocr_par' dir='ltr' id='par_1_1' title="bbox 581 484 1310 548">
     <span class='ocr_line' id='line_1_1' title="bbox 581 484 1310 548; baseline 0.011 -8"><span class='ocrx_word' id='word_1_1' title='bbox 581 500 621 540; x_wconf 82' lang='lat' dir='ltr'><strong><em>uu</em></strong></span> <span class='ocrx_word' id='word_1_2' title='bbox 634 499 778 540; x_wconf 80' lang='lat' dir='ltr'><strong><em>mvrrara</em></strong></span> <span class='ocrx_word' id='word_1_3' title='bbox 791 500 845 540; x_wconf 81' lang='lat' dir='ltr'><strong><em>aar</em></strong></span> <span class='ocrx_word' id='word_1_4' title='bbox 858 500 885 540; x_wconf 67' lang='lat' dir='ltr'><strong><em>rt.</em></strong></span> <span class='ocrx_word' id='word_1_5' title='bbox 899 500 949 540; x_wconf 86' lang='lat' dir='ltr'><strong><em>xx.</em></strong></span> <span class='ocrx_word' id='word_1_6' title='bbox 962 499 986 541; x_wconf 84' lang='lat' dir='ltr'><strong><em>a.</em></strong></span> <span class='ocrx_word' id='word_1_7' title='bbox 998 502 1018 541; x_wconf 85' lang='grc' dir='ltr'><em>ε.</em></span> <span class='ocrx_word' id='word_1_8' title='bbox 1244 484 1310 548; x_wconf 85' lang='grc'><strong><em>409</em></strong></span> 
     </span>
    </p>
   </div>
   <div class='ocr_carea' id='block_1_2' title="bbox 711 677 910 785">
    <p class='ocr_par' dir='ltr' id='par_1_2' title="bbox 711 677 910 785">
     <span class='ocr_line' id='line_1_2' title="bbox 711 677 910 785; baseline 0 -1"><span class='ocrx_word' id='word_1_9' title='bbox 711 716 828 785; x_wconf 70' lang='lat' dir='ltr'><strong><em>(ieeur</em></strong></span> <span class='ocrx_word' id='word_1_10' title='bbox 851 677 910 784; x_wconf 86' lang='grc' dir='ltr'><strong>ΙΪΙ.</strong></span> 
     </span>
    </p>
   </div>
   <div class='ocr_carea' id='block_1_3' title="bbox 307 849 1311 1015">
    <p class='ocr_par' dir='ltr' id='par_1_3' title="bbox 307 849 1311 1015">
     <span class='ocr_line' id='line_1_3' title="bbox 307 849 1311 928; baseline 0.002 -22"><span class='ocrx_word' id='word_1_11' title='bbox 307 849 390 920; x_wconf 78' lang='lat' dir='ltr'><strong><em>Quid</em></strong></span> <span class='ocrx_word' id='word_1_12' title='bbox 415 850 447 907; x_wconf 91' lang='lat' dir='ltr'><strong><em>in</em></strong></span> <span class='ocrx_word' id='word_1_13' title='bbox 474 849 551 907; x_wconf 79' lang='lat' dir='ltr'><strong><em>libro</em></strong></span> <span class='ocrx_word' id='word_1_14' title='bbox 579 849 754 909; x_wconf 76' lang='lat' dir='ltr'><em>ecclesiaste</em></span> <span class='ocrx_word' id='word_1_15' title='bbox 775 849 916 910; x_wconf 82' lang='lat' dir='ltr'><em>Salomon</em></span> <span class='ocrx_word' id='word_1_16' title='bbox 944 849 982 908; x_wconf 84' lang='lat' dir='ltr'><strong><em>de</em></strong></span> <span class='ocrx_word' id='word_1_17' title='bbox 1009 849 1069 928; x_wconf 80' lang='lat' dir='ltr'><strong><em>ivis,</em></strong></span> <span class='ocrx_word' id='word_1_18' title='bbox 1095 865 1175 923; x_wconf 82' lang='lat' dir='ltr'><strong><em>anae</em></strong></span> <span class='ocrx_word' id='word_1_19' title='bbox 1197 851 1229 909; x_wconf 89' lang='lat' dir='ltr'><strong><em>in</em></strong></span> <span class='ocrx_word' id='word_1_20' title='bbox 1251 849 1311 908; x_wconf 73' lang='lat' dir='ltr'><strong><em>aaa</em></strong></span> 
     </span>
     <span class='ocr_line' id='line_1_4' title="bbox 370 937 1244 1015; baseline 0.001 -20"><span class='ocrx_word' id='word_1_21' title='bbox 370 939 433 996; x_wconf 83' lang='lat' dir='ltr'><strong><em>vita</em></strong></span> <span class='ocrx_word' id='word_1_22' title='bbox 456 942 486 996; x_wconf 90' lang='lat' dir='ltr'><strong><em>et</em></strong></span> <span class='ocrx_word' id='word_1_23' title='bbox 509 937 593 996; x_wconf 81' lang='lat' dir='ltr'><strong><em>tanis</em></strong></span> <span class='ocrx_word' id='word_1_24' title='bbox 616 943 646 996; x_wconf 88' lang='lat' dir='ltr'><strong><em>et</em></strong></span> <span class='ocrx_word' id='word_1_25' title='bbox 667 939 755 997; x_wconf 86' lang='lat' dir='ltr'><strong><em>natis</em></strong></span> <span class='ocrx_word' id='word_1_26' title='bbox 777 944 849 997; x_wconf 87' lang='lat' dir='ltr'><strong><em>sant</em></strong></span> <span class='ocrx_word' id='word_1_27' title='bbox 870 939 1049 1015; x_wconf 83' lang='lat' dir='ltr'><strong><em>eommunia,</em></strong></span> <span class='ocrx_word' id='word_1_28' title='bbox 1072 938 1244 1012; x_wconf 59' lang='lat' dir='ltr'><strong><em>deputarit.</em></strong></span> 
     </span>
    </p>
   </div>
   <div class='ocr_carea' id='block_1_4' title="bbox 302 1058 1364 3434">
    <p class='ocr_par' dir='ltr' id='par_1_4' title="bbox 302 1058 1364 3434">
     <span class='ocr_line' id='line_1_5' title="bbox 312 1058 1311 1141; baseline 0.002 -23"><span class='ocrx_word' id='word_1_29' title='bbox 312 1068 315 1072; x_wconf 86' lang='grc'><strong>’</strong></span> <span class='ocrx_word' id='word_1_30' title='bbox 393 1058 504 1138; x_wconf 85' lang='lat' dir='ltr'><em>Nempe</em></span> <span class='ocrx_word' id='word_1_31' title='bbox 530 1058 682 1141; x_wconf 80' lang='lat' dir='ltr'>Salomon,</span> <span class='ocrx_word' id='word_1_32' title='bbox 710 1061 945 1138; x_wconf 87' lang='lat' dir='ltr'><strong><em>sapientissimus</em></strong></span> <span class='ocrx_word' id='word_1_33' title='bbox 977 1076 1029 1119; x_wconf 81' lang='lat' dir='ltr'><strong><em>rex</em></strong></span> <span class='ocrx_word' id='word_1_34' title='bbox 1053 1058 1158 1140; x_wconf 84' lang='lat' dir='ltr'><strong><em>israel,</em></strong></span> <span class='ocrx_word' id='word_1_35' title='bbox 1191 1061 1241 1136; x_wconf 86' lang='lat' dir='ltr'><strong><em>qui</em></strong></span> <span class='ocrx_word' id='word_1_36' title='bbox 1264 1076 1311 1120; x_wconf 90' lang='lat' dir='ltr'><strong><em>re·</em></strong></span> 
     </span>
     <span class='ocr_line' id='line_1_6' title="bbox 304 1145 1345 1228; baseline 0 -20"><span class='ocrx_word' id='word_1_37' title='bbox 304 1149 404 1227; x_wconf 82' lang='lat' dir='ltr'><strong><em>gravit</em></strong></span> <span class='ocrx_word' id='word_1_38' title='bbox 417 1149 448 1207; x_wconf 90' lang='lat' dir='ltr'><strong><em>in</em></strong></span> <span class='ocrx_word' id='word_1_39' title='bbox 467 1145 660 1225; x_wconf 77' lang='lat' dir='ltr'><strong><em>Hierusalem,</em></strong></span> <span class='ocrx_word' id='word_1_40' title='bbox 683 1146 800 1228; x_wconf 87' lang='lat' dir='ltr'><strong><em>librum,</em></strong></span> <span class='ocrx_word' id='word_1_41' title='bbox 823 1149 874 1226; x_wconf 92' lang='lat' dir='ltr'><strong><em>qui</em></strong></span> <span class='ocrx_word' id='word_1_42' title='bbox 892 1155 1013 1207; x_wconf 88' lang='lat' dir='ltr'><strong><em>vocatur</em></strong></span> <span class='ocrx_word' id='word_1_43' title='bbox 1032 1146 1218 1207; x_wconf 81' lang='lat' dir='ltr'><strong><em>ecclesiastes</em></strong></span> <span class='ocrx_word' id='word_1_44' title='bbox 1241 1158 1273 1208; x_wconf 90' lang='lat' dir='ltr'><strong><em>et</em></strong></span> <span class='ocrx_word' id='word_1_45' title='bbox 1293 1165 1310 1208; x_wconf 86' lang='lat' dir='ltr'><strong><em>a</em></strong></span> <span class='ocrx_word' id='word_1_46' title='bbox 1329 1159 1345 1208; x_wconf 78' lang='lat' dir='ltr'><strong><em>a</em></strong></span> 
     </span>
     <span class='ocr_line' id='line_1_7' title="bbox 303 1234 1312 1316; baseline -0.001 -20"><span class='ocrx_word' id='word_1_47' title='bbox 303 1236 420 1297; x_wconf 89' lang='lat' dir='ltr'><strong><em>ludaeis</em></strong></span> <span class='ocrx_word' id='word_1_48' title='bbox 450 1253 568 1314; x_wconf 87' lang='lat' dir='ltr'><strong><em>quaque</em></strong></span> <span class='ocrx_word' id='word_1_49' title='bbox 600 1234 725 1296; x_wconf 88' lang='lat' dir='ltr'><strong><em>habetur</em></strong></span> <span class='ocrx_word' id='word_1_50' title='bbox 754 1237 784 1295; x_wconf 91' lang='lat' dir='ltr'><strong><em>in</em></strong></span> <span class='ocrx_word' id='word_1_51' title='bbox 814 1253 965 1296; x_wconf 88' lang='lat' dir='ltr'><strong><em>sacrarum</em></strong></span> <span class='ocrx_word' id='word_1_52' title='bbox 996 1253 1107 1295; x_wconf 88' lang='lat' dir='ltr'><strong><em>canone</em></strong></span> <span class='ocrx_word' id='word_1_53' title='bbox 1137 1234 1312 1316; x_wconf 86' lang='lat' dir='ltr'><strong><em>litterarum,</em></strong></span> 
     </span>
     <span class='ocr_line' id='line_1_8' title="bbox 303 1323 1311 1398; baseline 0.002 -14"><span class='ocrx_word' id='word_1_54' title='bbox 303 1327 347 1385; x_wconf 86' lang='lat' dir='ltr'><strong><em>sic</em></strong></span> <span class='ocrx_word' id='word_1_55' title='bbox 371 1342 496 1384; x_wconf 87' lang='lat' dir='ltr'><strong><em>exorsus</em></strong></span> <span class='ocrx_word' id='word_1_56' title='bbox 519 1333 578 1385; x_wconf 81' lang='lat' dir='ltr'><strong><em>est:</em></strong></span> <span class='ocrx_word' id='word_1_57' title='bbox 615 1323 739 1385; x_wconf 85' lang='lat' dir='ltr'><strong><em>Vanitas</em></strong></span> <span class='ocrx_word' id='word_1_58' title='bbox 763 1326 978 1398; x_wconf 79' lang='lat' dir='ltr'><strong><em>vanitantium,</em></strong></span> <span class='ocrx_word' id='word_1_59' title='bbox 1002 1326 1083 1384; x_wconf 85' lang='lat' dir='ltr'><strong><em>dixit</em></strong></span> <span class='ocrx_word' id='word_1_60' title='bbox 1105 1326 1311 1396; x_wconf 56' lang='lat' dir='ltr'><strong><em>ecclesiastem</em></strong></span> 
     </span>
     <span class='ocr_line' id='line_1_9' title="bbox 303 1413 1311 1493; baseline -0.002 -19"><span class='ocrx_word' id='word_1_61' title='bbox 303 1416 424 1474; x_wconf 87' lang='lat' dir='ltr'><strong><em>vanitas</em></strong></span> <span class='ocrx_word' id='word_1_62' title='bbox 452 1415 665 1493; x_wconf 80' lang='lat' dir='ltr'><strong><em>vanitantium,</em></strong></span> <span class='ocrx_word' id='word_1_63' title='bbox 697 1415 798 1474; x_wconf 87' lang='lat' dir='ltr'><strong><em>amnia</em></strong></span> <span class='ocrx_word' id='word_1_64' title='bbox 826 1415 953 1473; x_wconf 85' lang='lat' dir='ltr'><strong><em>vanitas.</em></strong></span> <span class='ocrx_word' id='word_1_65' title='bbox 1010 1413 1095 1484; x_wconf 79' lang='lat' dir='ltr'><strong><em>Quae</em></strong></span> <span class='ocrx_word' id='word_1_66' title='bbox 1122 1413 1311 1473; x_wconf 82' lang='lat' dir='ltr'><strong><em>abnndantia</em></strong></span> 
     </span>
     <span class='ocr_line' id='line_1_10' title="bbox 302 1499 1313 1579; baseline -0.002 -16"><span class='ocrx_word' id='word_1_67' title='bbox 302 1503 419 1563; x_wconf 79' lang='lat' dir='ltr'><strong><em>nomini</em></strong></span> <span class='ocrx_word' id='word_1_68' title='bbox 445 1503 476 1561; x_wconf 94' lang='lat' dir='ltr'><strong><em>in</em></strong></span> <span class='ocrx_word' id='word_1_69' title='bbox 504 1503 586 1562; x_wconf 87' lang='lat' dir='ltr'><strong><em>anni</em></strong></span> <span class='ocrx_word' id='word_1_70' title='bbox 611 1501 716 1561; x_wconf 83' lang='lat' dir='ltr'><strong><em>latare</em></strong></span> <span class='ocrx_word' id='word_1_71' title='bbox 742 1517 810 1579; x_wconf 83' lang='lat' dir='ltr'><strong><em>aaa,</em></strong></span> <span class='ocrx_word' id='word_1_72' title='bbox 840 1517 904 1575; x_wconf 83' lang='lat' dir='ltr'><strong><em>aaa</em></strong></span> <span class='ocrx_word' id='word_1_73' title='bbox 928 1502 1050 1562; x_wconf 78' lang='lat' dir='ltr'><strong><em>lavarat</em></strong></span> <span class='ocrx_word' id='word_1_74' title='bbox 1070 1503 1127 1562; x_wconf 81' lang='lat' dir='ltr'><strong><em>aab</em></strong></span> <span class='ocrx_word' id='word_1_75' title='bbox 1148 1503 1229 1562; x_wconf 81' lang='lat' dir='ltr'><strong><em>sale?</em></strong></span> <span class='ocrx_word' id='word_1_76' title='bbox 1273 1499 1313 1561; x_wconf 86' lang='lat' dir='ltr'><strong><em>Et</em></strong></span> 
     </span>
     <span class='ocr_line' id='line_1_11' title="bbox 304 1588 1364 1663; baseline 0 -13"><span class='ocrx_word' id='word_1_77' title='bbox 304 1607 371 1650; x_wconf 81' lang='lat' dir='ltr'><strong><em>crim</em></strong></span> <span class='ocrx_word' id='word_1_78' title='bbox 405 1607 440 1649; x_wconf 83' lang='lat' dir='ltr'><strong><em>ex</em></strong></span> <span class='ocrx_word' id='word_1_79' title='bbox 474 1588 528 1649; x_wconf 88' lang='lat' dir='ltr'><strong><em>hac</em></strong></span> <span class='ocrx_word' id='word_1_80' title='bbox 558 1591 704 1648; x_wconf 85' lang='lat' dir='ltr'><strong><em>sententia</em></strong></span> <span class='ocrx_word' id='word_1_81' title='bbox 735 1596 905 1648; x_wconf 81' lang='lat' dir='ltr'><strong><em>annecteret</em></strong></span> <span class='ocrx_word' id='word_1_82' title='bbox 935 1597 1048 1663; x_wconf 88' lang='lat' dir='ltr'><strong><em>cetera,</em></strong></span> <span class='ocrx_word' id='word_1_83' title='bbox 1078 1606 1311 1650; x_wconf 87' lang='lat' dir='ltr'><strong><em>commemorans</em></strong></span> <span class='ocrx_word' id='word_1_84' title='bbox 1331 1601 1364 1650; x_wconf 88' lang='lat'><strong><em>10</em></strong></span> 
     </span>
     <span class='ocr_line' id='line_1_12' title="bbox 305 1675 1312 1755; baseline 0 -17"><span class='ocrx_word' id='word_1_85' title='bbox 305 1694 462 1738; x_wconf 83' lang='lat' dir='ltr'><strong><em>aerumnas</em></strong></span> <span class='ocrx_word' id='word_1_86' title='bbox 492 1693 669 1755; x_wconf 83' lang='lat' dir='ltr'><strong>erroresque</strong></span> <span class='ocrx_word' id='word_1_87' title='bbox 701 1679 777 1737; x_wconf 89' lang='lat' dir='ltr'><strong><em>vitae</em></strong></span> <span class='ocrx_word' id='word_1_88' title='bbox 806 1675 895 1737; x_wconf 87' lang='lat' dir='ltr'><strong><em>huius</em></strong></span> <span class='ocrx_word' id='word_1_89' title='bbox 922 1687 953 1737; x_wconf 91' lang='lat' dir='ltr'><strong><em>et</em></strong></span> <span class='ocrx_word' id='word_1_90' title='bbox 980 1686 1171 1739; x_wconf 81' lang='lat' dir='ltr'><strong><em>vanescentes</em></strong></span> <span class='ocrx_word' id='word_1_91' title='bbox 1198 1679 1312 1738; x_wconf 88' lang='lat' dir='ltr'><strong><em>interea</em></strong></span> 
     </span>
     <span class='ocr_line' id='line_1_13' title="bbox 304 1763 1311 1846; baseline 0 -20"><span class='ocrx_word' id='word_1_92' title='bbox 304 1775 472 1844; x_wconf 89' lang='lat' dir='ltr'><strong><em>temporum</em></strong></span> <span class='ocrx_word' id='word_1_93' title='bbox 496 1763 611 1845; x_wconf 86' lang='lat' dir='ltr'><strong><em>lapsus,</em></strong></span> <span class='ocrx_word' id='word_1_94' title='bbox 641 1763 691 1825; x_wconf 87' lang='lat' dir='ltr'><strong><em>ubi</em></strong></span> <span class='ocrx_word' id='word_1_95' title='bbox 715 1764 788 1825; x_wconf 86' lang='lat' dir='ltr'><strong><em>nihil</em></strong></span> <span class='ocrx_word' id='word_1_96' title='bbox 811 1764 953 1846; x_wconf 85' lang='lat' dir='ltr'><strong><em>solidum,</em></strong></span> <span class='ocrx_word' id='word_1_97' title='bbox 980 1765 1053 1826; x_wconf 87' lang='lat' dir='ltr'><strong><em>nihii</em></strong></span> <span class='ocrx_word' id='word_1_98' title='bbox 1077 1765 1180 1827; x_wconf 85' lang='lat' dir='ltr'><strong><em>stabile</em></strong></span> <span class='ocrx_word' id='word_1_99' title='bbox 1203 1768 1311 1827; x_wconf 90' lang='lat' dir='ltr'><strong><em>retine·</em></strong></span> 
     </span>
     <span class='ocr_line' id='line_1_14' title="bbox 303 1851 1313 1933; baseline 0.003 -19"><span class='ocrx_word' id='word_1_100' title='bbox 303 1863 367 1915; x_wconf 90' lang='lat' dir='ltr'><strong><em>tur:</em></strong></span> <span class='ocrx_word' id='word_1_101' title='bbox 397 1855 428 1913; x_wconf 89' lang='lat' dir='ltr'><strong><em>iu</em></strong></span> <span class='ocrx_word' id='word_1_102' title='bbox 456 1871 490 1913; x_wconf 91' lang='lat' dir='ltr'><strong><em>ea</em></strong></span> <span class='ocrx_word' id='word_1_103' title='bbox 517 1870 618 1912; x_wconf 90' lang='lat' dir='ltr'><strong><em>rerum</em></strong></span> <span class='ocrx_word' id='word_1_104' title='bbox 646 1855 772 1914; x_wconf 88' lang='lat' dir='ltr'><strong><em>vanitate</em></strong></span> <span class='ocrx_word' id='word_1_105' title='bbox 800 1851 856 1914; x_wconf 87' lang='lat' dir='ltr'><strong><em>suh</em></strong></span> <span class='ocrx_word' id='word_1_106' title='bbox 885 1853 946 1914; x_wconf 89' lang='lat' dir='ltr'><strong><em>sale</em></strong></span> <span class='ocrx_word' id='word_1_107' title='bbox 973 1853 1046 1914; x_wconf 86' lang='lat' dir='ltr'><strong><em>illud</em></strong></span> <span class='ocrx_word' id='word_1_108' title='bbox 1069 1855 1156 1914; x_wconf 88' lang='lat' dir='ltr'><strong><em>etiam</em></strong></span> <span class='ocrx_word' id='word_1_109' title='bbox 1180 1853 1313 1933; x_wconf 82' lang='lat' dir='ltr'><strong><em>deplorat</em></strong></span> 
     </span>
     <span class='ocr_line' id='line_1_15' title="bbox 305 1940 1312 2023; baseline 0.003 -22"><span class='ocrx_word' id='word_1_110' title='bbox 305 1940 432 2020; x_wconf 88' lang='lat' dir='ltr'><strong><em>quodam</em></strong></span> <span class='ocrx_word' id='word_1_111' title='bbox 454 1940 551 2021; x_wconf 91' lang='lat' dir='ltr'><strong><em>modo,</em></strong></span> <span class='ocrx_word' id='word_1_112' title='bbox 575 1940 662 2023; x_wconf 88' lang='lat' dir='ltr'><strong><em>quud,</em></strong></span> <span class='ocrx_word' id='word_1_113' title='bbox 686 1959 753 2002; x_wconf 91' lang='lat' dir='ltr'><strong><em>cum</em></strong></span> <span class='ocrx_word' id='word_1_114' title='bbox 777 1943 816 2002; x_wconf 86' lang='lat' dir='ltr'><strong><em>sit</em></strong></span> <span class='ocrx_word' id='word_1_115' title='bbox 838 1940 1016 2003; x_wconf 88' lang='lat' dir='ltr'><strong><em>abundantia</em></strong></span> <span class='ocrx_word' id='word_1_116' title='bbox 1039 1944 1199 2021; x_wconf 86' lang='lat' dir='ltr'><strong><em>sapientiae</em></strong></span> <span class='ocrx_word' id='word_1_117' title='bbox 1222 1961 1312 2023; x_wconf 90' lang='lat' dir='ltr'><strong><em>super</em></strong></span> 
     </span>
     <span class='ocr_line' id='line_1_16' title="bbox 304 2029 1364 2111; baseline 0.002 -21"><span class='ocrx_word' id='word_1_118' title='bbox 304 2031 520 2110; x_wconf 77' lang='lat' dir='ltr'><strong><em>insipIentiam,</em></strong></span> <span class='ocrx_word' id='word_1_119' title='bbox 550 2031 627 2090; x_wconf 88' lang='lat' dir='ltr'><strong><em>sicut</em></strong></span> <span class='ocrx_word' id='word_1_120' title='bbox 658 2029 837 2090; x_wconf 89' lang='lat' dir='ltr'><strong><em>abundantia</em></strong></span> <span class='ocrx_word' id='word_1_121' title='bbox 864 2029 938 2090; x_wconf 89' lang='lat' dir='ltr'><strong><em>lucis</em></strong></span> <span class='ocrx_word' id='word_1_122' title='bbox 969 2047 1059 2109; x_wconf 82' lang='lat' dir='ltr'><strong><em>super</em></strong></span> <span class='ocrx_word' id='word_1_123' title='bbox 1088 2029 1239 2111; x_wconf 83' lang='lat' dir='ltr'><strong><em>tenebras,</em></strong></span> <span class='ocrx_word' id='word_1_124' title='bbox 1266 2049 1311 2092; x_wconf 91' lang='lat' dir='ltr'><strong><em>sa·</em></strong></span> <span class='ocrx_word' id='word_1_125' title='bbox 1332 2041 1364 2092; x_wconf 81' lang='lat'><strong><em>15</em></strong></span> 
     </span>
     <span class='ocr_line' id='line_1_17' title="bbox 304 2117 1310 2198; baseline 0.002 -19"><span class='ocrx_word' id='word_1_126' title='bbox 304 2119 472 2198; x_wconf 89' lang='lat' dir='ltr'><strong><em>pientisque</em></strong></span> <span class='ocrx_word' id='word_1_127' title='bbox 501 2117 581 2178; x_wconf 84' lang='lat' dir='ltr'><strong><em>oculi</em></strong></span> <span class='ocrx_word' id='word_1_128' title='bbox 610 2120 669 2179; x_wconf 91' lang='lat' dir='ltr'><strong><em>siut</em></strong></span> <span class='ocrx_word' id='word_1_129' title='bbox 695 2120 726 2178; x_wconf 88' lang='lat' dir='ltr'><strong><em>in</em></strong></span> <span class='ocrx_word' id='word_1_130' title='bbox 755 2120 850 2196; x_wconf 84' lang='lat' dir='ltr'><strong><em>capite</em></strong></span> <span class='ocrx_word' id='word_1_131' title='bbox 873 2120 968 2197; x_wconf 86' lang='lat' dir='ltr'><strong><em>ipsius</em></strong></span> <span class='ocrx_word' id='word_1_132' title='bbox 991 2127 1022 2179; x_wconf 90' lang='lat' dir='ltr'><strong><em>et</em></strong></span> <span class='ocrx_word' id='word_1_133' title='bbox 1044 2117 1153 2179; x_wconf 85' lang='lat' dir='ltr'><strong><em>stultus</em></strong></span> <span class='ocrx_word' id='word_1_134' title='bbox 1177 2121 1206 2178; x_wconf 94' lang='lat' dir='ltr'><strong><em>in</em></strong></span> <span class='ocrx_word' id='word_1_135' title='bbox 1229 2127 1310 2181; x_wconf 90' lang='lat' dir='ltr'><strong><em>tene·</em></strong></span> 
     </span>
     <span class='ocr_line' id='line_1_18' title="bbox 304 2205 1310 2288; baseline 0 -21"><span class='ocrx_word' id='word_1_136' title='bbox 304 2205 368 2267; x_wconf 85' lang='lat' dir='ltr'><strong><em>bris</em></strong></span> <span class='ocrx_word' id='word_1_137' title='bbox 387 2205 525 2287; x_wconf 87' lang='lat' dir='ltr'><strong><em>ambulet,</em></strong></span> <span class='ocrx_word' id='word_1_138' title='bbox 548 2224 627 2266; x_wconf 74' lang='lat' dir='ltr'><strong><em>uncis</em></strong></span> <span class='ocrx_word' id='word_1_139' title='bbox 646 2214 744 2266; x_wconf 90' lang='lat' dir='ltr'><strong><em>tamen</em></strong></span> <span class='ocrx_word' id='word_1_140' title='bbox 767 2208 907 2267; x_wconf 90' lang='lat' dir='ltr'><strong><em>incursus</em></strong></span> <span class='ocrx_word' id='word_1_141' title='bbox 930 2208 1062 2266; x_wconf 85' lang='lat' dir='ltr'><strong><em>incurrat</em></strong></span> <span class='ocrx_word' id='word_1_142' title='bbox 1085 2206 1231 2288; x_wconf 89' lang='lat' dir='ltr'><strong><em>omnibus,</em></strong></span> <span class='ocrx_word' id='word_1_143' title='bbox 1255 2210 1310 2267; x_wconf 89' lang='lat' dir='ltr'><strong><em>uti-</em></strong></span> 
     </span>
     <span class='ocr_line' id='line_1_19' title="bbox 306 2293 1313 2374; baseline -0.001 -18"><span class='ocrx_word' id='word_1_144' title='bbox 306 2313 363 2374; x_wconf 89' lang='lat' dir='ltr'><strong><em>que</em></strong></span> <span class='ocrx_word' id='word_1_145' title='bbox 387 2297 417 2354; x_wconf 90' lang='lat' dir='ltr'><strong><em>iu</em></strong></span> <span class='ocrx_word' id='word_1_146' title='bbox 440 2293 495 2354; x_wconf 88' lang='lat' dir='ltr'><strong><em>hae</em></strong></span> <span class='ocrx_word' id='word_1_147' title='bbox 513 2295 572 2355; x_wconf 88' lang='lat' dir='ltr'><strong><em>vita</em></strong></span> <span class='ocrx_word' id='word_1_148' title='bbox 595 2313 669 2372; x_wconf 88' lang='lat' dir='ltr'><strong><em>quae</em></strong></span> <span class='ocrx_word' id='word_1_149' title='bbox 694 2293 749 2355; x_wconf 90' lang='lat' dir='ltr'><strong><em>sub</em></strong></span> <span class='ocrx_word' id='word_1_150' title='bbox 772 2293 835 2354; x_wconf 89' lang='lat' dir='ltr'><strong><em>sale</em></strong></span> <span class='ocrx_word' id='word_1_151' title='bbox 858 2297 962 2373; x_wconf 78' lang='lat' dir='ltr'><strong><em>agitur,</em></strong></span> <span class='ocrx_word' id='word_1_152' title='bbox 986 2295 1153 2373; x_wconf 81' lang='lat' dir='ltr'><strong><em>significans</em></strong></span> <span class='ocrx_word' id='word_1_153' title='bbox 1176 2293 1313 2356; x_wconf 84' lang='lat' dir='ltr'><strong><em>videlieet</em></strong></span> 
     </span>
     <span class='ocr_line' id='line_1_20' title="bbox 306 2381 1311 2464; baseline 0 -20"><span class='ocrx_word' id='word_1_154' title='bbox 306 2401 339 2444; x_wconf 93' lang='lat' dir='ltr'><strong><em>ea</em></strong></span> <span class='ocrx_word' id='word_1_155' title='bbox 370 2381 458 2464; x_wconf 88' lang='lat' dir='ltr'><strong><em>mala,</em></strong></span> <span class='ocrx_word' id='word_1_156' title='bbox 490 2400 564 2462; x_wconf 90' lang='lat' dir='ltr'><strong><em>quae</em></strong></span> <span class='ocrx_word' id='word_1_157' title='bbox 595 2381 680 2442; x_wconf 87' lang='lat' dir='ltr'><strong><em>burris</em></strong></span> <span class='ocrx_word' id='word_1_158' title='bbox 710 2392 740 2444; x_wconf 91' lang='lat' dir='ltr'><strong><em>et</em></strong></span> <span class='ocrx_word' id='word_1_159' title='bbox 770 2381 853 2443; x_wconf 87' lang='lat' dir='ltr'><strong><em>malis</em></strong></span> <span class='ocrx_word' id='word_1_160' title='bbox 881 2382 1013 2442; x_wconf 88' lang='lat' dir='ltr'><strong><em>videmus</em></strong></span> <span class='ocrx_word' id='word_1_161' title='bbox 1040 2399 1107 2443; x_wconf 88' lang='lat' dir='ltr'><strong><em>esse</em></strong></span> <span class='ocrx_word' id='word_1_162' title='bbox 1136 2386 1311 2445; x_wconf 87' lang='lat' dir='ltr'><strong><em>communia.</em></strong></span> 
     </span>
     <span class='ocr_line' id='line_1_21' title="bbox 305 2469 1364 2553; baseline 0.001 -21"><span class='ocrx_word' id='word_1_163' title='bbox 305 2469 382 2532; x_wconf 84' lang='lat' dir='ltr'><strong><em>Dicit</em></strong></span> <span class='ocrx_word' id='word_1_164' title='bbox 406 2473 494 2531; x_wconf 87' lang='lat' dir='ltr'><strong><em>etiam</em></strong></span> <span class='ocrx_word' id='word_1_165' title='bbox 517 2469 602 2550; x_wconf 88' lang='lat' dir='ltr'><strong><em>illud,</em></strong></span> <span class='ocrx_word' id='word_1_166' title='bbox 631 2470 709 2549; x_wconf 90' lang='lat' dir='ltr'><strong><em>quod</em></strong></span> <span class='ocrx_word' id='word_1_167' title='bbox 733 2481 763 2531; x_wconf 88' lang='lat' dir='ltr'><strong><em>et</em></strong></span> <span class='ocrx_word' id='word_1_168' title='bbox 785 2470 856 2531; x_wconf 89' lang='lat' dir='ltr'><strong><em>bani</em></strong></span> <span class='ocrx_word' id='word_1_169' title='bbox 879 2472 1028 2550; x_wconf 90' lang='lat' dir='ltr'><strong><em>patiantur</em></strong></span> <span class='ocrx_word' id='word_1_170' title='bbox 1051 2469 1139 2553; x_wconf 85' lang='lat' dir='ltr'><strong><em>mala,</em></strong></span> <span class='ocrx_word' id='word_1_171' title='bbox 1163 2479 1311 2549; x_wconf 87' lang='lat' dir='ltr'><strong><em>tamquam</em></strong></span> <span class='ocrx_word' id='word_1_172' title='bbox 1330 2484 1364 2532; x_wconf 75' lang='lat'><strong><em>20</em></strong></span> 
     </span>
     <span class='ocr_line' id='line_1_22' title="bbox 305 2558 1312 2642; baseline 0 -22"><span class='ocrx_word' id='word_1_173' title='bbox 305 2559 374 2620; x_wconf 90' lang='lat' dir='ltr'><strong><em>mali</em></strong></span> <span class='ocrx_word' id='word_1_174' title='bbox 398 2561 465 2640; x_wconf 89' lang='lat' dir='ltr'><strong><em>sint,</em></strong></span> <span class='ocrx_word' id='word_1_175' title='bbox 489 2566 519 2620; x_wconf 90' lang='lat' dir='ltr'><strong><em>et</em></strong></span> <span class='ocrx_word' id='word_1_176' title='bbox 542 2558 623 2642; x_wconf 89' lang='lat' dir='ltr'><strong><em>mali,</em></strong></span> <span class='ocrx_word' id='word_1_177' title='bbox 646 2567 793 2637; x_wconf 88' lang='lat' dir='ltr'><strong><em>tamquam</em></strong></span> <span class='ocrx_word' id='word_1_178' title='bbox 818 2558 888 2619; x_wconf 87' lang='lat' dir='ltr'><strong><em>bani</em></strong></span> <span class='ocrx_word' id='word_1_179' title='bbox 912 2560 980 2640; x_wconf 86' lang='lat' dir='ltr'><strong><em>sint,</em></strong></span> <span class='ocrx_word' id='word_1_180' title='bbox 1003 2559 1203 2638; x_wconf 86' lang='lat' dir='ltr'><strong><em>adipiscantur</em></strong></span> <span class='ocrx_word' id='word_1_181' title='bbox 1225 2558 1312 2641; x_wconf 79' lang='lat' dir='ltr'><strong><em>bana,</em></strong></span> 
     </span>
     <span class='ocr_line' id='line_1_23' title="bbox 305 2647 1312 2728; baseline -0.001 -20"><span class='ocrx_word' id='word_1_182' title='bbox 305 2651 345 2709; x_wconf 91' lang='lat' dir='ltr'><strong><em>ita</em></strong></span> <span class='ocrx_word' id='word_1_183' title='bbox 376 2647 514 2725; x_wconf 84' lang='lat' dir='ltr'><strong><em>laquens:</em></strong></span> <span class='ocrx_word' id='word_1_184' title='bbox 542 2648 610 2722; x_wconf 85' lang='lat' dir='ltr'><strong><em>Est,</em></strong></span> <span class='ocrx_word' id='word_1_185' title='bbox 638 2650 750 2728; x_wconf 87' lang='lat' dir='ltr'><strong><em>inquit,</em></strong></span> <span class='ocrx_word' id='word_1_186' title='bbox 777 2652 910 2722; x_wconf 88' lang='lat' dir='ltr'><strong><em>vanitas,</em></strong></span> <span class='ocrx_word' id='word_1_187' title='bbox 939 2665 1019 2723; x_wconf 82' lang='lat' dir='ltr'><strong><em>avae</em></strong></span> <span class='ocrx_word' id='word_1_188' title='bbox 1042 2647 1131 2723; x_wconf 85' lang='lat' dir='ltr'><strong><em>sacta</em></strong></span> <span class='ocrx_word' id='word_1_189' title='bbox 1154 2655 1198 2709; x_wconf 90' lang='lat' dir='ltr'><strong><em>est</em></strong></span> <span class='ocrx_word' id='word_1_190' title='bbox 1219 2666 1312 2725; x_wconf 91' lang='grc' dir='ltr'><em>ευμεν</em></span> 
     </span>
     <span class='ocr_line' id='line_1_24' title="bbox 306 2735 1312 2817; baseline 0.001 -20"><span class='ocrx_word' id='word_1_191' title='bbox 306 2745 435 2817; x_wconf 88' lang='lat' dir='ltr'><strong><em>terram,</em></strong></span> <span class='ocrx_word' id='word_1_192' title='bbox 464 2739 537 2811; x_wconf 83' lang='lat' dir='ltr'><strong><em>avia</em></strong></span> <span class='ocrx_word' id='word_1_193' title='bbox 566 2743 636 2797; x_wconf 86' lang='lat' dir='ltr'><strong><em>sant</em></strong></span> <span class='ocrx_word' id='word_1_194' title='bbox 658 2739 742 2810; x_wconf 87' lang='lat' dir='ltr'><strong><em>insti,</em></strong></span> <span class='ocrx_word' id='word_1_195' title='bbox 768 2755 862 2812; x_wconf 85' lang='grc' dir='ltr'><em>ευμεν</em></span> <span class='ocrx_word' id='word_1_196' title='bbox 888 2753 962 2812; x_wconf 84' lang='lat' dir='ltr'><strong><em>qaas</em></strong></span> <span class='ocrx_word' id='word_1_197' title='bbox 992 2739 1074 2797; x_wconf 89' lang='lat' dir='ltr'><strong><em>venit</em></strong></span> <span class='ocrx_word' id='word_1_198' title='bbox 1094 2739 1174 2798; x_wconf 84' lang='lat' dir='ltr'><strong><em>sicat</em></strong></span> <span class='ocrx_word' id='word_1_199' title='bbox 1192 2735 1312 2814; x_wconf 80' lang='lat' dir='ltr'><strong><em>saetam</em></strong></span> 
     </span>
     <span class='ocr_line' id='line_1_25' title="bbox 305 2825 1311 2901; baseline 0.002 -17"><span class='ocrx_word' id='word_1_200' title='bbox 305 2827 477 2901; x_wconf 78' lang='lat' dir='ltr'><strong><em>impiarum,</em></strong></span> <span class='ocrx_word' id='word_1_201' title='bbox 505 2827 744 2900; x_wconf 75' lang='lat' dir='ltr'><strong><em>ammiranti,</em></strong></span> <span class='ocrx_word' id='word_1_202' title='bbox 771 2843 865 2901; x_wconf 90' lang='grc' dir='ltr'><em>ευμεν</em></span> <span class='ocrx_word' id='word_1_203' title='bbox 892 2841 966 2899; x_wconf 81' lang='lat' dir='ltr'><strong><em>qaas</em></strong></span> <span class='ocrx_word' id='word_1_204' title='bbox 993 2827 1074 2885; x_wconf 86' lang='lat' dir='ltr'><strong><em>venit</em></strong></span> <span class='ocrx_word' id='word_1_205' title='bbox 1094 2829 1175 2886; x_wconf 85' lang='lat' dir='ltr'><strong><em>sieut</em></strong></span> <span class='ocrx_word' id='word_1_206' title='bbox 1192 2825 1311 2901; x_wconf 83' lang='lat' dir='ltr'><strong><em>saetam</em></strong></span> 
     </span>
     <span class='ocr_line' id='line_1_26' title="bbox 305 2913 1363 2989; baseline 0 -16"><span class='ocrx_word' id='word_1_207' title='bbox 305 2917 460 2974; x_wconf 85' lang='lat' dir='ltr'><strong><em>iustarum.</em></strong></span> <span class='ocrx_word' id='word_1_208' title='bbox 507 2913 583 2972; x_wconf 85' lang='lat' dir='ltr'><strong><em>Dixi</em></strong></span> <span class='ocrx_word' id='word_1_209' title='bbox 613 2916 754 2987; x_wconf 83' lang='lat' dir='ltr'><strong><em>ananiam</em></strong></span> <span class='ocrx_word' id='word_1_210' title='bbox 786 2915 845 2974; x_wconf 84' lang='lat' dir='ltr'><strong><em>irae</em></strong></span> <span class='ocrx_word' id='word_1_211' title='bbox 874 2929 992 2989; x_wconf 81' lang='lat' dir='ltr'><strong><em>qnoque</em></strong></span> <span class='ocrx_word' id='word_1_212' title='bbox 1023 2917 1149 2975; x_wconf 86' lang='lat' dir='ltr'><strong><em>vanitas.</em></strong></span> <span class='ocrx_word' id='word_1_213' title='bbox 1195 2913 1229 2974; x_wconf 90' lang='lat' dir='ltr'><strong><em>ln</em></strong></span> <span class='ocrx_word' id='word_1_214' title='bbox 1255 2913 1311 2975; x_wconf 89' lang='lat' dir='ltr'><strong><em>hac</em></strong></span> <span class='ocrx_word' id='word_1_215' title='bbox 1329 2925 1363 2974; x_wconf 76' lang='lat' dir='ltr'><strong><em>aa</em></strong></span> 
     </span>
     <span class='ocr_line' id='line_1_27' title="bbox 305 3001 1310 3080; baseline 0.003 -20"><span class='ocrx_word' id='word_1_216' title='bbox 305 3003 446 3080; x_wconf 88' lang='lat' dir='ltr'><strong><em>vanitate,</em></strong></span> <span class='ocrx_word' id='word_1_217' title='bbox 478 3003 527 3060; x_wconf 90' lang='lat' dir='ltr'><strong><em>cui</em></strong></span> <span class='ocrx_word' id='word_1_218' title='bbox 555 3008 696 3078; x_wconf 89' lang='lat' dir='ltr'><strong><em>quantum</em></strong></span> <span class='ocrx_word' id='word_1_219' title='bbox 725 3003 796 3061; x_wconf 88' lang='lat' dir='ltr'><strong><em>satis</em></strong></span> <span class='ocrx_word' id='word_1_220' title='bbox 823 3003 918 3062; x_wconf 89' lang='lat' dir='ltr'><strong><em>visum</em></strong></span> <span class='ocrx_word' id='word_1_221' title='bbox 946 3010 992 3060; x_wconf 90' lang='lat' dir='ltr'><strong><em>est</em></strong></span> <span class='ocrx_word' id='word_1_222' title='bbox 1015 3001 1192 3062; x_wconf 88' lang='lat' dir='ltr'><strong><em>intimandae</em></strong></span> <span class='ocrx_word' id='word_1_223' title='bbox 1215 3009 1310 3063; x_wconf 89' lang='lat' dir='ltr'><strong><em>tatum</em></strong></span> 
     </span>
     <span class='ocr_line' id='line_1_28' title="bbox 305 3083 1310 3170; baseline 0.001 -22"><span class='ocrx_word' id='word_1_224' title='bbox 305 3091 395 3149; x_wconf 84' lang='lat' dir='ltr'><strong><em>istum</em></strong></span> <span class='ocrx_word' id='word_1_225' title='bbox 418 3087 526 3148; x_wconf 91' lang='lat' dir='ltr'><strong><em>librum</em></strong></span> <span class='ocrx_word' id='word_1_226' title='bbox 550 3090 594 3148; x_wconf 85' lang='lat' dir='ltr'><strong><em>vir</em></strong></span> <span class='ocrx_word' id='word_1_227' title='bbox 617 3091 853 3168; x_wconf 85' lang='lat' dir='ltr'><strong><em>sapientissimus</em></strong></span> <span class='ocrx_word' id='word_1_228' title='bbox 875 3089 1025 3167; x_wconf 87' lang='lat' dir='ltr'><strong><em>deputavit</em></strong></span> <span class='ocrx_word' id='word_1_229' title='bbox 1049 3083 1124 3170; x_wconf 90' lang='lat' dir='ltr'><strong><em>(non</em></strong></span> <span class='ocrx_word' id='word_1_230' title='bbox 1146 3092 1249 3168; x_wconf 89' lang='lat' dir='ltr'><strong><em>utique</em></strong></span> <span class='ocrx_word' id='word_1_231' title='bbox 1273 3089 1310 3150; x_wconf 89' lang='lat' dir='ltr'><strong><em>ab</em></strong></span> 
     </span>
     <span class='ocr_line' id='line_1_29' title="bbox 305 3176 1310 3256; baseline 0.001 -20"><span class='ocrx_word' id='word_1_232' title='bbox 305 3177 392 3256; x_wconf 87' lang='lat' dir='ltr'><strong><em>aliud,</em></strong></span> <span class='ocrx_word' id='word_1_233' title='bbox 417 3178 473 3236; x_wconf 88' lang='lat' dir='ltr'><strong><em>uisi</em></strong></span> <span class='ocrx_word' id='word_1_234' title='bbox 492 3185 526 3237; x_wconf 90' lang='lat' dir='ltr'><strong><em>ut</em></strong></span> <span class='ocrx_word' id='word_1_235' title='bbox 544 3194 608 3240; x_wconf 87' lang='lat' dir='ltr'><strong><em>eam</em></strong></span> <span class='ocrx_word' id='word_1_236' title='bbox 626 3179 714 3237; x_wconf 85' lang='lat' dir='ltr'><strong><em>vitam</em></strong></span> <span class='ocrx_word' id='word_1_237' title='bbox 738 3176 950 3256; x_wconf 84' lang='lat' dir='ltr'><strong><em>desideremus,</em></strong></span> <span class='ocrx_word' id='word_1_238' title='bbox 973 3194 1047 3254; x_wconf 88' lang='lat' dir='ltr'><strong><em>quae</em></strong></span> <span class='ocrx_word' id='word_1_239' title='bbox 1073 3179 1228 3238; x_wconf 87' lang='lat' dir='ltr'><strong><em>vanitatem</em></strong></span> <span class='ocrx_word' id='word_1_240' title='bbox 1252 3195 1310 3237; x_wconf 90' lang='lat' dir='ltr'><strong><em>nou</em></strong></span> 
     </span>
     <span class='ocr_line' id='line_1_30' title="bbox 305 3263 1311 3343; baseline 0.001 -20"><span class='ocrx_word' id='word_1_241' title='bbox 305 3264 394 3325; x_wconf 90' lang='lat' dir='ltr'><strong><em>habet</em></strong></span> <span class='ocrx_word' id='word_1_242' title='bbox 417 3263 472 3324; x_wconf 90' lang='lat' dir='ltr'><strong><em>suh</em></strong></span> <span class='ocrx_word' id='word_1_243' title='bbox 491 3263 548 3325; x_wconf 89' lang='lat' dir='ltr'><strong><em>hac</em></strong></span> <span class='ocrx_word' id='word_1_244' title='bbox 567 3263 637 3343; x_wconf 88' lang='lat' dir='ltr'><strong><em>sole,</em></strong></span> <span class='ocrx_word' id='word_1_245' title='bbox 661 3264 712 3325; x_wconf 91' lang='lat' dir='ltr'><strong><em>sed</em></strong></span> <span class='ocrx_word' id='word_1_246' title='bbox 737 3268 889 3325; x_wconf 89' lang='lat' dir='ltr'><strong><em>veritatem</em></strong></span> <span class='ocrx_word' id='word_1_247' title='bbox 913 3263 968 3324; x_wconf 88' lang='lat' dir='ltr'><strong><em>sub</em></strong></span> <span class='ocrx_word' id='word_1_248' title='bbox 993 3264 1041 3324; x_wconf 86' lang='lat' dir='ltr'><strong><em>ilia</em></strong></span> <span class='ocrx_word' id='word_1_249' title='bbox 1065 3267 1116 3342; x_wconf 90' lang='lat' dir='ltr'><strong><em>qui</em></strong></span> <span class='ocrx_word' id='word_1_250' title='bbox 1139 3266 1209 3325; x_wconf 87' lang='lat' dir='ltr'><strong><em>iecit</em></strong></span> <span class='ocrx_word' id='word_1_251' title='bbox 1232 3263 1311 3325; x_wconf 88' lang='lat' dir='ltr'><strong><em>hrmc</em></strong></span> 
     </span>
     <span class='ocr_line' id='line_1_31' title="bbox 306 3346 1364 3434; baseline 0.002 -23"><span class='ocrx_word' id='word_1_252' title='bbox 306 3346 422 3434; x_wconf 88' lang='lat' dir='ltr'><strong><em>solem),</em></strong></span> <span class='ocrx_word' id='word_1_253' title='bbox 446 3383 488 3394; x_wconf 92' lang='lat'>-</span> <span class='ocrx_word' id='word_1_254' title='bbox 511 3354 542 3412; x_wconf 91' lang='lat' dir='ltr'><strong><em>in</em></strong></span> <span class='ocrx_word' id='word_1_255' title='bbox 573 3352 627 3412; x_wconf 88' lang='lat' dir='ltr'><strong><em>hac</em></strong></span> <span class='ocrx_word' id='word_1_256' title='bbox 650 3370 721 3431; x_wconf 81' lang='lat' dir='ltr'><strong><em>erga</em></strong></span> <span class='ocrx_word' id='word_1_257' title='bbox 746 3356 872 3413; x_wconf 89' lang='lat' dir='ltr'><strong><em>vanitate</em></strong></span> <span class='ocrx_word' id='word_1_258' title='bbox 899 3351 1043 3430; x_wconf 88' lang='lat' dir='ltr'><strong><em>numquid</em></strong></span> <span class='ocrx_word' id='word_1_259' title='bbox 1072 3353 1130 3411; x_wconf 91' lang='lat' dir='ltr'><strong><em>nisi</em></strong></span> <span class='ocrx_word' id='word_1_260' title='bbox 1157 3353 1235 3413; x_wconf 87' lang='lat' dir='ltr'><strong><em>iusta</em></strong></span> <span class='ocrx_word' id='word_1_261' title='bbox 1258 3351 1312 3414; x_wconf 82' lang='lat' dir='ltr'><strong><em>liei</em></strong></span> <span class='ocrx_word' id='word_1_262' title='bbox 1329 3366 1364 3415; x_wconf 82' lang='lat'><strong><em>30</em></strong></span> 
     </span>
    </p>
   </div>
   <div class='ocr_carea' id='block_1_5' title="bbox 373 3469 1314 3544">
    <p class='ocr_par' dir='ltr' id='par_1_5' title="bbox 373 3469 1314 3544">
     <span class='ocr_line' id='line_1_32' title="bbox 373 3469 1314 3544; baseline -0.001 -17"><span class='ocrx_word' id='word_1_263' title='bbox 373 3475 399 3544; x_wconf 78' lang='lat'><strong><em>9)</em></strong></span> <span class='ocrx_word' id='word_1_264' title='bbox 417 3473 508 3528; x_wconf 83' lang='lat' dir='ltr'><strong><em>Eeele.</em></strong></span> <span class='ocrx_word' id='word_1_265' title='bbox 530 3478 558 3538; x_wconf 87' lang='lat'><strong><em>1,</em></strong></span> <span class='ocrx_word' id='word_1_266' title='bbox 574 3477 641 3538; x_wconf 76' lang='lat' dir='ltr'><strong><em>tsq.</em></strong></span> <span class='ocrx_word' id='word_1_267' title='bbox 697 3473 740 3541; x_wconf 78' lang='lat'><strong><em>17)</em></strong></span> <span class='ocrx_word' id='word_1_268' title='bbox 759 3469 848 3524; x_wconf 84' lang='lat' dir='ltr'><strong><em>Ecele.</em></strong></span> <span class='ocrx_word' id='word_1_269' title='bbox 869 3476 998 3538; x_wconf 84' lang='lat' dir='ltr'><strong><em>2‚1asq.</em></strong></span> <span class='ocrx_word' id='word_1_270' title='bbox 1055 3475 1099 3540; x_wconf 76' lang='lat'><strong><em>26)</em></strong></span> <span class='ocrx_word' id='word_1_271' title='bbox 1117 3471 1208 3525; x_wconf 82' lang='lat' dir='ltr'><strong><em>Eccle.</em></strong></span> <span class='ocrx_word' id='word_1_272' title='bbox 1228 3476 1314 3538; x_wconf 79' lang='lat'><strong><em>8,14.</em></strong></span> 
     </span>
    </p>
   </div>
   <div class='ocr_carea' id='block_1_6' title="bbox 301 3606 1316 3826">
    <p class='ocr_par' dir='ltr' id='par_1_6' title="bbox 301 3606 1316 3826">
     <span class='ocr_line' id='line_1_33' title="bbox 374 3606 1314 3683; baseline 0.002 -17"><span class='ocrx_word' id='word_1_273' title='bbox 374 3620 388 3666; x_wconf 78' lang='grc'><strong>7</strong></span> <span class='ocrx_word' id='word_1_274' title='bbox 404 3614 595 3668; x_wconf 75' lang='lat' dir='ltr'><strong><em>uanitantium</em></strong></span> <span class='ocrx_word' id='word_1_275' title='bbox 605 3612 778 3683; x_wconf 76' lang='lat' dir='ltr'><strong><em>RAab¹9a3</em></strong></span> <span class='ocrx_word' id='word_1_276' title='bbox 793 3611 952 3665; x_wconf 76' lang='lat' dir='ltr'><strong><em>natantium</em></strong></span> <span class='ocrx_word' id='word_1_277' title='bbox 962 3612 1001 3677; x_wconf 54' lang='grc' dir='ltr'><strong><em>εις</em></strong></span> <span class='ocrx_word' id='word_1_278' title='bbox 1013 3606 1174 3666; x_wconf 74' lang='lat' dir='ltr'><strong><em>uanitatem</em></strong></span> <span class='ocrx_word' id='word_1_279' title='bbox 1186 3611 1314 3682; x_wconf 65' lang='lat' dir='ltr'><strong><em>a¹ae¹p3</em></strong></span> 
     </span>
     <span class='ocr_line' id='line_1_34' title="bbox 301 3683 1316 3756; baseline -0.002 -16"><span class='ocrx_word' id='word_1_280' title='bbox 301 3689 336 3754; x_wconf 79' lang='lat' dir='ltr'><strong><em>ef.</em></strong></span> <span class='ocrx_word' id='word_1_281' title='bbox 347 3685 467 3740; x_wconf 81' lang='lat' dir='ltr'><strong><em>Retraat.</em></strong></span> <span class='ocrx_word' id='word_1_282' title='bbox 479 3691 503 3752; x_wconf 86' lang='lat'><strong><em>1,</em></strong></span> <span class='ocrx_word' id='word_1_283' title='bbox 515 3689 562 3750; x_wconf 80' lang='grc'><strong><em>7,3</em></strong></span> <span class='ocrx_word' id='word_1_284' title='bbox 577 3686 586 3753; x_wconf 67' lang='lat' dir='ltr'><strong><em>ii</em></strong></span> <span class='ocrx_word' id='word_1_285' title='bbox 600 3689 616 3737; x_wconf 87' lang='lat'>8</span> <span class='ocrx_word' id='word_1_286' title='bbox 629 3683 723 3737; x_wconf 87' lang='lat' dir='ltr'><strong><em>omnia</em></strong></span> <span class='ocrx_word' id='word_1_287' title='bbox 733 3683 867 3751; x_wconf 74' lang='lat' dir='ltr'><strong><em>RAaep</em></strong></span> <span class='ocrx_word' id='word_1_288' title='bbox 880 3699 928 3737; x_wconf 87' lang='lat' dir='ltr'><strong><em>sec.</em></strong></span> <span class='ocrx_word' id='word_1_289' title='bbox 942 3684 1056 3749; x_wconf 80' lang='lat' dir='ltr'><strong><em>Graee.;</em></strong></span> <span class='ocrx_word' id='word_1_290' title='bbox 1070 3686 1099 3737; x_wconf 76' lang='lat' dir='ltr'><strong><em>et</em></strong></span> <span class='ocrx_word' id='word_1_291' title='bbox 1110 3700 1181 3737; x_wconf 89' lang='lat' dir='ltr'><strong><em>omn.</em></strong></span> <span class='ocrx_word' id='word_1_292' title='bbox 1193 3684 1316 3756; x_wconf 48' lang='lat' dir='ltr'><strong><em>*abaci</em></strong></span> 
     </span>
     <span class='ocr_line' id='line_1_35' title="bbox 302 3754 908 3826; baseline -0.007 -14"><span class='ocrx_word' id='word_1_293' title='bbox 302 3763 337 3812; x_wconf 73' lang='lat'><strong><em>28</em></strong></span> <span class='ocrx_word' id='word_1_294' title='bbox 356 3757 430 3826; x_wconf 87' lang='lat' dir='ltr'><strong><em>eam]</em></strong></span> <span class='ocrx_word' id='word_1_295' title='bbox 449 3756 563 3809; x_wconf 81' lang='lat' dir='ltr'><strong><em>beatam</em></strong></span> <span class='ocrx_word' id='word_1_296' title='bbox 582 3757 609 3809; x_wconf 79' lang='lat' dir='ltr'><strong><em>A</em></strong></span> <span class='ocrx_word' id='word_1_297' title='bbox 628 3757 637 3825; x_wconf 68' lang='lat' dir='ltr'><strong><em>ii</em></strong></span> <span class='ocrx_word' id='word_1_298' title='bbox 656 3754 875 3808; x_wconf 84' lang='lat' dir='ltr'><strong><em>desideraremus</em></strong></span> <span class='ocrx_word' id='word_1_299' title='bbox 895 3771 908 3808; x_wconf 88' lang='lat' dir='ltr'><strong><em>e</em></strong></span> 
     </span>
    </p>
   </div>
   <div class='ocr_carea' id='block_1_7' title="bbox 0 0 1650 4459">
    <p class='ocr_par' dir='ltr' id='par_1_7' title="bbox 0 0 1650 4459">
     <span class='ocr_line' id='line_1_36' title="bbox 0 0 1650 4459; baseline 0 0"><span class='ocrx_word' id='word_1_300' title='bbox 0 0 1650 4459; x_wconf 95' lang='lat' dir='ltr'><strong><em> </em></strong></span> 
     </span>
    </p>
   </div>
  </div>
 </body>
</html>
