3284 4459
573 493 614 533 nu
629 493 770 533 emmanu
783 494 837 533 nur
849 494 875 535 u.
890 494 953 535 xxr.
968 494 990 535 c.
1005 497 1037 536 so.
1237 480 1301 543 543

284 645 353 695 ‚non
382 629 509 687 moritur
535 634 566 687 et
596 629 672 705 ignis
694 646 754 687 non
777 630 975 709 extinguitur,
1008 648 1066 706 quo
1090 628 1302 689 cruciabuntur

295 715 341 774 die
365 733 399 775 ao
423 724 509 775 nocte
532 718 563 775 in
586 716 703 775 saecula
726 716 920 776 saeculorum.
948 712 951 715 ’

383 803 456 864 Post
483 806 570 865 istius
600 822 671 864 sane
701 806 835 883 corporis
863 813 1004 885 mortem,
1033 804 1127 865 donec
1155 804 1190 865 ad
1220 804 1302 867 illurn

294 893 444 972 veniatur,
471 894 523 970 qui
549 901 617 971 post
644 895 895 953 resurrectionem
923 911 1082 971 corporum
1109 894 1229 955 futurus
1257 901 1304 954 est

293 979 492 1040 damnationis
520 988 552 1041 et
577 983 826 1046 remunerationis
850 981 971 1041 ultimus
994 980 1071 1060 dies,
1099 984 1125 1041 si
1147 982 1203 1041 hoc
1227 990 1299 1043 tem·
1320 994 1335 1041 5

295 1070 379 1147 poris
401 1067 554 1129 intervallo
573 1071 696 1147 spiritus
719 1069 927 1130 detunctorum
950 1071 1014 1129 eius
1037 1069 1117 1130 rnodi
1139 1072 1238 1148 ignem
1261 1069 1302 1130 di-

296 1164 408 1216 cuutur
425 1158 550 1236 perpeti,
573 1175 662 1234 quem
680 1175 739 1217 non
759 1160 888 1217 sentiant
905 1157 956 1238 iili,
979 1159 1030 1235 qui
1053 1175 1111 1217 non
1135 1157 1303 1219 habuerunt

294 1244 370 1304 tales
392 1262 504 1306 mores,
519 1254 549 1304 et
576 1262 691 1305 amores
720 1248 751 1304 in
774 1245 863 1305 huius
887 1248 1020 1324 corporis
1044 1247 1115 1326 vita,
1143 1254 1301 1305 uteorum

295 1332 374 1411 tigna
397 1341 428 1394 et
445 1335 546 1394 fenum
564 1344 594 1395 et
610 1336 718 1414 stipula
732 1343 936 1417 consumatum
955 1336 1005 1396 alii
1017 1353 1087 1395 vero
1103 1336 1239 1412 sentiant,
1251 1336 1301 1412 qni

296 1422 361 1480 eius
388 1422 468 1481 modi
495 1438 596 1481 secum
625 1421 757 1481 aedificia
783 1430 991 1502 portaverunt,
1027 1423 1088 1481 sive
1118 1420 1159 1481 ihi
1187 1430 1301 1481 tantum
1323 1434 1354 1482 10

295 1511 357 1569 sive
385 1516 416 1570 et
442 1508 490 1569 hic
517 1517 549 1570 et
574 1508 616 1569 ihi
647 1511 708 1571 sive
735 1510 802 1569 ideo
831 1509 879 1569 hio
907 1519 940 1571 ut
972 1527 1032 1569 non
1060 1508 1102 1570 ibi
1132 1509 1303 1590 saecularia,

297 1598 430 1674 quamvis
448 1615 465 1656 a
483 1597 671 1658 damnatione
692 1598 822 1678 venialia,
846 1606 1083 1659 concremantem
1106 1600 1206 1677 ignem
1223 1610 1302 1659 tran-

297 1686 417 1745 sitoriae
446 1685 645 1746 tribulationis
667 1688 830 1747 inveniant:
859 1704 918 1745 non
941 1686 1102 1766 redarguo,
1125 1688 1194 1765 quia
1217 1686 1302 1747 forsi-

298 1779 348 1832 tan
379 1791 484 1834 verum
515 1781 569 1834 est.
621 1774 724 1835 Potest
755 1777 864 1853 quippe
897 1773 934 1834 ad
964 1776 1050 1835 istam
1083 1773 1303 1847 tribulationem

295 1863 449 1946 pertinere
480 1864 568 1922 etiam
594 1880 676 1923 mors
693 1864 759 1941 ipsa
780 1864 891 1941 carnis,
922 1880 996 1941 quae
1020 1862 1056 1923 de
1080 1866 1168 1941 primi
1189 1866 1304 1943 peccati
1325 1878 1355 1923 15
1433 1862 1434 1865 ’

297 1952 518 2028 perpetratione
545 1959 689 2029 concepta
716 1960 776 2029 est,
806 1958 840 2010 ut
867 1951 1031 2011 secundum
1059 1953 1202 2029 cuiusque
1225 1951 1302 2013 aedi·

298 2038 398 2097 tioium
417 2045 534 2117 tempus
553 2038 631 2116 quod
651 2056 715 2098 eam
733 2041 869 2116 seqnitur
889 2038 925 2099 ab
948 2056 1127 2117 unoquoque
1151 2042 1303 2101 sentiatur.

296 2121 530 2186 Persecutiones¹
554 2144 686 2206 quoque,
714 2126 822 2203 quibus
850 2135 994 2206 martyres
1022 2130 1154 2187 coronati
1181 2136 1304 2189 suntet

299 2231 372 2291 quas
394 2216 550 2292 patiuntur
573 2216 752 2292 quicumque
771 2214 938 2295 Christiani,
959 2214 1086 2294 probant
1107 2223 1233 2293 utraque
1257 2234 1303 2277 ac-

297 2301 395 2361 dificia
421 2301 502 2362 velut
529 2303 606 2380 ignis
634 2311 664 2362 et
691 2303 746 2362 alia
778 2310 958 2363 consumunt
985 2321 1053 2363 cum
1074 2305 1147 2381 ipsis
1170 2303 1302 2364 aedifica·
1322 2318 1355 2367 ‘20

296 2389 428 2470 toribus,
456 2391 481 2449 si
504 2388 655 2451 Christum
684 2393 714 2450 in
742 2393 785 2450 eis
808 2409 869 2452 non
890 2393 1044 2451 inveniunt
1067 2389 1304 2473 fundamentum

299 2477 355 2537 alia
378 2479 442 2538 sine
469 2480 558 2558 ipsis,
585 2480 611 2538 si
637 2481 803 2554 inveniunt,
832 2480 900 2557 quia
922 2479 992 2539 iicet
1013 2497 1081 2539 cum
1104 2478 1210 2539 damno
1233 2480 1304 2541 salvi

298 2574 388 2626 erunt
409 2568 480 2646 ipsi5
503 2566 557 2627 alia
580 2585 650 2627 vero
675 2586 735 2627 non
758 2576 947 2648 consumunt,
970 2570 1038 2645 quia
1060 2566 1127 2627 taiia
1150 2571 1304 2647 reperiunt

299 2671 375 2734 quae
403 2664 540 2715 maneant
567 2657 598 2715 in
625 2664 785 2716 aeternum.
835 2655 900 2716 Erit
929 2658 1017 2716 etiam
1046 2657 1078 2715 in
1099 2657 1164 2716 tine
1194 2657 1303 2717 saeculi

299 2740 450 2803 tribulatio
474 2752 606 2823 tempore
625 2744 808 2824 Antichristi,
831 2744 925 2822 qualis
947 2762 1108 2827 numquam
1131 2754 1217 2805 antea
1239 2746 1302 2806 suit.
1322 2759 1355 2807 ao

298 2830 394 2901 Quam
421 2831 513 2891 multe
540 2841 629 2892 erunt
655 2842 727 2893 tunc
754 2832 898 2913 aedificia,
925 2834 986 2892 sive
1013 2850 1102 2893 aurea
1126 2836 1186 2893 sive
1210 2834 1302 2909 tenea,

297 2936 388 2997 super
411 2922 554 2998 optimum
579 2920 812 2999 fundamentum,
835 2919 913 2998 quod
937 2930 983 2981 cst
1001 2919 1136 2982 Christus
1155 2921 1247 3002 lesus,
1270 2932 1303 2983 ut

296 3008 374 3085 ignis
393 3005 442 3067 iiie
466 3006 572 3086 probet
594 3016 719 3087 utraque
743 3017 774 3069 et
795 3008 832 3069 de
856 3009 919 3069 aliis
942 3009 1090 3089 gandium,
1113 3010 1149 3070 de
1173 3010 1236 3069 aliis
1258 3012 1301 3070 in·

297 3096 373 3154 ierat
396 3095 548 3176 damnum,
572 3104 695 3156 neutros
717 3106 816 3157 tamen
839 3096 956 3178 perdat,
979 3099 1010 3158 in
1033 3097 1141 3175 quihus
1164 3098 1237 3157 haec
1258 3100 1302 3157 in·

297 3184 409 3260 veniet,
431 3192 556 3261 propter
576 3183 680 3243 stabile
704 3183 940 3245 tundamentum!
986 3184 1171 3263 Quicumque
1196 3194 1302 3266 autern,
1321 3200 1355 3248 30

296 3286 356 3329 non
375 3270 441 3331 dico
461 3288 593 3352 uxorem,
617 3274 703 3332 cuius
721 3274 809 3332 etiam
829 3274 1036 3332 commixtione
1060 3276 1157 3333 carnis
1181 3272 1216 3332 ad
1240 3291 1302 3333 car-

298 3357 396 3419 nalem
427 3358 523 3417 utitur
553 3356 744 3435 voluptatem,
777 3356 830 3416 sed
862 3358 927 3435 ipsa
958 3375 1034 3436 quae
1065 3357 1100 3418 ab
1129 3361 1193 3419 eius
1221 3361 1301 3419 modi

362 3467 388 3534 1)
406 3464 457 3518 Mr.
477 3469 502 3530 o,
517 3462 679 3517 44-usai.
699 3467 742 3530 oo,
757 3468 809 3517 oca
859 3466 886 3533 2)
906 3464 990 3533 upon.
1010 3469 1110 3532 20,1o.

363 3596 514 3651 1moritu1
532 3638 539 3651 .
554 3638 561 3653 .
579 3594 753 3665 mengono
775 3582 912 3664 noenu*
935 3598 1094 3667 (533,15);
1118 3598 1253 3653 morietur
1271 3640 1299 3657 ..

289 3675 504 3772 extinguiturffi
517 3700 683 3755 morietur..
694 3700 873 3770 extinguetur
883 3700 1002 3757 AGodo
1016 3704 1025 3772 ΙΙ
1039 3706 1055 3756 8
1069 3701 1148 3773 ligno
1162 3706 1191 3759 et
1204 3704 1300 3759 fenum

289 3778 319 3830 et
341 3774 406 3842 stip.
425 3773 573 3841 receptu
596 3772 687 3841 ligna,
709 3771 818 3839 fenum,
842 3771 907 3841 stip.
925 3788 942 3827 o
962 3771 1008 3841 (cf.
1027 3776 1090 3841 542,
1105 3778 1134 3844 6)
1155 3777 1165 3846 ΙΙ
1186 3780 1218 3831 16
1238 3776 1300 3845 ipso

287 3862 364 3900 mora
382 3847 431 3899 Ao
443 3845 453 3913 i
466 3849 500 3897 32
517 3842 601 3897 huius
619 3843 669 3897 Ao
