3284 4459
364 498 425 561 128
755 511 776 554 s
789 512 950 554 auousrrur

361 662 485 722 nemque
508 645 596 706 huius
623 649 747 706 nominis
774 646 912 709 reddens:
944 648 1022 720 Ouio
1049 652 1081 710 in
1104 651 1220 730 diebus,
1247 651 1357 730 inquit,

361 735 425 792 eius
443 734 539 792 divisa
557 738 601 794 est
618 739 711 793 terra.
747 733 809 813 Hoc
827 744 924 794 autem
947 735 1017 811 quid
1039 738 1086 815 sit,
1108 746 1210 814 postea
1232 753 1355 814 appare·

361 817 412 878 bit.
455 817 536 878 Alius
554 837 633 899 vero,
655 821 706 897 qui
724 829 810 882 natus
829 829 875 881 est
891 841 927 881 ex
945 821 1051 902 Heber,
1074 824 1176 900 genuit
1197 822 1355 884 duodecim

362 905 448 985 filios3
478 924 512 964 ac
538 925 591 985 per
619 906 674 966 hoc
701 907 775 968 fiunt
802 926 903 968 omnes
932 911 1078 987 progeniti
1098 909 1135 969 de
1159 909 1227 969 Sem
1250 912 1356 988 viginti

326 1003 344 1052 o
362 1000 481 1069 septem.
525 993 559 1053 lu
577 1011 689 1053 summa
707 996 796 1070 igitur
818 1012 919 1055 omues
942 998 1086 1074 progeniti
1108 996 1144 1055 de
1167 996 1263 1056 trihus
1286 997 1355 1056 filiis
1383 1056 1387 1063 ,

360 1078 431 1157 Noe,
453 1079 482 1139 id
506 1089 551 1139 est
569 1079 736 1157 quindecim
758 1081 795 1140 de
810 1081 939 1159 iapheth,
962 1085 1081 1159 triginta
1103 1101 1180 1142 unus
1203 1083 1239 1143 de
1253 1082 1355 1162 Cham,
1383 1069 1387 1090 '

360 1167 461 1244 viginti
484 1175 595 1244 septem
614 1167 649 1226 de
668 1166 736 1226 Sem
758 1169 834 1227 fiunt
855 1171 1037 1246 septuaginta
1060 1177 1129 1229 tres.
1173 1169 1283 1229 Deinde
1306 1189 1353 1230 se-

360 1254 461 1330 quitur
492 1256 637 1332 scriptura
664 1254 778 1314 dicens:
813 1255 857 1315 Hi
882 1259 942 1328 filii
971 1257 1039 1315 Sem
1065 1259 1098 1316 in
1124 1259 1261 1317 tribubus
1289 1261 1355 1318 suis

360 1342 524 1400 secundum
550 1344 669 1415 linguas
697 1359 769 1402 snos
797 1345 830 1402 in
858 1345 1031 1416 regionibns
1056 1346 1119 1403 sets
1145 1350 1176 1404 et
1203 1347 1235 1404 in
1255 1348 1353 1418 penti-

311 1437 343 1488 10
362 1429 415 1486 tus
436 1430 515 1499 suts‚·
536 1429 665 1504 itemque
687 1427 724 1488 de
747 1428 896 1489 omnihus:
915 1429 1011 1503 Haec,
1034 1431 1139 1509 inquit,
1158 1432 1256 1490 tribus
1274 1435 1354 1502 fitio-

361 1530 429 1572 rum
442 1514 505 1574 Noe
521 1517 685 1574 secundum
700 1519 911 1589 generationes
932 1533 1043 1589 eorum,
1064 1519 1228 1577 secundum
1248 1526 1355 1591 nentes

361 1617 472 1660 eorum.
507 1603 553 1660 Aa
570 1603 617 1661 tis
635 1603 789 1676 daspersae
805 1610 876 1662 sunt
893 1606 1009 1668 insulae
1024 1607 1159 1677 gentium
1179 1622 1271 1680 super
1292 1612 1353 1665 ter·

361 1703 428 1746 rom
451 1695 520 1763 post
547 1690 697 1748 diluuium.
741 1687 825 1748 Unde
853 1689 998 1765 colligitur
1018 1692 1201 1768 septuaginta
1223 1699 1284 1750 tres
1307 1691 1354 1751 vei

360 1775 458 1851 potius
495 1767 588 1854 (quod
624 1783 726 1852 postea
760 1771 1025 1855 demonstrabitur)
1061 1779 1245 1856 septuaginta
1280 1777 1353 1838 duas

310 1868 342 1920 1⁶
360 1868 462 1938 gentes
493 1869 563 1920 tunc
596 1861 699 1941 fuisse,
731 1879 790 1921 non
821 1862 963 1922 homiues.
1006 1863 1078 1922 Nam
1105 1872 1136 1924 et
1156 1867 1253 1942 prius,
1284 1883 1354 1925 cum

360 1948 484 2007 fuissent
507 1950 724 2008 commemorati
746 1948 944 2029 cistophori,
966 1952 1006 2009 ita
1029 1950 1199 2011 conclusum
1221 1961 1280 2013 est:
1303 1953 1354 2012 Ec

356 2039 403 2098 his
425 2044 605 2111 segregatae
631 2039 701 2096 sunt
723 2039 841 2098 insulae
860 2040 994 2110 nentium
1016 2038 1048 2095 in
1070 2042 1157 2096 terro
1178 2055 1248 2110 suo,
1275 2055 1356 2097 unns

357 2127 482 2198 quasque
502 2127 667 2184 secundum
694 2127 830 2198 linquam
852 2126 884 2184 in
906 2125 1045 2184 tributus
1066 2126 1130 2184 suis
1153 2131 1183 2184 et
1205 2126 1236 2184 in
1256 2129 1354 2198 penti·

358 2213 413 2272 bos
434 2214 505 2272 suis.

305 2304 341 2354 20
446 2297 506 2358 Iam
528 2316 598 2358 vero
621 2299 651 2358 in
674 2298 742 2358 filus
761 2297 851 2357 Cham
873 2298 1000 2375 quodam
1016 2297 1082 2357 loco
1100 2299 1233 2375 apertius
1250 2305 1354 2375 gentes

357 2394 600 2447 commemoratae
624 2393 701 2464 sunt,
724 2387 801 2445 sicut
823 2387 961 2463 superius
979 2384 1103 2445 ostendi.
1139 2386 1286 2446 Mesroim
1301 2403 1354 2459 ge·

356 2477 423 2533 nuit
449 2491 511 2548 eos,
538 2476 592 2547 qui
618 2475 762 2533 dicuntur
784 2472 922 2542 ludiim
949 2480 979 2530 et
1000 2472 1104 2535 eodem
1127 2472 1214 2533 modo
1237 2480 1354 2532 ceterae

361 2580 454 2640 usque
476 2561 512 2622 ad
540 2569 652 2640 septem
679 2568 789 2638 gentes.
834 2559 872 2620 Et
893 2560 1071 2619 enumeratis
1093 2557 1229 2618 omnibus
1251 2569 1353 2637 postea

361 2648 553 2710 concludens:
580 2649 622 2707 Hi
643 2650 705 2720 fitia·
732 2647 838 2726 Ciam,
863 2648 975 2725 inquit,
1003 2649 1034 2706 in
1060 2647 1198 2706 tribubus
1223 2649 1286 2706 suis
1308 2666 1353 2708 se·

308 2745 343 2795 25
362 2738 493 2796 cundum
519 2739 638 2808 tropeos
663 2752 737 2794 sues
764 2737 796 2796 in
823 2736 995 2809 regionibus
1021 2737 1084 2793 suis
1110 2740 1140 2794 et
1161 2735 1193 2792 in
1213 2736 1354 2806 pentibus

359 2825 430 2883 suis.
475 2821 634 2899 Propterea
657 2839 726 2898 ergo
749 2821 909 2881 multorum
931 2821 983 2880 tilii
1005 2839 1064 2880 non
1086 2828 1157 2880 sunt
1178 2838 1353 2880 commemo·

360 2911 425 2986 rati,
447 2910 515 2987 quia
538 2908 673 2986 gentibus
696 2907 759 2968 aliis
782 2907 927 2967 nascendo
950 2915 1153 2987 accesserunt,
1175 2908 1233 2985 ipsi
1255 2916 1355 2968 autem

361 3004 463 3074 gentes
482 2997 578 3056 iacere
596 2997 798 3072 nequiverunt.
843 2994 915 3054 Nam
937 3012 994 3072 qrra
1017 2993 1071 3053 alia
1093 3011 1189 3073 causa,
1212 3011 1280 3053 cum
1302 2994 1354 3054 filii

360 3081 481 3160 iapheth
504 3090 570 3140 octo
593 3090 819 3161 enumerentur,
842 3100 878 3141 er
905 3081 1019 3141 duobus
1042 3099 1145 3141 eorum
1167 3089 1281 3140 tantum
1304 3081 1353 3140 filii

308 3181 343 3230 30
361 3173 422 3229 nati
440 3177 714 3246 commemorantur,
736 3177 850 3228 etcum
869 3169 920 3228 tilii
939 3168 1028 3228 (iham
1046 3177 1184 3245 quattuor
1203 3164 1353 3227 uo'mineu·

362 3266 426 3336 tur,
456 3275 491 3317 ex
519 3253 614 3314 tribus
641 3262 754 3315 tautum
777 3258 828 3333 qui
851 3258 910 3316 nati
933 3263 1003 3315 sunt
1025 3254 1205 3333 adiciuntur,
1233 3261 1354 3314 etcum

361 3343 412 3404 filii
442 3342 510 3403 Sem
532 3343 719 3402 nominentur
746 3360 814 3421 sex,
841 3342 968 3402 duorum
989 3349 1104 3402 tantum
1126 3343 1283 3420 posteritas
1307 3341 1354 3401 ad·

424 3460 470 3528 26)
488 3457 556 3512 Gon.
576 3461 618 3511 10.

426 3585 441 3632 6
461 3582 490 3634 et
506 3579 571 3649 trig.
585 3597 601 3634 o
614 3581 624 3649 lt
636 3595 722 3632 unum
738 3578 870 3648 VRFpr
884 3582 959 3646 (126,
969 3582 1016 3647 33)
1031 3580 1041 3648 ΙΙ
1055 3583 1088 3633 10
1106 3578 1178 3633 hoec
1193 3582 1293 3652 Vegp3
1306 3580 1360 3636 hae
1451 3626 1452 3649 ,

356 3652 484 3717 neco·
507 3666 556 3705 om.
575 3650 606 3704 F
621 3651 630 3719 11
649 3655 681 3702 11
701 3664 754 3703 sec.
777 3651 853 3719 gont.
876 3665 943 3714 mss3
966 3651 995 3703 et
1015 3665 1070 3704 sec.
1088 3652 1164 3719 gent.
1182 3667 1200 3706 o
1217 3652 1227 3721 ΙΙ
1245 3655 1278 3704 li
1298 3654 1359 3725 sua]
1451 3660 1452 3709 1

355 3739 451 3776 eorum
464 3723 492 3778 R
505 3723 514 3792 ΙΙ
529 3724 562 3774 18
576 3719 703 3790 linguam
718 3719 788 3786 Vt>13
806 3720 934 3789 linguam
947 3736 1027 3773 suam
1039 3721 1096 3775 rell.
1109 3737 1126 3774 o
1140 3722 1149 3791 [Ι
1163 3726 1196 3775 21
1211 3721 1360 3777 merrhaim
1451 3752 1452 3755 ¹

362 3792 483 3864 VRe’93
505 3791 672 3846 merrochim
690 3790 717 3845 ει
