3284 4459
319 499 390 575 2¹42:
592 511 596 546 ³
623 512 625 521 ¹
660 535 661 538 =
718 513 740 564 ε’.
754 521 920 564 sucosam

320 659 480 722 manifesta
492 651 672 731 re'ieruntur,
695 673 769 735 quae
788 657 875 736 paulo
894 650 1051 716 obscurius
1069 659 1100 717 in
1123 657 1226 718 eodem
1249 649 1330 736 psai·

321 762 371 808 mo¹
382 749 478 827 posita
492 753 570 826 sunt,
593 744 709 824 quando
724 753 805 805 reete
824 745 1051 826 intelleguntur,¹
1068 745 1147 824 quod
1165 748 1196 807 in
1216 748 1331 806 nostris

320 839 378 895 iam
401 833 591 914 popularibus
614 832 800 906 sermonibus
824 833 956 894 fecimus.
1002 833 1052 893 Sic
1075 840 1105 893 et
1127 836 1158 893 in
1180 832 1246 916 ilio,
1273 834 1331 895 ubi

321 923 515 984 humilitatem
541 923 685 1002 passionis
713 938 783 980 suae
813 939 867 1000 per
893 921 1079 1000 prophetiam
1102 919 1237 982 Christus
1266 922 1331 983 elo·

287 1015 422 1090 equitur
441 1010 555 1071 dicens:
577 1011 734 1071 Foderunt
754 1027 862 1071 munus
878 1027 962 1072 meas
983 1017 1014 1070 et
1027 1013 1129 1087 pedes,
1153 1013 1330 1072 dinumera--

298 1107 430 1176 ,uerunt
460 1101 560 1162 omnia
592 1115 660 1158 ossa
692 1115 775 1170 raea;
807 1101 866 1174 ipsi
890 1115 962 1160 uero
994 1101 1266 1160 comiderauerunt
1297 1108 1332 1160 et

322 1193 545 1264 eonspeaeruat
571 1203 617 1248 me
644 1179 767 1266 (quibus
794 1187 897 1264 utique
924 1185 1024 1246 uerbis
1050 1189 1080 1246 in
1104 1204 1193 1247 cruce
1217 1205 1331 1266 corpus

322 1273 495 1354 significavit
518 1281 671 1336 extentum
698 1273 834 1336 manibus
860 1274 1045 1354 pedibusque
1068 1275 1192 1335 confixis
1215 1284 1246 1337 et
1268 1275 1329 1335 ola-

322 1381 426 1425 vorum
444 1361 731 1424 transverberatione
750 1363 904 1443 confossis,
927 1381 1022 1441 eoque
1046 1362 1132 1422 modo
1156 1381 1188 1422 se
1212 1372 1329 1444 specta-

273 1465 305 1512 ιο
323 1452 422 1512 ouium
445 1450 700 1512 considerantibus
724 1458 753 1510 et
776 1450 1027 1528 conspicientibus
1050 1445 1254 1533 praebuisse),
1277 1451 1329 1512 ad·

323 1528 396 1600 dens
415 1543 515 1600 etiem:
538 1539 715 1600 Diviserunt
731 1541 791 1599 sibi
807 1542 981 1600 uestimenta
999 1556 1066 1600 mea
1084 1546 1115 1600 et
1129 1534 1222 1617 super
1241 1544 1330 1602 aesti-

302 1636 452 1692 'uentum
475 1645 572 1688 meum
594 1631 741 1687 miserunt
761 1634 880 1708 sartura,
903 1645 977 1707 quae
1001 1627 1155 1706 prophetie
1178 1645 1266 1706 quem
1290 1628 1330 1688 ad

323 1717 441 1777 modum
464 1715 583 1794 impieta
601 1718 640 1775 sit
663 1715 827 1793 evangelica
851 1725 988 1775 narratur
1010 1715 1141 1795 historia,
1164 1724 1236 1777 tunc
1258 1734 1329 1795 pro-

323 1806 400 1866 iecto
430 1812 460 1864 et
490 1803 544 1863 alia
571 1812 652 1864 reete
680 1803 905 1883 intelleguntur,
932 1820 1006 1881 quae
1035 1803 1075 1864 ibi
1104 1805 1202 1865 minus
1226 1812 1332 1883 aperte

273 1905 304 1954 15
323 1892 400 1956 dicta
423 1901 502 1973 suut,
525 1909 592 1952 cum
615 1900 784 1970 congruunt
805 1890 866 1972 his,
889 1910 964 1969 quae
987 1900 1069 1952 tanta
1092 1892 1330 1954 manifestatione

301 1980 506 2060 ⁴clarueruut;
534 1982 709 2058 praesertim
739 1980 806 2059 quia
837 1987 867 2039 et
895 1979 958 2061 illa,
987 1997 1062 2059 quae
1092 1999 1151 2041 non
1179 1990 1330 2042 transacta

304 2068 480 2148 ¹credimus,
503 2067 554 2128 sed
572 2069 739 2146 praeseutia
762 2075 948 2149 contuemur,
970 2069 1049 2128 siout
1070 2070 1102 2129 iu
1125 2069 1229 2128 eodem
1251 2069 1329 2148 psal·

322 2175 370 2216 mo
393 2156 532 2235 leguntur
559 2163 640 2216 tanto
670 2164 736 2216 ante
759 2155 922 2236 praedicta,
950 2157 991 2217 ita
1015 2174 1093 2216 nuuc
1117 2155 1247 2216 exhibita
1270 2159 1330 2217 iam

323 2251 384 2308 toto
408 2243 479 2304 orbe
504 2252 675 2304 cernuntur.
721 2241 764 2302 Ibi
788 2243 867 2302 enim
888 2243 1067 2322 paulopost
1089 2243 1211 2305 dicitur:
1244 2245 1328 2306 Com-

269 2335 569 2394 rememorabuntur
605 2339 634 2392 et
669 2339 884 2393 convertentur
920 2333 964 2392 ad
997 2333 1156 2392 Dominum
1192 2337 1333 2394 universi

318 2423 397 2494 fines
428 2429 532 2482 terrae
563 2427 593 2480 et
621 2421 795 2480 cauabant
824 2422 856 2479 in
886 2427 1047 2496 conspeetu
1075 2423 1140 2480 eius
1167 2425 1331 2483 uniuersae

318 2513 443 2586 patriae
469 2511 621 2582 pentium;
650 2511 791 2582 quonium
814 2507 938 2568 Domini
965 2516 1011 2570 est
1036 2526 1177 2585 reanum,
1207 2517 1236 2570 et
1265 2508 1337 2587 ipse

322 2598 527 2660 dominabitur
548 2597 691 2669 nentium.
1334 2603 1337 2613 ’

697 2781 814 2850 Carum
832 2783 955 2852 XVIII.

269 2926 307 2975 aa
364 2914 410 2973 De
428 2916 545 2989 psalmo
567 2916 656 2973 tertio
680 2915 769 2972 etde
791 2915 1047 2987 quadrupensimo
1069 2922 1099 2974 et
1121 2916 1159 2976 de
1180 2919 1286 2989 quinto

346 3003 460 3061 decimo
483 3007 513 3063 et
535 3003 573 3060 de
595 3005 803 3074 senapensimo
825 3004 958 3076 septimo,
981 3005 1013 3062 in
1036 3004 1145 3077 quibus
1167 3021 1248 3064 mors
1270 3012 1303 3065 et

543 3092 729 3149 resurrectio
752 3089 875 3149 Domini
892 3091 1102 3164 prophetatur.

337 3229 340 3236 ·
410 3211 451 3270 De
471 3213 691 3272 resurrectione
711 3229 828 3290 quoque
852 3213 916 3271 eius
939 3229 1125 3290 nequaquam
1147 3197 1336 3292 psalmorum

325 3299 440 3359 oracula
469 3306 633 3359 tacuerunt.
678 3299 752 3358 Nam
780 3300 850 3377 quid
879 3307 924 3359 est
951 3299 1028 3360 aliud
1057 3299 1134 3378 quod
1163 3303 1194 3361 iu
1216 3303 1333 3384 psalmo*

270 3399 307 3448 ³0*
323 3390 410 3447 tertio
438 3405 475 3447 ex
501 3404 628 3466 persona
658 3389 722 3447 eius
746 3389 874 3447 canitur:
903 3387 969 3462 Epo
992 3390 1122 3448 dormivi
1143 3396 1172 3450 et
1194 3402 1331 3451 somnum

393 3489 1267 3564 nmmuffl.mmmmfmhmmm

394 3639 410 3688 ὅ
432 3635 518 3703 pedes
536 3650 612 3689 meos
633 3633 676 3688 Ge
694 3636 703 3702 11
721 3639 737 3686 8
756 3632 877 3686 extentis
895 3632 923 3686 R
941 3634 950 3700 ΙΙ
969 3637 1002 3684 11
1021 3633 1220 3685 uestimentum
1237 3647 1335 3685 meum

324 3704 447 3774 RFaep
465 3706 511 3760 Ps.
532 3706 590 3760 Ver.
610 3711 642 3756 ut
659 3705 772 3768 Aneiat.;
790 3704 895 3756 vestem
912 3717 1005 3755 meam
1020 3702 1123 3772 AGpu
1135 3704 1145 3772 ΙΙ
1159 3709 1192 3756 27
1211 3702 1333 3772 prophe—

323 3777 401 3828 baiur
419 3774 521 3844 Ffpp3
541 3773 745 3843 prophetantur
762 3790 799 3841 qt·
