3284 4459
551 559 591 599 ou
604 558 748 600 crvrraru
762 559 816 600 om
830 559 856 600 1..
870 559 959 600 xvm
972 559 996 603 o.
1008 561 1042 602 aa
1239 545 1305 611 327

299 694 446 774 pontifex,
473 694 525 774 qui
552 692 713 754 crudeliter
739 695 770 754 iu
798 711 869 754 suos
891 709 1031 774 regnasse
1054 694 1190 755 traditur.
1235 692 1307 756 Post

298 784 380 844 lianc
398 799 474 842 uxor
491 783 557 842 cius
575 781 739 842 Alexandra
756 783 860 860 regina
878 780 1054 843 ludaeorum
1072 783 1137 863 fuit,
1160 800 1197 843 ex
1220 786 1306 844 cuius

298 881 433 951 tempore
463 868 603 950 deinceps
633 869 707 930 mala
738 879 807 931 sunt
838 888 896 931 eos·
922 878 1023 931 secuta
1052 873 1195 951 graviora.
1240 870 1307 932 lilii

296 961 409 1038 quippe
428 957 516 1018 huius
535 957 715 1018 alexandrae
738 957 924 1018 Aristobolus
947 966 978 1019 et
994 958 1149 1039 Hyrcanos
1171 962 1251 1020 inter
1273 977 1305 1020 se

297 1049 336 1109 de
361 1049 485 1125 imperio
508 1045 680 1107 dimicantes
709 1049 787 1107 vires
811 1046 952 1107 adversus
974 1046 1164 1108 israeliticam
1186 1057 1305 1128 gentem
1324 1064 1343 1112 ε

299 1152 497 1216 provocavere
524 1133 678 1195 Romanas.
723 1133 878 1214 Hyrcanus
906 1152 1033 1215 namque
1063 1135 1099 1197 ab
1129 1138 1173 1196 eis
1202 1144 1306 1197 contra

300 1224 423 1285 fratrem
445 1224 581 1302 poposcit
602 1223 750 1283 auxilium.
795 1221 881 1283 'lunc
903 1225 961 1283 iam
983 1223 1075 1284 Roma
1099 1222 1306 1303 subiugaverat

297 1311 442 1393 Africam,
469 1310 675 1390 subiugaverat
702 1309 854 1372 Graeciam
881 1310 998 1392 lateque
1026 1315 1114 1372 etiam
1138 1312 1201 1373 aliis
1225 1310 1305 1373 orbis

298 1398 435 1481 partibus
457 1400 605 1478 imperans
629 1407 776 1479 tamquam
804 1417 836 1460 se
860 1401 924 1480 ipsa
946 1418 1006 1462 non
1029 1400 1128 1462 valens
1151 1401 1230 1462 lerre
1253 1418 1305 1462 sua

299 1506 333 1549 so
352 1486 478 1567 quodam
496 1486 583 1548 niodo
602 1486 802 1567 magnitudine
822 1488 959 1568 fregerat
999 1485 1179 1550 Pervenerat
1197 1491 1305 1568 quippe
1326 1506 1359 1554 ιο

298 1576 336 1637 ad
364 1574 525 1636 seditiones
553 1576 730 1637 domesticas
756 1594 861 1655 graves
889 1586 977 1655 atque
1004 1576 1073 1638 inde
1103 1576 1138 1637 ad
1161 1576 1236 1638 bella
1259 1595 1305 1638 so·

264 1675 267 1684 '
299 1663 383 1726 cialia
401 1681 529 1743 moxque
547 1663 652 1743 civilia,
675 1672 849 1744 tantumque
872 1683 904 1725 se
928 1668 1143 1726 comminuerat
1165 1674 1195 1726 et
1217 1666 1306 1727 adtri-
1340 1690 1343 1699 ·

299 1761 396 1833 verat,
422 1761 457 1813 ut
479 1754 507 1812 ei
529 1752 689 1813 mutandus
712 1750 913 1832 reipublicae
937 1762 1045 1833 status,
1067 1771 1126 1833 quo
1151 1762 1308 1834 regeretur

299 1840 430 1921 regibus,
451 1842 628 1901 immineret.
672 1840 832 1920 Pompeius
850 1859 931 1922 ergo,
952 1841 1054 1922 populi
1076 1841 1201 1903 Romani
1222 1859 1306 1922 prae·

300 1929 481 1990 clarissimus
504 1931 656 2009 princeps,
683 1927 819 1989 Iudaeam
842 1947 910 1990 cum
934 1931 1067 1991 exercitu
1090 1932 1243 2009 ingressus
1266 1931 1306 1992 cl·
1327 1947 1359 1995 15

299 2020 421 2078 vitatem
448 2019 539 2098 capit,
567 2016 710 2096 templum
738 2028 865 2097 reserat,
895 2035 955 2078 non
978 2018 1133 2079 devotione
1156 2018 1306 2099 supplicis,

299 2105 353 2166 sed
375 2107 441 2166 iure
463 2106 597 2185 victoris,
621 2113 651 2166 et
673 2105 709 2166 ad
733 2113 834 2166 sancta
856 2114 1042 2187 sanctorum,
1065 2124 1124 2185 quo
1148 2109 1206 2166 nisi
1228 2125 1306 2168 sum·

300 2210 382 2254 mum
410 2192 594 2253 sacerdotem
621 2211 681 2254 non
708 2193 814 2254 licebat
841 2196 968 2275 intrare,
998 2212 1057 2255 non
1087 2203 1120 2254 ut
1144 2205 1307 2275 venerator,

299 2280 353 2343 sed
377 2289 411 2344 ut
431 2281 603 2361 profanator
629 2280 756 2362 accedit3
785 2283 1018 2361 confirmatoque
1040 2281 1169 2362 Hyrcani
1190 2284 1307 2363 pontili-

300 2378 368 2430 catu
392 2377 423 2431 et
445 2366 618 2448 subiugatao
640 2373 721 2449 genti
744 2372 873 2448 inposito
896 2370 1019 2431 custode
1042 2371 1209 2451 Antipatro,
1231 2389 1307 2450 quos
1325 2387 1360 2437 20

299 2467 373 2519 tuno
400 2467 610 2538 procuratores
638 2457 792 2539 vocabant,
819 2461 951 2520 vinctum
978 2475 1081 2520 secum
1107 2457 1308 2520 aristobolum

299 2546 391 2607 ducit.
434 2543 480 2605 Ex
506 2544 557 2605 illo
585 2544 685 2606 ludaei
712 2548 800 2606 etiam
836 2545 984 2608 tributarii
1012 2545 1212 2607 Romanorum
1242 2565 1308 2609 esse

299 2642 473 2712 coeperunt.
531 2632 638 2694 Postea
674 2633 794 2694 Cassius
835 2637 923 2695 etiam
965 2633 1109 2713 templum
1144 2634 1309 2714 expoliavit.

300 2721 413 2783 Deinde
447 2731 515 2800 post
554 2739 664 2801 paucos
698 2740 791 2783 annos
820 2725 909 2783 etiam
938 2721 1086 2783 Herodem
1116 2722 1309 2802 alienigenam

299 2827 403 2889 regem
420 2808 529 2870 habere
548 2821 732 2890 meruerunt,
755 2829 813 2890 quo
833 2820 976 2889 regnante
993 2819 1080 2871 natus
1103 2819 1150 2871 est
1163 2809 1308 2875 Christus.
1327 2827 1361 2877 to

299 2898 361 2959 lam
379 2900 458 2958 enim
477 2907 597 2958 venerat
614 2897 767 2977 plenitudo
785 2902 927 2979 temporis
950 2900 1111 2980 significata
1133 2900 1308 2980 prophetico

299 2988 408 3066 spiritu
439 3003 494 3066 per
526 3003 560 3047 os
592 2987 776 3066 patriarchae
800 2987 902 3069 lacob,
929 2987 982 3048 ubi
1008 2990 1062 3050 ait:
1094 2988 1161 3050 Non
1188 2991 1311 3063 deliciet

296 3078 443 3153 princeps
465 3091 507 3136 ec
529 3075 621 3147 ludo,
648 3093 747 3152 neque
768 3077 835 3137 dux
856 3075 1082 3152 defemoribus
1103 3080 1182 3151 eius,
1212 3080 1310 3140 donec

299 3166 403 3224 veniat
433 3166 488 3224 cui
500 3183 502 3188 ·
516 3167 679 3240 repositum
711 3173 772 3238 cst,
809 3172 841 3226 et
870 3168 934 3242 ipse
964 3169 1135 3242 expectatio
1165 3169 1308 3240 centium.

299 3249 366 3312 Non
389 3269 460 3330 ergo
483 3250 578 3313 deluit
595 3250 770 3313 ludaeorum
792 3255 932 3333 princeps
955 3269 991 3313 ex
1014 3251 1130 3313 ludaeis
1152 3270 1248 3332 usque
1271 3253 1307 3314 ad
1326 3268 1362 3316 eo

299 3341 390 3402 istum
422 3338 588 3414 Herodem,
621 3358 709 3419 quem
741 3343 872 3420 primum
903 3349 1084 3419 acceperunt
1114 3339 1307 3419 alienigenam

299 3445 409 3507 regern
455 3427 585 3507 Tempus
608 3445 679 3507 ergo
702 3430 759 3489 iam
783 3437 856 3507 erat,
878 3434 912 3489 ut
934 3429 1049 3488 veniret
1071 3426 1128 3508 ille,
1152 3431 1201 3488 cui
1223 3446 1307 3507 repo·

299 3519 390 3577 sinam
414 3525 487 3591 erat,
510 3514 589 3595 quod
609 3533 685 3576 novo
707 3518 887 3596 promissum
909 3523 958 3577 est
979 3523 1166 3596 testamento,
1189 3524 1222 3577 ut
1243 3519 1308 3596 ipsc
1339 3544 1341 3547 ·

369 3625 414 3694 29)
433 3622 501 3678 Gen.
520 3629 621 3691 49,10.
663 3623 703 3679 Cf.
724 3629 787 3691 191,
804 3630 845 3676 17.
883 3623 978 3692 Hriek,
997 3623 1066 3678 font.
1086 3625 1204 3694 August.
1222 3642 1249 3693 p.
1265 3629 1308 3679 to.

369 3751 385 3798 3
409 3746 541 3816 deinceps
565 3747 777 3815 RFGnabcm
801 3749 831 3800 ot
853 3746 985 3815 deinceps
1007 3748 1078 3817 Apo
1095 3749 1138 3816 l⁹
1161 3746 1225 3816 ipsa
1248 3748 1310 3803 ΒΔ

297 3819 345 3885 (cf.
370 3821 507 3884 354,11;
529 3822 592 3883 355,
607 3822 640 3884 6,·
662 3818 802 3887 Naegelsb.
822 3817 904 3871 stit⁸
918 3834 946 3885 p.
962 3820 1018 3871 368
1027 3821 1091 3885 sq.);
1114 3817 1207 3885 ipsam
1225 3817 1308 3872 Fen

296 3889 400 3958 aocpp
417 3891 427 3956 ll
447 3892 479 3941 19
498 3888 616 3942 accessit
637 3887 694 3942 Ge*
