3284 4459
574 517 614 558 nu
628 516 772 559 c1v1rar1r
786 517 840 558 nm
853 516 878 558 n.
893 516 967 557 xxn.
982 516 1004 558 c.
1019 518 1051 558 ao.
1247 502 1311 567 599

305 652 385 732 qnod
417 654 516 712 minus
545 659 591 712 est
618 669 706 731 quam
734 650 833 732 decet,
863 652 942 713 unde
966 650 1088 713 Creator
1119 653 1212 734 novit,
1243 650 1312 712 inde

305 739 506 821 supplebitur,
533 747 564 801 et
586 739 665 819 quod
688 739 755 819 plus
778 749 825 801 est
847 758 936 819 quam
959 741 1057 821 decet,
1087 743 1226 802 materiae
1251 756 1311 801 ser·

306 838 370 889 vata
389 830 558 908 integritate
577 828 758 889 detrahetur.
804 828 917 890 Colonia
939 846 1030 908 porro
1054 831 1182 890 suavitas
1204 837 1313 909 quanta

306 918 379 997 erit,
411 915 463 977 uhi
493 918 565 977 iusti
596 916 752 997 fulgebunt
778 919 855 979 sicut
881 916 926 978 sol
948 919 979 978 in
1007 934 1099 997 regno
1126 916 1223 978 Patris
1253 917 1312 979 suil

306 1004 388 1075 Quae
411 1004 528 1066 claritas
551 1007 582 1066 in
605 1005 716 1066 Christi
738 1023 873 1085 corpore,
896 1024 963 1067 cnm
988 1008 1161 1087 resurrexit,
1183 1005 1220 1066 ab
1243 1016 1348 1067 ocu-5

305 1092 342 1153 lis
370 1093 583 1172 discipulorum
612 1096 712 1174 potius
741 1092 912 1155 abscondita
944 1094 1036 1154 luisse
1066 1112 1154 1173 quam
1184 1094 1313 1155 defuisse

306 1181 453 1243 credenda
479 1190 534 1244 est
578 1181 645 1243 Non
674 1183 754 1243 enim
781 1200 846 1243 eam
874 1183 968 1243 ferret
989 1181 1136 1243 humanus
1158 1189 1247 1262 atque
1270 1185 1313 1243 iu·

305 1269 409 1331 firmus
438 1278 590 1351 aspectus,
617 1269 735 1349 quando
762 1269 811 1332 ille
839 1287 856 1330 a
883 1272 945 1331 suis
971 1271 1013 1330 ita
1040 1268 1164 1332 deberet
1186 1270 1314 1352 adtendi,

306 1365 340 1419 ut
366 1367 468 1438 posset
490 1360 618 1439 agnosci.
664 1358 729 1430 Quo
751 1360 898 1438 pertinuit
920 1360 1021 1439 etiam,
1035 1365 1083 1420 'ut
1105 1362 1313 1420 contrectanti·
1335 1410 1337 1415 .

305 1445 363 1508 bus
385 1447 557 1508 ostenderet
584 1464 707 1508 suorum
730 1447 886 1508 vulnerum
909 1448 1076 1528 cicatrices,
1105 1454 1139 1507 ut
1161 1449 1249 1507 etiam
1273 1449 1312 1507 oi·
1333 1458 1366 1508 10

305 1533 378 1596 bum
399 1544 562 1615 potumque
585 1542 733 1616 sumeret,
755 1553 815 1596 non
839 1534 1046 1596 alimentorum
1068 1535 1239 1616 indigentia,
1261 1534 1314 1596 sed

307 1640 341 1683 ea
364 1641 421 1702 qua
440 1631 471 1685 et
488 1622 545 1684 hoc
562 1630 680 1703 poterat
702 1630 857 1703 potestate.
902 1622 976 1685 Cium
999 1632 1099 1685 antem
1122 1622 1231 1703 aliquid
1254 1642 1314 1685 non

305 1711 431 1792 ridetur,
454 1714 587 1791 quamvis
605 1712 690 1793 adsit,
713 1730 729 1771 a
753 1711 861 1791 quibus
880 1710 943 1786 alia,
966 1730 1041 1791 quae
1064 1714 1176 1792 pariter
1198 1712 1315 1793 adsunt,

306 1799 457 1881 ridentur,
485 1802 564 1861 sicut
589 1800 668 1860 illam
696 1799 859 1861 claritatem
890 1800 1015 1861 dicimus
1038 1800 1167 1861 adfuisse
1190 1818 1250 1862 non
1273 1803 1314 1862 vi·

306 1906 385 1969 sam,
414 1906 430 1948 a
457 1886 566 1966 quibus
595 1888 651 1948 alia
680 1886 872 1950 videbantur:
902 1882 1027 1969 ἆορασία
1054 1886 1166 1949 Graece
1196 1888 1366 1970 dicitur,1o

306 1977 385 2054 quod
404 1978 499 2037 nostri
517 1978 697 2056 interpretes
715 1974 817 2037 Latine
837 1975 936 2037 dicere
955 1995 1015 2038 non
1033 1976 1164 2038 valentes
1184 1979 1216 2038 in
1238 1976 1314 2037 libro

305 2082 450 2143 geneseos
480 2066 652 2125 caecitatem
682 2066 872 2144 interpretati
903 2073 981 2125 sunt.
1026 2063 1109 2126 llanc
1136 2067 1215 2126 enim
1245 2072 1316 2127 sunt

305 2153 386 2232 passi
405 2150 582 2234 Sodomitae,
604 2152 721 2232 quando
750 2152 932 2232 quaerebant
954 2154 1065 2213 ostium
1086 2155 1157 2214 iusti
1180 2155 1236 2214 viri
1258 2171 1314 2215 nec

305 2247 443 2320 poterant
474 2242 617 2302 invenire.
662 2239 745 2312 Quae
772 2243 797 2302 si
828 2241 933 2302 luisset
960 2243 1102 2323 caecitas,
1134 2260 1191 2320 qua
1219 2242 1252 2303 flt
1281 2249 1315 2302 ut

306 2326 379 2387 nihil
397 2330 491 2406 possit
509 2328 610 2408 rideri,
633 2347 694 2389 non
712 2331 821 2390 ostium
846 2347 903 2408 qua
924 2328 1162 2411 ingrederentur,
1185 2328 1237 2390 sed
1261 2330 1314 2391 du·
1334 2341 1367 2391 au

307 2433 358 2477 ces
380 2417 496 2476 itineris
519 2434 536 2476 a
559 2416 667 2496 quibus
690 2416 759 2478 inde
783 2416 1015 2498 abducerentur,
1037 2420 1233 2497 inquirerent

395 2503 502 2565 Nescio
530 2523 589 2585 quo
616 2514 716 2566 autem
737 2506 825 2566 modo
849 2508 892 2567 sic
915 2506 1061 2567 allicimur
1083 2524 1184 2566 amoro
1206 2513 1314 2586 marty·

306 2610 375 2653 rum
396 2592 561 2674 beatorum,
582 2600 618 2654 ut
640 2592 763 2654 velimus
786 2596 817 2654 in
840 2593 890 2654 illo
913 2611 1005 2673 regno
1028 2596 1059 2669 ip
1083 2611 1187 2655 eorum
1210 2613 1313 2674 corpo·

307 2679 390 2742 ribus
409 2681 508 2742 videre
527 2681 683 2743 vulnerum
709 2683 872 2760 cicatrices,
895 2700 970 2762 quae
988 2699 1043 2761 pro
1063 2680 1172 2743 Christi
1195 2685 1314 2744 nomine

306 2769 507 2850 pertulerunt3
529 2777 560 2831 et
585 2770 710 2831 tortasse
732 2768 905 2831 ridebimus.
950 2768 1016 2831 Non
1040 2772 1120 2831 enim
1142 2770 1365 2832 determinasse

306 2859 338 2918 in
361 2860 414 2938 eis,
436 2858 489 2918 sed
507 2858 633 2938 dignitas
652 2860 719 2940 erit,
742 2866 772 2919 et
794 2858 947 2939 quaedam,
970 2860 1103 2938 quamvis
1125 2861 1156 2920 in
1179 2878 1314 2939 corpore,

307 2963 367 3005 non
390 2948 533 3027 corporis,
555 2946 608 3007 sed
630 2948 749 3008 rimutis
772 2946 962 3025 pulchritudo
986 2946 1117 3026 fulgebit.
1162 2946 1224 3009 Nec
1247 2948 1313 3009 ideo

307 3043 406 3095 tamen
425 3036 451 3093 si
469 3033 565 3112 aliqua
588 3034 766 3114 martyribus
789 3041 938 3114 amputata
961 3042 991 3096 et
1013 3035 1108 3096 ablata
1130 3042 1201 3097 sunt
1223 3053 1314 3097 mem·

306 3121 376 3202 bra,
405 3124 468 3181 sine
496 3123 570 3201 ipsis
597 3122 738 3183 membris
765 3132 854 3183 erunt
880 3125 911 3183 in
939 3126 1159 3184 resurrectione
1183 3132 1312 3184 mortuo·

308 3228 384 3291 rum,
408 3208 515 3288 quibus
539 3209 651 3271 dictum
674 3218 733 3271 est:
759 3211 892 3287 Capillus
915 3214 1024 3288 capitis
1046 3215 1141 3273 vestri
1161 3229 1221 3274 non
1240 3231 1312 3288 per·
1332 3226 1365 3275 30

307 3300 370 3359 itit.
416 3297 475 3359 Sed
499 3300 524 3358 si
546 3297 603 3357 hcc
626 3296 742 3359 decebit
764 3300 796 3359 in
818 3298 868 3358 illo
892 3316 966 3359 novo
990 3298 1121 3378 saeculo,
1150 3307 1185 3360 ut
1206 3299 1314 3360 indicia

305 3384 503 3465 gloriosorum
533 3385 688 3446 vulnerum
718 3388 748 3445 in
778 3386 826 3447 illa
853 3385 1001 3447 inmortali
1029 3404 1118 3447 carne
1145 3396 1314 3467 cernantur,

369 3546 396 3608 ι)
414 3539 464 3592 mc.
486 3542 584 3605 1e‚4a.
637 3538 680 3606 ιι)
699 3534 767 3591 uon.
787 3541 830 3603 ιι,
846 3541 887 3590 11.
939 3537 983 3605 aa)
1002 3534 1048 3588 uc.
1069 3540 1168 3600 a1‚1s.

370 3718 404 3768 1⁶
427 3713 540 3783 aopalca
560 3714 615 3782 ΑΙ
635 3717 667 3765 17
690 3710 769 3781 passi
790 3714 856 3765 aunt
877 3711 948 3765 Abu
969 3712 979 3779 ll
1002 3714 1036 3764 20
1059 3724 1116 3778 qua
1138 3710 1311 3782 RAaa¹c93

299 3800 354 3855 quo
375 3784 503 3855 Ga’bpu
516 3787 526 3856 ll
539 3789 573 3839 22
592 3783 686 3839 nescio
706 3783 762 3837 aut.
782 3796 904 3851 quonam
923 3798 958 3835 m.
973 3798 996 3851 p
