3284 4459
543 523 583 565 nu
598 521 742 577 urrunnun
754 523 845 563 nuru.
860 523 921 563 xm.
935 523 958 564 o.
972 524 1004 564 ut.
1214 509 1278 575 ’163

272 659 398 736 spiritus
425 656 555 717 indicant
582 658 659 718 aeris
687 656 789 737 huius,
820 665 938 736 pastum
960 656 1107 736 quendam
1131 675 1217 720 suum
1241 658 1277 719 de

273 744 434 805 carnalium
458 743 601 804 divisione
624 753 809 823 quaerentes.
843 745 928 816 Quod
947 745 1121 808 autemillis
1145 745 1278 808 eonsedit

271 832 433 913 Abrabam,
465 833 609 910 signifieat
637 835 724 894 etiam
747 833 912 894 interillos
935 833 1097 894 earnalium
1120 833 1277 896 divisiones

269 942 358 984 veros
379 923 524 998 usquein
544 921 632 981 finem
651 931 893 1000 perseveraturos
912 921 1021 983 fideles.
1053 921 1090 984 Et
1109 925 1187 983 eirea
1207 922 1277 984 selis

272 1027 413 1070 oceasum
431 1008 509 1087 quod
528 1027 619 1088 pavor
637 1011 730 1070 inruit
748 1012 779 1068 in
794 1009 938 1070 Abraham
953 1019 983 1070 et
997 1013 1085 1071 timor
1101 1009 1277 1072 tenebrosus
1294 1021 1313 1070 e

272 1115 398 1176 magnus
426 1097 570 1175 signifieat
597 1098 676 1157 eirea
698 1097 787 1157 huius
811 1098 920 1159 saeculi
943 1099 1030 1158 finem
1055 1115 1188 1177 maguam
1211 1116 1276 1178 per·

272 1184 472 1247 turbationem
505 1203 539 1244 ae
572 1184 790 1246 tribulationem
819 1186 948 1247 futuram
977 1185 1120 1266 fidelium,
1152 1186 1188 1247 de
1221 1205 1278 1265 qua

273 1273 417 1334 Dominus
444 1273 550 1334 dicit
542 1291 573 1333 1n
601 1273 763 1352 evangelio:
801 1274 872 1334 Erat
902 1292 980 1335 enam
1015 1280 1135 1335 tonet
1122 1276 1278 1384 tribulatio

273 1379 395 1437 moeno,
418 1364 517 1436 qualis
539 1378 600 1422 nen
620 1359 684 1436 suit
705 1363 744 1422 ab
768 1365 862 1423 initio.

363 1448 447 1519 Quod
474 1466 545 1509 rere
573 1449 685 1510 dictum
712 1458 758 1510 est
786 1450 821 1509 ad
851 1449 1009 1512 Abrabam:
1040 1451 1332 1526 Sciendescies,1e

273 1541 347 1613 quia
367 1541 566 1614 peregrinum
588 1541 650 1598 erit
670 1554 770 1599 semen
793 1546 877 1598 tuum
900 1541 931 1598 in
955 1547 1041 1599 terra
1064 1556 1124 1600 non
1139 1541 1277 1614 proprio,

180 1632 185 1643 “
273 1635 303 1686 et
330 1629 361 1686 in
388 1629 562 1686 servitutem
583 1627 725 1701 redigent
751 1643 801 1686 em
827 1633 858 1687 et
884 1629 1032 1701 adfligeret
1058 1643 1108 1688 eus
1131 1629 1277 1701 quadrin-

271 1717 372 1789 nentis
394 1717 491 1787 annis,
514 1712 551 1773 de
573 1713 683 1793 populo
705 1711 804 1794 lsrael,
828 1716 879 1793 qui
902 1714 999 1774 iuerat
1017 1716 1047 1774 in
1066 1715 1196 1793 Aegypto
1216 1732 1278 1774 ser·

260 1805 399 1881 siturus,
421 1803 606 1881 apertissime
624 1801 832 1881 prophetatum
856 1812 913 1882 est;
937 1820 995 1861 non
1020 1801 1098 1881 quod
1121 1804 1152 1862 in
1176 1801 1278 1863 eadem

274 1892 417 1952 servitute
445 1889 501 1950 sub
528 1890 678 1969 Aegyptiis
701 1889 907 1968 adfligentibus
930 1889 1161 1969 quadringentos
1185 1908 1278 1952 annos
1298 1902 1331 1950 tu

272 1979 323 2039 ilie
347 1977 474 2058 populus
497 1979 594 2038 iuerat
615 1986 805 2059 peracturus,
830 1977 880 2038 sed
904 1981 935 2038 in
958 1979 1031 2057 ipsis
1055 1977 1279 2058 quadringentis

274 2069 360 2128 annis
382 2068 622 2145 praenuntiatum
645 2075 691 2126 est
713 2065 769 2126 hoe
792 2063 938 2126 futurum.⁸
981 2065 1075 2136 Quem
1099 2065 1133 2126 ad
1159 2066 1279 2127 modum

274 2157 353 2215 enim
377 2157 588 2233 scriptumest
615 2153 652 2213 de
675 2153 770 2213 Tbara
798 2161 881 2232 patre
904 2153 1050 2233 Abrahae:
1087 2155 1126 2216 Et
1150 2154 1280 2230 suerunt

274 2247 339 2304 dies
356 2241 477 2304 sturae
495 2245 527 2302 in
544 2241 666 2302 Charra
685 2245 817 2317 quinque
836 2251 865 2303 et
883 2243 1008 2303 ducenti
1025 2246 1107 2316 unni,
1132 2261 1190 2302 non
1210 2244 1277 2321 quia

272 2331 316 2392 ibi
339 2348 442 2391 omnes
465 2332 523 2390 aeti
541 2339 620 2410 sunt,
642 2329 695 2390 sed
713 2333 781 2408 quia
800 2329 842 2390 ibi
860 2331 998 2410 completi
1017 2333 1099 2391 sunt:
1121 2333 1162 2391 ita
1182 2339 1212 2391 et
1230 2329 1278 2389 hic
1297 2341 1331 2390 au

272 2428 432 2498 propterea
450 2420 659 2497 interpositum
678 2428 736 2479 est:
760 2419 799 2479 Et
816 2422 848 2478 in
870 2423 1043 2480 servitutem
1066 2422 1207 2494 redigent
1228 2434 1278 2480 eos

274 2516 305 2568 et
327 2509 474 2581 adfligeret
496 2523 545 2567 eos
563 2507 796 2582 quadringentis
814 2511 912 2582 annis,
935 2509 1074 2585 quoniam
1096 2508 1152 2568 iste
1177 2523 1278 2566 nume·

273 2612 327 2656 rus
349 2596 381 2655 in
404 2593 506 2654 eadem
529 2594 695 2655 adflictione
718 2594 882 2674 completus
905 2603 960 2676 est,
982 2613 1042 2655 nen
1067 2597 1133 2673 quia
1156 2594 1198 2655 ibi
1214 2595 1277 2654 uni·

274 2701 379 2744 versrrs
408 2691 547 2762 peractus
578 2690 632 2742 est.
687 2681 901 2761 Quadringenti
932 2700 1002 2743 sane
1037 2681 1177 2743 dicuntur
1209 2683 1278 2743 anni

273 2780 398 2852 propter
425 2773 541 2831 numeri
568 2769 795 2851 plenitudinem,
825 2773 957 2849 quamvis
980 2770 1129 2849 aliquante
1153 2770 1278 2851 amplius
1298 2781 1332 2832 ab

274 2864 343 2941 sint,
362 2862 423 2920 sive
447 2877 483 2918 ex
506 2858 562 2917 boe
581 2867 713 2936 tempere
732 2867 951 2938 computentur,
975 2876 1033 2937 que
1052 2861 1108 2919 ista
1126 2861 1277 2938 premitte-

274 2949 384 3010 bantur
414 2945 561 3027 Abrahae,
593 2948 655 3006 sive
683 2964 720 3006 ex
749 2964 808 3025 quo
840 2956 926 3005 natus
957 2957 1002 3007 est
1032 2945 1125 3028 isaar,
1156 2957 1278 3027 propter

275 3054 377 3098 semen
400 3034 546 3116 Abrahae,
573 3034 609 3095 de
640 3052 698 3112 quo
720 3036 776 3096 ista
798 3033 1018 3114 praedicuntur.
1064 3033 1278 3114 Computantur

275 3127 365 3207 enim,
387 3126 465 3184 sieut
488 3125 626 3201 suipertus
645 3125 703 3182 iam
722 3122 858 3202 diximus
881 3121 917 3182 ab
941 3140 1017 3182 anno
1042 3125 1278 3203 septuagensime

274 3223 304 3274 et
329 3215 433 3291 quinto
456 3211 603 3290 Abrahae,
635 3209 752 3288 quande
776 3209 810 3270 ad
835 3228 903 3270 eum
927 3211 1002 3271 iacta
1026 3220 1071 3271 est
1093 3214 1187 3291 prima
1211 3228 1277 3290 pro·
1297 3223 1331 3271 30

273 3303 391 3382 missio,
418 3317 512 3377 usque
541 3298 575 3358 ad
604 3301 714 3358 exitum
737 3297 827 3359 israel
856 3317 891 3359 ex
914 3298 1044 3378 Aegypte
1072 3298 1279 3377 quadringenti

274 3402 305 3450 et
325 3391 445 3468 triginta
463 3388 545 3466 anni3
568 3404 696 3464 quorum
710 3387 860 3466 apostolus
875 3389 915 3447 ita
930 3389 1076 3447 meminit:
1100 3387 1165 3448 Hor
1179 3393 1280 3446 eutem

304 3535 309 3542 ’
345 3563 374 3628 s)
391 3558 441 3612 us
461 3563 503 3624 ae,
521 3562 564 3611 m.
603 3559 647 3624 19)
665 3555 733 3610 uon.
753 3562 795 3624 11,
813 3561 857 3611 aa.

271 3703 487 3713 m,—

347 3791 363 3841 8
383 3785 454 3841 dixit
469 3802 486 3840 o
499 3789 509 3857 fl
523 3792 557 3840 20
576 3801 671 3840 omnes
690 3784 790 3854 compl.
816 3783 842 3837 V
1054 3869 1068 3902 ἡ

1015 3876 1045 3922 11
