3284 4459
326 498 366 561 18
729 510 929 554 aauoosrnn

324 649 429 709 eodem
457 653 486 708 et
512 663 563 707 uos
587 645 685 721 facite
712 648 779 707 illis.
824 644 863 705 lit
889 645 946 706 boc
975 645 1070 724 unde,
1101 646 1160 707 nisi
1182 647 1251 725 quia
1274 646 1331 707 hoc

324 734 389 794 loco
418 733 504 794 modo
532 733 659 813 quodam
685 735 807 813 proprio
834 733 970 794 voluntas
995 736 1092 814 posita
1114 742 1173 813 est,
1201 737 1331 813 quaein

325 822 400 883 malo
424 824 517 900 accipi
540 840 599 881 non
622 818 742 901 potest?
777 819 940 882 Locutione
962 840 1033 881 vero
1056 823 1220 902 usitatiore,
1242 841 1332 901 quam

324 911 493 989 frequentat
520 911 645 970 maxime
672 908 856 970 consuetudo
886 911 1046 990 sermonis,
1073 928 1133 971 non
1160 911 1265 988 utique
1288 910 1331 971 di·

289 1006 458 1059 nceretur:
490 999 561 1061 Noli
585 1001 660 1061 velle
688 1000 812 1059 mentiri
833 1014 920 1058 omne
941 1000 1144 1072 mendacium,
1172 998 1230 1059 nisi
1252 1008 1334 1059 esset

325 1093 356 1147 et
373 1085 507 1147 voluntas
526 1085 609 1166 mala,
631 1104 648 1145 a
671 1088 757 1146 cuius
779 1087 922 1163 pravitate
945 1084 994 1160 illa
1017 1085 1219 1166 distinguitur,
1241 1104 1332 1165 quarn

323 1173 568 1253 praedicaverunt
595 1174 691 1253 angeli
718 1174 866 1235 dicentes:
899 1174 969 1234 Pac
996 1177 1028 1234 in
1052 1181 1139 1235 terro
1161 1176 1334 1236 bominibus

325 1264 422 1323 bonae
439 1265 608 1323 voluntatis.
652 1261 726 1321 Nam
745 1279 781 1322 ex
800 1260 960 1321 abundanti
978 1260 1111 1323 additum
1128 1270 1174 1322 est
1191 1259 1334 1344 „bonae“,

325 1352 351 1411 si
377 1368 443 1410 esse
471 1368 530 1411 non
558 1357 656 1427 potest
682 1351 740 1410 nisi
767 1347 852 1409 bona.
903 1348 980 1420 Quid
1008 1358 1106 1410 autem
1134 1367 1272 1429 magnum
1299 1353 1332 1411 in

274 1451 307 1499 10
327 1440 457 1500 caritatis
489 1436 625 1499 laudibus
657 1437 780 1499 dixisset
811 1437 976 1517 apostolus,
1008 1438 1086 1516 quod
1116 1456 1177 1498 uon
1206 1440 1334 1517 gaudeat

325 1544 415 1605 super
432 1528 596 1605 iniquitate,
619 1527 677 1585 nisi
701 1528 769 1604 quia
791 1526 832 1585 ita
855 1524 1019 1604 malignitas
1040 1521 1171 1604 gaudet?
1191 1525 1231 1587 Et
1253 1528 1331 1606 apud

325 1623 461 1675 auctores
492 1613 686 1678 saecularium
721 1612 889 1673 litterarum
918 1613 985 1673 talis
1015 1616 1143 1675 istorum
1171 1614 1332 1675 verborum

315 1702 522 1763 indillerentia
548 1704 706 1781 reperitur.
752 1702 800 1762 dit
828 1703 907 1761 enim
930 1702 1034 1762 Cicero
1064 1711 1165 1763 orator
1187 1702 1331 1783 amplissi-

324 1809 404 1851 mus:
425 1790 547 1871 „Cupio,
566 1797 666 1868 patres
685 1791 856 1869 conscripti,
874 1808 921 1851 me
940 1808 1006 1850 esse
1025 1785 1229 1851 clementem.“
1255 1790 1332 1862 Quia

273 1890 306 1939 15
325 1878 355 1939 id
378 1877 500 1939 verbum
520 1881 550 1938 in
573 1876 651 1938 bono
675 1879 784 1955 posuit,
807 1879 874 1956 quis
898 1885 957 1939 tam
979 1895 1119 1957 perverse
1143 1877 1248 1939 doctus
1272 1882 1331 1939 exi-

325 1975 392 2047 stat,
414 1968 465 2045 qui
488 1984 548 2027 non
572 1982 640 2026 eum
662 1960 807 2046 „Cupio“,
831 1964 882 2024 sed
905 1959 1015 2045 „Volo“
1036 1967 1136 2043 potius
1159 1966 1258 2027 dicere
1282 1967 1332 2027 de·

325 2053 424 2115 bnisse
448 2050 628 2115 contendat?
663 2053 757 2113 Porro
779 2052 858 2132 apud
880 2052 1053 2114 Terentium
1075 2052 1239 2132 flagitiosus
1262 2054 1332 2115 adu·

325 2141 440 2203 lescens
462 2144 564 2201 insana
586 2141 713 2220 flagrans
737 2141 889 2220 cupidine:

412 2284 496 2343 Nihil
517 2284 586 2345 volo
609 2284 700 2359 aliud,
722 2283 828 2361 iuquit,
850 2282 910 2343 nisi
932 2282 1147 2345 Philumenam

271 2418 306 2467 20
325 2406 420 2478 Quam
452 2405 631 2467 voluntatem
663 2406 755 2467 luisse
787 2402 938 2465 libidinem
974 2407 1146 2485 responsio,
1182 2424 1257 2485 qnae
1290 2405 1333 2467 ibi

325 2496 403 2555 servi
429 2496 494 2555 eius
521 2495 646 2555 sanioris
673 2492 839 2573 inducitur,
868 2495 939 2553 satis
969 2492 1086 2554 indicat.
1132 2495 1181 2554 Ait
1203 2512 1333 2572 namque

324 2582 442 2643 domino
466 2600 534 2643 suo:

805 2686 923 2758 Quanto
947 2688 1043 2746 satius
1066 2691 1120 2763 esi,

415 2776 458 2835 Te
480 2777 512 2835 id
534 2776 605 2835 dare
629 2793 758 2850 operam,
782 2776 835 2852 qui
855 2776 949 2835 istum
971 2794 1103 2835 amorem
1125 2794 1163 2834 ex
1184 2776 1286 2836 auimo

271 2876 306 2926 25
1019 2882 1158 2925 amoveas
1180 2868 1243 2938 tuo,

414 2950 510 3021 Quam
527 2950 559 3009 id
580 2951 670 3027 loqui,
693 2969 751 3026 quo
774 2952 871 3027 magis
895 2952 987 3011 libido
1009 2952 1126 3011 frustra
1147 2952 1290 3013 accenda-

1096 3044 1148 3099 tur
1169 3039 1244 3099 tna?

325 3160 470 3222 Gaudium
492 3178 563 3222 vero
587 3178 637 3221 eos
660 3169 691 3222 et
717 3162 748 3221 in
776 3160 852 3221 malo
874 3162 1010 3241 posuisse
1033 3160 1082 3221 ille
1106 3164 1169 3241 ipse
1193 3124 1334 3241 vergilia·

392 3315 419 3383 6)
437 3312 523 3368 Eccli.
543 3317 625 3379 ’1,13.
667 3315 694 3382 8)
712 3313 758 3367 Le.
779 3320 804 3380 2,
819 3320 861 3368 14.
904 3316 948 3384 11)
969 3321 992 3368 1.
1008 3313 1067 3368 (lor.
1088 3320 1130 3382 13,
1145 3321 1169 3370 6,
1207 3313 1335 3384 14)(331..

322 3391 346 3453 1,
361 3390 385 3453 2,
400 3394 426 3439 4.
463 3387 507 3454 27)
526 3382 587 3437 Ter.
606 3383 693 3439 Andr.
713 3390 879 3453 2,1,6sqq.

392 3565 408 3614 8
427 3574 462 3613 ex
479 3558 637 3615 abundanti
655 3559 741 3631 (hab.)
756 3561 842 3630 Flpv
861 3562 908 3629 (cf.
926 3560 1082 3632 Quiuta'l.4,
1097 3564 1188 3629 5,15;
1206 3564 1232 3628 5,
1247 3564 1274 3627 6,
1285 3564 1333 3628 1)‚·

322 3648 355 3685 ex
379 3629 554 3685 abundantia
574 3632 722 3714 VdGobe
739 3634 800 3755 bn
821 3633 851 3686 et
867 3630 1032 3715 margilam
1051 3635 1081 3687 eb
1097 3649 1114 3688 v
1131 3635 1141 3703 fl
1159 3638 1192 3687 21
1212 3630 1336 3713 sanioris

328 3702 495 3773 VAFablp
523 3704 594 3772 (opp.
617 3718 718 3757 insana
760 3718 863 3773 egrans
886 3704 1042 3775 cuprdme)3
1070 3718 1127 3757 seu.
1151 3720 1186 3759 eo
1202 3706 1212 3774 l
1230 3708 1265 3757 24
1283 3720 1337 3771 qna

328 3773 482 3845 VAn¹(?)l;
501 3790 556 3842 quo
576 3773 763 3842 FGn¹obpu
