3284 4459
777 489 799 531 S.
812 490 979 533 Incusum

745 707 865 775 Oneon
888 709 1008 775 XXIII.

407 840 519 899 Contra
544 839 713 913 opinionem
735 854 848 911 eorum,
872 841 926 912 qut
947 841 1055 899 dieunt
1076 856 1133 900 neo
1156 840 1272 899 dioboli
1293 856 1353 900 neo

473 929 624 988 lominum
648 929 796 986 mulorum
814 934 965 1002 perpetuo
985 926 1096 1002 futuro
1118 930 1277 1003 supplicio.

460 1050 501 1110 Ao
519 1051 649 1128 primum
667 1051 770 1126 quaeri
788 1058 907 1129 oportet
925 1059 1012 1129 atque
1036 1052 1185 1129 cognosci,
1208 1068 1263 1112 cur
1286 1050 1381 1111 eccle·

336 1149 353 1194 s
372 1141 414 1199 sia
434 1139 513 1198 ferre
533 1138 699 1215 nequiverit
721 1136 873 1199 homiuum
900 1138 1129 1217 disputationem
1153 1137 1268 1198 diabolo
1292 1141 1381 1199 etiam

372 1236 440 1306 post
467 1228 607 1286 maximos
634 1233 664 1284 et
696 1225 934 1286 diuturnissimas
961 1244 1070 1306 poenas
1098 1229 1305 1305 purgationem
1335 1227 1381 1287 vel

372 1314 583 1394 indulgentiam
602 1312 798 1391 pollicentem.
835 1313 937 1393 Neque
957 1316 1036 1374 enlm
1054 1322 1099 1374 tot
1122 1316 1216 1375 sancti
1238 1324 1270 1375 et
1288 1318 1382 1375 sacris

373 1402 522 1463 veteribus
550 1420 584 1461 ac
612 1404 694 1461 novis
721 1401 829 1462 litteris
856 1402 965 1463 eruditi
994 1401 1214 1463 mundationem
1243 1412 1273 1463 et
1296 1406 1382 1482 regni

372 1491 521 1552 caelorum
549 1490 762 1550 beatitudinem
788 1499 856 1569 post
883 1491 1107 1569 qnaIIacnmque
1136 1499 1167 1551 et
1190 1501 1382 1569 quantacum-

322 1589 353 1637 ιο
373 1598 430 1658 que
460 1577 602 1657 supplicia
636 1577 900 1657 qualibuscumque
934 1588 964 1639 et
993 1581 1239 1658 quantiscumque
1269 1579 1382 1659 angelis

372 1666 555 1746 inviderunt,
582 1665 634 1726 sed
656 1668 756 1745 pullus
779 1667 917 1727 viderunt
940 1666 1067 1726 divinam
1090 1669 1207 1727 vacuari
1231 1667 1277 1727 vel
1300 1669 1381 1728 infir-

372 1757 447 1815 mari
474 1772 535 1814 non
561 1772 648 1831 posse
677 1757 870 1835 sententiam,
900 1773 988 1833 quam
1011 1773 1043 1814 se
1066 1754 1209 1816 Dominus
1232 1773 1382 1834 praenun-

371 1844 453 1903 tiavit
475 1844 506 1902 in
529 1842 638 1902 indicio
666 1841 852 1921 prolaturum
875 1853 962 1921 atque
986 1842 1149 1904 dicturum:
1183 1844 1339 1905 llisccdite
1362 1863 1382 1905 o

371 1948 426 2004 me,
449 1933 615 2005 maledicti,
643 1933 675 1991 ln
698 1934 797 2004 ionem
819 1939 989 2005 oeternum,
1020 1934 1074 2006 qui
1092 1939 1223 2007 parolus
1247 1938 1292 1993 est
1314 1934 1381 1993 dlo-

321 2029 353 2075 1o
373 2021 439 2079 bolo
471 2025 500 2080 et
531 2022 647 2093 nauelis
678 2022 743 2079 cius
776 2013 835 2100 (sic
868 2020 976 2098 quippe
1005 2018 1134 2079 ostendit
1160 2028 1281 2080 aeterno
1310 2022 1380 2099 igne

373 2105 520 2167 dlabolum
543 2115 574 2167 et
603 2106 722 2184 angelos
744 2109 809 2167 eius
833 2100 983 2189 arsuros);
1011 2116 1041 2167 et
1064 2107 1142 2185 quod
1167 2110 1311 2187 scriptum
1336 2118 1384 2169 est

371 2197 401 2255 in
425 2195 603 2274 apocalypsi:
627 2195 787 2269 ntoootos,
810 2198 864 2271 qui
883 2197 1048 2256 seducebat
1070 2214 1128 2269 eos,
1151 2198 1258 2257 missus
1281 2204 1327 2257 est
1350 2200 1382 2258 io

371 2292 511 2358 stannum
538 2286 618 2357 ionis
641 2290 671 2345 et
696 2285 865 2359 sulphuris,
892 2301 950 2359 quo
973 2291 1003 2344 et
1026 2285 1121 2345 bestia
1143 2292 1174 2345 et
1192 2287 1381 2361 pseudopro-

368 2374 479 2448 phetu;
502 2379 532 2432 et
550 2373 774 2431 cruciabuntur
798 2374 848 2432 elie
872 2380 902 2434 at
931 2379 1019 2433 nocte
1041 2375 1072 2432 in
1095 2376 1221 2433 soeculo
1242 2377 1381 2435 soeculo·

318 2469 353 2517 20
372 2477 448 2521 rum.
494 2458 579 2530 Quod
603 2459 644 2519 ibi
666 2458 778 2519 dictum
801 2467 847 2519 est
875 2467 1044 2533 oeternum,
1072 2458 1120 2521 bio
1143 2460 1256 2521 dIctum
1279 2469 1327 2521 est
1350 2464 1382 2523 in

370 2552 498 2610 soeculo
524 2551 728 2627 soeculorum,
755 2546 863 2625 quibus
890 2544 987 2607 verbis
1017 2546 1090 2607 nihil
1112 2550 1260 2627 scriptura
1283 2548 1382 2610 divina

371 2636 537 2714 signiticare
555 2628 717 2717 consuevit,
739 2638 797 2696 nisi
820 2635 898 2713 quod
922 2636 1010 2695 finem
1034 2654 1093 2696 non
1116 2636 1205 2696 habet
1227 2640 1381 2716 temporis.

372 2721 467 2793 Quam
494 2722 532 2782 ob
560 2742 623 2783 rem
650 2741 773 2803 prorsus
801 2742 857 2784 nec
884 2723 938 2783 alia
965 2741 1054 2784 cansa
1082 2742 1137 2784 nec
1160 2726 1267 2785 iustior
1291 2734 1381 2805 atque

372 2811 555 2871 manifestior
577 2813 703 2871 Inveniri
726 2819 833 2893 potest,
857 2830 911 2872 cur
933 2812 1087 2872 verissima
1109 2812 1218 2891 pietate
1242 2820 1381 2875 teneatur

318 2909 352 2957 25
372 2898 463 2959 fixum
490 2906 521 2958 et
546 2898 685 2958 inmobile
713 2899 827 2960 nullum
855 2917 1023 2978 regressum
1052 2899 1088 2961 ad
1111 2902 1254 2961 Iustitiam
1276 2903 1380 2962 vitam·

371 3004 428 3064 que
453 2994 622 3046 sanctorum
649 2986 797 3047 diabolum
825 2995 856 3047 et
884 2987 1003 3066 angelos
1031 2990 1095 3048 eius
1119 2986 1290 3068 babituros,
1322 2992 1380 3050 nisi

371 3076 439 3153 quia
462 3074 622 3154 scriptura,
650 3093 724 3153 quae
749 3078 896 3135 neminem
926 3075 1012 3156 fallit,
1040 3074 1111 3136 dicit
1135 3078 1180 3137 eis
1202 3076 1296 3137 Deum
1319 3096 1380 3139 non

370 3162 555 3243 pepercisse,
583 3171 614 3222 et
640 3164 683 3222 sic
712 3161 747 3223 ab
771 3162 821 3222 illo
846 3182 911 3224 esse
934 3165 1056 3223 interim
1079 3162 1316 3245 praedamnatos,
1347 3176 1381 3227 ut

370 3248 540 3311 carceribus
563 3251 695 3328 caliginis
717 3251 806 3311 Inferi
830 3252 941 3312 retrusi
965 3250 1155 3312 traderentur
1179 3253 1314 3314 servandi
1338 3262 1378 3315 at-

317 3349 352 3397 30
371 3356 430 3416 que
461 3336 565 3398 ultimo
595 3338 704 3398 indicio
731 3338 889 3419 puniendI,
921 3336 1038 3418 quando
1067 3358 1118 3399 eos
1141 3349 1280 3401 aeternus
1303 3342 1380 3421 ignis

438 3468 481 3535 15)
500 3466 549 3520 ist.
570 3473 612 3532 ns,
627 3474 670 3521 41.
718 3469 763 3536 eo)
782 3467 868 3536 Apoo.
888 3473 1031 3537 20‚1osq.
1078 3472 1122 3540 ns)
1142 3476 1167 3524 n.
1185 3470 1258 3524 Petr.
1279 3477 1304 3539 n,
1319 3478 1344 3525 4.

436 3612 452 3659 tt
465 3614 491 3661 el
503 3613 536 3660 14
551 3605 665 3660 diabulo
677 3608 704 3661 R
718 3613 743 3661 et
755 3609 795 3661 oio
807 3610 899 3663 crebro
913 3611 922 3678 ll
936 3613 970 3663 18
983 3611 1246 3680 pseudoprophetae
1255 3612 1381 3683 nnsop

366 3678 444 3801 {detq
456 3681 493 3801 3Δί
506 3681 693 3816 &divom
712 3693 784 3732 crue.
804 3680 864 3747 (om.
880 3682 919 3748 et)
933 3682 1082 3751 Rouaep
1100 3684 1109 3751 ΙΙ
1128 3686 1156 3736 eb
1174 3686 1257 3737 nocte
1272 3684 1380 3756 natm
