<?xml version="1.0" encoding="UTF-8"?>
<!DOCTYPE html PUBLIC "-//W3C//DTD XHTML 1.0 Transitional//EN"
    "http://www.w3.org/TR/xhtml1/DTD/xhtml1-transitional.dtd">
<html xmlns="http://www.w3.org/1999/xhtml" xml:lang="en" lang="en">
 <head>
  <title>
</title>
<meta http-equiv="Content-Type" content="text/html;charset=utf-8" />
  <meta name='ocr-system' content='tesseract 3.04.00' />
  <meta name='ocr-capabilities' content='ocr_page ocr_carea ocr_par ocr_line ocrx_word'/>
</head>
<body>
  <div class='ocr_page' id='page_1' title='image "./sanctiaureliiau11augugoog_0469.png"; bbox 0 0 3284 4459; ppageno 0'>
   <div class='ocr_carea' id='block_1_1' title="bbox 566 516 1293 579">
    <p class='ocr_par' dir='ltr' id='par_1_1' title="bbox 566 516 1293 579">
     <span class='ocr_line' id='line_1_1' title="bbox 566 516 1293 579; baseline 0.018 -13"><span class='ocrx_word' id='word_1_1' title='bbox 566 528 606 567; x_wconf 80' lang='lat' dir='ltr'>nn</span> <span class='ocrx_word' id='word_1_2' title='bbox 620 526 763 567; x_wconf 68' lang='lat' dir='ltr'>murreum</span> <span class='ocrx_word' id='word_1_3' title='bbox 776 528 830 567; x_wconf 79' lang='lat' dir='ltr'>nm</span> <span class='ocrx_word' id='word_1_4' title='bbox 844 528 869 567; x_wconf 82' lang='lat' dir='ltr'>n.</span> <span class='ocrx_word' id='word_1_5' title='bbox 885 528 971 569; x_wconf 61' lang='lat' dir='ltr'>xxm.</span> <span class='ocrx_word' id='word_1_6' title='bbox 986 530 1018 569; x_wconf 82' lang='lat'>19.</span> <span class='ocrx_word' id='word_1_7' title='bbox 1229 516 1293 579; x_wconf 81' lang='lat'>451</span> 
     </span>
    </p>
   </div>
   <div class='ocr_carea' id='block_1_2' title="bbox 288 662 1354 3568">
    <p class='ocr_par' dir='ltr' id='par_1_2' title="bbox 289 662 1354 2064">
     <span class='ocr_line' id='line_1_2' title="bbox 292 662 1294 749; baseline 0.006 -29"><span class='ocrx_word' id='word_1_8' title='bbox 292 662 409 723; x_wconf 88' lang='lat' dir='ltr'>videtur</span> <span class='ocrx_word' id='word_1_9' title='bbox 432 662 595 743; x_wconf 78' lang='lat' dir='ltr'>occrrltum3</span> <span class='ocrx_word' id='word_1_10' title='bbox 618 662 732 722; x_wconf 87' lang='lat' dir='ltr'>hortari</span> <span class='ocrx_word' id='word_1_11' title='bbox 755 670 853 722; x_wconf 89' lang='lat' dir='ltr'>autem</span> <span class='ocrx_word' id='word_1_12' title='bbox 877 662 1041 741; x_wconf 88' lang='lat' dir='ltr'>apostolum</span> <span class='ocrx_word' id='word_1_13' title='bbox 1065 663 1179 744; x_wconf 81' lang='lat' dir='ltr'>fideles,</span> <span class='ocrx_word' id='word_1_14' title='bbox 1209 667 1294 749; x_wconf 81' lang='lat' dir='ltr'>utin</span> 
     </span>
     <span class='ocr_line' id='line_1_3' title="bbox 291 750 1295 831; baseline 0.004 -21"><span class='ocrx_word' id='word_1_15' title='bbox 291 751 348 810; x_wconf 82' lang='lat' dir='ltr'>nde</span> <span class='ocrx_word' id='word_1_16' title='bbox 373 768 460 829; x_wconf 89' lang='lat' dir='ltr'>quam</span> <span class='ocrx_word' id='word_1_17' title='bbox 484 758 587 810; x_wconf 91' lang='lat' dir='ltr'>tenent</span> <span class='ocrx_word' id='word_1_18' title='bbox 610 753 752 811; x_wconf 81' lang='lat' dir='ltr'><strong>tenaciter</strong></span> <span class='ocrx_word' id='word_1_19' title='bbox 775 759 981 831; x_wconf 80' lang='lat' dir='ltr'>perseverent,</span> <span class='ocrx_word' id='word_1_20' title='bbox 1004 750 1142 812; x_wconf 89' lang='lat' dir='ltr'>dicendo:</span> <span class='ocrx_word' id='word_1_21' title='bbox 1169 753 1295 814; x_wconf 78' lang='lat' dir='ltr'>Tantam</span> 
     </span>
     <span class='ocr_line' id='line_1_4' title="bbox 290 841 1295 922; baseline 0.002 -22"><span class='ocrx_word' id='word_1_22' title='bbox 290 843 346 914; x_wconf 82' lang='lat' dir='ltr'>qai</span> <span class='ocrx_word' id='word_1_23' title='bbox 373 842 459 900; x_wconf 84' lang='lat' dir='ltr'>modo</span> <span class='ocrx_word' id='word_1_24' title='bbox 487 847 568 899; x_wconf 85' lang='lat' dir='ltr'>tenet</span> <span class='ocrx_word' id='word_1_25' title='bbox 594 846 709 913; x_wconf 86' lang='lat' dir='ltr'>teneat,</span> <span class='ocrx_word' id='word_1_26' title='bbox 742 841 838 900; x_wconf 87' lang='lat' dir='ltr'>donec</span> <span class='ocrx_word' id='word_1_27' title='bbox 866 842 903 900; x_wconf 85' lang='lat' dir='ltr'>de</span> <span class='ocrx_word' id='word_1_28' title='bbox 930 842 1027 901; x_wconf 85' lang='lat' dir='ltr'>medio</span> <span class='ocrx_word' id='word_1_29' title='bbox 1052 844 1123 915; x_wconf 79' lang='lat' dir='ltr'>fiat,</span> <span class='ocrx_word' id='word_1_30' title='bbox 1155 841 1212 902; x_wconf 87' lang='lat' dir='ltr'>hoc</span> <span class='ocrx_word' id='word_1_31' title='bbox 1241 851 1295 922; x_wconf 85' lang='lat' dir='ltr'>est,</span> 
     </span>
     <span class='ocr_line' id='line_1_5' title="bbox 290 926 1294 1010; baseline 0.004 -23"><span class='ocrx_word' id='word_1_32' title='bbox 290 928 485 989; x_wconf 82' lang='lat' dir='ltr'>donecexeat</span> <span class='ocrx_word' id='word_1_33' title='bbox 502 926 650 987; x_wconf 88' lang='lat' dir='ltr'>demedio</span> <span class='ocrx_word' id='word_1_34' title='bbox 669 926 810 987; x_wconf 87' lang='lat' dir='ltr'>ecclesiae</span> <span class='ocrx_word' id='word_1_35' title='bbox 830 929 1002 1007; x_wconf 79' lang='lat' dir='ltr'>mysterium</span> <span class='ocrx_word' id='word_1_36' title='bbox 1022 931 1192 1010; x_wconf 83' lang='lat' dir='ltr'>iniquitatis,</span> <span class='ocrx_word' id='word_1_37' title='bbox 1217 930 1294 1009; x_wconf 90' lang='lat' dir='ltr'>quod</span> 
     </span>
     <span class='ocr_line' id='line_1_6' title="bbox 291 1015 1329 1097; baseline 0.004 -22"><span class='ocrx_word' id='word_1_38' title='bbox 291 1034 370 1077; x_wconf 89' lang='lat' dir='ltr'>nunc</span> <span class='ocrx_word' id='word_1_39' title='bbox 393 1015 542 1076; x_wconf 79' lang='lat' dir='ltr'>oecrrltum</span> <span class='ocrx_word' id='word_1_40' title='bbox 562 1023 615 1075; x_wconf 92' lang='lat' dir='ltr'>est.</span> <span class='ocrx_word' id='word_1_41' title='bbox 660 1015 702 1075; x_wconf 79' lang='lat' dir='ltr'>nd</span> <span class='ocrx_word' id='word_1_42' title='bbox 726 1018 833 1094; x_wconf 89' lang='lat' dir='ltr'>ipsum·</span> <span class='ocrx_word' id='word_1_43' title='bbox 847 1018 924 1077; x_wconf 92' lang='lat' dir='ltr'>enim</span> <span class='ocrx_word' id='word_1_44' title='bbox 949 1019 1122 1096; x_wconf 79' lang='lat' dir='ltr'>mysterium</span> <span class='ocrx_word' id='word_1_45' title='bbox 1144 1021 1329 1097; x_wconf 77' lang='lat' dir='ltr'>pertineres</span> 
     </span>
     <span class='ocr_line' id='line_1_7' title="bbox 290 1102 1295 1186; baseline 0.004 -22"><span class='ocrx_word' id='word_1_46' title='bbox 290 1105 481 1185; x_wconf 91' lang='lat' dir='ltr'>arbitrantur,</span> <span class='ocrx_word' id='word_1_47' title='bbox 505 1103 583 1183; x_wconf 91' lang='lat' dir='ltr'>quod</span> <span class='ocrx_word' id='word_1_48' title='bbox 602 1106 643 1163; x_wconf 88' lang='lat' dir='ltr'>ait</span> <span class='ocrx_word' id='word_1_49' title='bbox 662 1106 693 1164; x_wconf 94' lang='lat' dir='ltr'>in</span> <span class='ocrx_word' id='word_1_50' title='bbox 712 1102 838 1182; x_wconf 79' lang='lat' dir='ltr'>epistula</span> <span class='ocrx_word' id='word_1_51' title='bbox 861 1122 914 1165; x_wconf 92' lang='lat' dir='ltr'>sua</span> <span class='ocrx_word' id='word_1_52' title='bbox 937 1102 1081 1165; x_wconf 85' lang='lat' dir='ltr'>lohannes</span> <span class='ocrx_word' id='word_1_53' title='bbox 1105 1107 1295 1186; x_wconf 80' lang='lat' dir='ltr'>evangelista:</span> 
     </span>
     <span class='ocr_line' id='line_1_8' title="bbox 290 1194 1294 1273; baseline 0.001 -19"><span class='ocrx_word' id='word_1_54' title='bbox 290 1194 398 1273; x_wconf 85' lang='lat' dir='ltr'>Pueri,</span> <span class='ocrx_word' id='word_1_55' title='bbox 420 1196 581 1254; x_wconf 86' lang='lat' dir='ltr'>novissima</span> <span class='ocrx_word' id='word_1_56' title='bbox 603 1194 680 1253; x_wconf 75' lang='lat' dir='ltr'>liora</span> <span class='ocrx_word' id='word_1_57' title='bbox 703 1201 763 1264; x_wconf 89' lang='lat' dir='ltr'>cst;</span> <span class='ocrx_word' id='word_1_58' title='bbox 791 1199 821 1252; x_wconf 84' lang='lat' dir='ltr'>et</span> <span class='ocrx_word' id='word_1_59' title='bbox 842 1196 922 1253; x_wconf 89' lang='lat' dir='ltr'>sicat</span> <span class='ocrx_word' id='word_1_60' title='bbox 944 1195 1085 1267; x_wconf 81' lang='lat' dir='ltr'>audistis,</span> <span class='ocrx_word' id='word_1_61' title='bbox 1108 1198 1190 1269; x_wconf 81' lang='lat' dir='ltr'>qaod</span> <span class='ocrx_word' id='word_1_62' title='bbox 1210 1196 1294 1255; x_wconf 78' lang='lat' dir='ltr'>Anti-</span> 
     </span>
     <span class='ocr_line' id='line_1_9' title="bbox 290 1272 1297 1357; baseline 0 -14"><span class='ocrx_word' id='word_1_63' title='bbox 290 1284 423 1343; x_wconf 77' lang='lat' dir='ltr'>christus</span> <span class='ocrx_word' id='word_1_64' title='bbox 443 1285 483 1341; x_wconf 89' lang='lat' dir='ltr'>sit</span> <span class='ocrx_word' id='word_1_65' title='bbox 505 1272 657 1355; x_wconf 74' lang='lat' dir='ltr'>venturos,</span> <span class='ocrx_word' id='word_1_66' title='bbox 679 1298 762 1344; x_wconf 91' lang='lat' dir='ltr'>nanc</span> <span class='ocrx_word' id='word_1_67' title='bbox 784 1288 885 1341; x_wconf 88' lang='lat' dir='ltr'>antem</span> <span class='ocrx_word' id='word_1_68' title='bbox 908 1282 1090 1343; x_wconf 73' lang='lat' dir='ltr'>Antichristi</span> <span class='ocrx_word' id='word_1_69' title='bbox 1111 1286 1197 1343; x_wconf 88' lang='lat' dir='ltr'>malti</span> <span class='ocrx_word' id='word_1_70' title='bbox 1215 1281 1297 1357; x_wconf 81' lang='lat' dir='ltr'>facti</span> 
     </span>
     <span class='ocr_line' id='line_1_10' title="bbox 289 1371 1294 1443; baseline 0 -12"><span class='ocrx_word' id='word_1_71' title='bbox 289 1376 377 1441; x_wconf 87' lang='lat' dir='ltr'>sont,·</span> <span class='ocrx_word' id='word_1_72' title='bbox 407 1372 489 1430; x_wconf 84' lang='lat' dir='ltr'>ande</span> <span class='ocrx_word' id='word_1_73' title='bbox 520 1372 727 1443; x_wconf 77' lang='lat' dir='ltr'>coonoscimas</span> <span class='ocrx_word' id='word_1_74' title='bbox 753 1371 836 1443; x_wconf 81' lang='lat' dir='ltr'>qnod</span> <span class='ocrx_word' id='word_1_75' title='bbox 860 1372 1021 1431; x_wconf 83' lang='lat' dir='ltr'>nouissima</span> <span class='ocrx_word' id='word_1_76' title='bbox 1047 1373 1087 1429; x_wconf 86' lang='lat' dir='ltr'>sit</span> <span class='ocrx_word' id='word_1_77' title='bbox 1112 1372 1199 1432; x_wconf 78' lang='lat' dir='ltr'>nora.</span> <span class='ocrx_word' id='word_1_78' title='bbox 1244 1372 1294 1431; x_wconf 85' lang='lat' dir='ltr'>Ea</span> 
     </span>
     <span class='ocr_line' id='line_1_11' title="bbox 289 1458 1346 1535; baseline 0 -16"><span class='ocrx_word' id='word_1_79' title='bbox 289 1460 377 1519; x_wconf 81' lang='lat' dir='ltr'>nodis</span> <span class='ocrx_word' id='word_1_80' title='bbox 399 1462 557 1528; x_wconf 75' lang='lat' dir='ltr'>exierant5</span> <span class='ocrx_word' id='word_1_81' title='bbox 586 1459 642 1518; x_wconf 86' lang='lat' dir='ltr'>sed</span> <span class='ocrx_word' id='word_1_82' title='bbox 662 1474 722 1518; x_wconf 95' lang='lat' dir='ltr'>non</span> <span class='ocrx_word' id='word_1_83' title='bbox 745 1464 836 1517; x_wconf 84' lang='lat' dir='ltr'>erant</span> <span class='ocrx_word' id='word_1_84' title='bbox 857 1476 897 1519; x_wconf 84' lang='lat' dir='ltr'>eac</span> <span class='ocrx_word' id='word_1_85' title='bbox 919 1459 1012 1520; x_wconf 81' lang='lat' dir='ltr'>nobis.</span> <span class='ocrx_word' id='word_1_86' title='bbox 1063 1460 1151 1530; x_wconf 81' lang='lat' dir='ltr'>Quod</span> <span class='ocrx_word' id='word_1_87' title='bbox 1170 1462 1199 1520; x_wconf 87' lang='lat' dir='ltr'>si</span> <span class='ocrx_word' id='word_1_88' title='bbox 1216 1458 1292 1535; x_wconf 82' lang='lat' dir='ltr'>sais·</span> <span class='ocrx_word' id='word_1_89' title='bbox 1314 1473 1346 1519; x_wconf 89' lang='lat'>10</span> 
     </span>
     <span class='ocr_line' id='line_1_12' title="bbox 289 1546 1354 1626; baseline 0.002 -19"><span class='ocrx_word' id='word_1_90' title='bbox 289 1554 357 1607; x_wconf 87' lang='lat' dir='ltr'>sent</span> <span class='ocrx_word' id='word_1_91' title='bbox 387 1564 427 1607; x_wconf 81' lang='lat' dir='ltr'>en</span> <span class='ocrx_word' id='word_1_92' title='bbox 458 1547 559 1626; x_wconf 83' lang='lat' dir='ltr'>nodis,</span> <span class='ocrx_word' id='word_1_93' title='bbox 589 1548 827 1621; x_wconf 80' lang='lat' dir='ltr'>permansissent</span> <span class='ocrx_word' id='word_1_94' title='bbox 859 1548 961 1620; x_wconf 83' lang='lat' dir='ltr'>atique</span> <span class='ocrx_word' id='word_1_95' title='bbox 993 1548 1155 1607; x_wconf 83' lang='lat' dir='ltr'>nobiscnm.</span> <span class='ocrx_word' id='word_1_96' title='bbox 1211 1546 1294 1609; x_wconf 89' lang='lat' dir='ltr'>Sicut</span> <span class='ocrx_word' id='word_1_97' title='bbox 1350 1574 1354 1579; x_wconf 90' lang='lat'>·</span> 
     </span>
     <span class='ocr_line' id='line_1_13' title="bbox 291 1633 1293 1714; baseline 0.003 -20"><span class='ocrx_word' id='word_1_98' title='bbox 291 1652 361 1714; x_wconf 80' lang='lat' dir='ltr'>ergo</span> <span class='ocrx_word' id='word_1_99' title='bbox 389 1641 456 1694; x_wconf 93' lang='lat' dir='ltr'>ante</span> <span class='ocrx_word' id='word_1_100' title='bbox 483 1634 572 1693; x_wconf 87' lang='lat' dir='ltr'>finem</span> <span class='ocrx_word' id='word_1_101' title='bbox 599 1635 630 1693; x_wconf 87' lang='lat' dir='ltr'>in</span> <span class='ocrx_word' id='word_1_102' title='bbox 658 1633 713 1693; x_wconf 90' lang='lat' dir='ltr'>hac</span> <span class='ocrx_word' id='word_1_103' title='bbox 735 1633 821 1710; x_wconf 87' lang='lat' dir='ltr'>hora,</span> <span class='ocrx_word' id='word_1_104' title='bbox 849 1635 1004 1713; x_wconf 89' lang='lat' dir='ltr'>inquiunt,</span> <span class='ocrx_word' id='word_1_105' title='bbox 1037 1652 1125 1713; x_wconf 88' lang='lat' dir='ltr'>quam</span> <span class='ocrx_word' id='word_1_106' title='bbox 1149 1634 1293 1697; x_wconf 88' lang='lat' dir='ltr'>lohannes</span> 
     </span>
     <span class='ocr_line' id='line_1_14' title="bbox 291 1720 1292 1801; baseline 0.002 -18"><span class='ocrx_word' id='word_1_107' title='bbox 291 1724 477 1783; x_wconf 89' lang='lat' dir='ltr'>novissimam</span> <span class='ocrx_word' id='word_1_108' title='bbox 496 1722 576 1801; x_wconf 95' lang='lat' dir='ltr'>dicit,</span> <span class='ocrx_word' id='word_1_109' title='bbox 599 1723 736 1782; x_wconf 83' lang='lat' dir='ltr'>exierunt</span> <span class='ocrx_word' id='word_1_110' title='bbox 755 1721 840 1781; x_wconf 90' lang='lat' dir='ltr'>multi</span> <span class='ocrx_word' id='word_1_111' title='bbox 860 1720 1001 1783; x_wconf 88' lang='lat' dir='ltr'>haeretici</span> <span class='ocrx_word' id='word_1_112' title='bbox 1021 1722 1056 1783; x_wconf 91' lang='lat' dir='ltr'>de</span> <span class='ocrx_word' id='word_1_113' title='bbox 1080 1723 1176 1784; x_wconf 90' lang='lat' dir='ltr'>medio</span> <span class='ocrx_word' id='word_1_114' title='bbox 1200 1726 1292 1785; x_wconf 91' lang='lat' dir='ltr'>eccle·</span> 
     </span>
     <span class='ocr_line' id='line_1_15' title="bbox 290 1809 1292 1889; baseline 0.002 -17"><span class='ocrx_word' id='word_1_115' title='bbox 290 1813 359 1886; x_wconf 89' lang='lat' dir='ltr'>siae,</span> <span class='ocrx_word' id='word_1_116' title='bbox 383 1829 457 1889; x_wconf 91' lang='lat' dir='ltr'>quos</span> <span class='ocrx_word' id='word_1_117' title='bbox 480 1809 589 1870; x_wconf 91' lang='lat' dir='ltr'>multos</span> <span class='ocrx_word' id='word_1_118' title='bbox 612 1810 684 1870; x_wconf 91' lang='lat' dir='ltr'>dicit</span> <span class='ocrx_word' id='word_1_119' title='bbox 706 1809 917 1871; x_wconf 76' lang='lat' dir='ltr'>Antichristos:</span> <span class='ocrx_word' id='word_1_120' title='bbox 940 1814 979 1871; x_wconf 89' lang='lat' dir='ltr'>ita</span> <span class='ocrx_word' id='word_1_121' title='bbox 1004 1829 1106 1871; x_wconf 90' lang='lat' dir='ltr'>omnes</span> <span class='ocrx_word' id='word_1_122' title='bbox 1130 1819 1202 1873; x_wconf 89' lang='lat' dir='ltr'>tunc</span> <span class='ocrx_word' id='word_1_123' title='bbox 1224 1814 1292 1874; x_wconf 93' lang='lat' dir='ltr'>inde</span> 
     </span>
     <span class='ocr_line' id='line_1_16' title="bbox 290 1897 1345 1980; baseline 0.003 -20"><span class='ocrx_word' id='word_1_124' title='bbox 290 1900 427 1980; x_wconf 82' lang='lat' dir='ltr'>exibunt,</span> <span class='ocrx_word' id='word_1_125' title='bbox 456 1901 507 1977; x_wconf 88' lang='lat' dir='ltr'>qui</span> <span class='ocrx_word' id='word_1_126' title='bbox 531 1916 589 1958; x_wconf 91' lang='lat' dir='ltr'>non</span> <span class='ocrx_word' id='word_1_127' title='bbox 613 1898 648 1959; x_wconf 94' lang='lat' dir='ltr'>ad</span> <span class='ocrx_word' id='word_1_128' title='bbox 672 1897 837 1978; x_wconf 85' lang='lat' dir='ltr'>Christum,</span> <span class='ocrx_word' id='word_1_129' title='bbox 861 1899 912 1959; x_wconf 91' lang='lat' dir='ltr'>sed</span> <span class='ocrx_word' id='word_1_130' title='bbox 936 1898 970 1958; x_wconf 93' lang='lat' dir='ltr'>ad</span> <span class='ocrx_word' id='word_1_131' title='bbox 995 1899 1077 1960; x_wconf 95' lang='lat' dir='ltr'>illum</span> <span class='ocrx_word' id='word_1_132' title='bbox 1101 1904 1292 1963; x_wconf 80' lang='lat' dir='ltr'>novissimum</span> <span class='ocrx_word' id='word_1_133' title='bbox 1313 1914 1345 1963; x_wconf 81' lang='lat'>15</span> 
     </span>
     <span class='ocr_line' id='line_1_17' title="bbox 291 1985 1080 2064; baseline 0 -17"><span class='ocrx_word' id='word_1_134' title='bbox 291 1988 502 2048; x_wconf 81' lang='lat' dir='ltr'>Antichristum</span> <span class='ocrx_word' id='word_1_135' title='bbox 526 1985 725 2064; x_wconf 86' lang='lat' dir='ltr'>pertinebunt,</span> <span class='ocrx_word' id='word_1_136' title='bbox 748 1994 778 2046; x_wconf 90' lang='lat' dir='ltr'>et</span> <span class='ocrx_word' id='word_1_137' title='bbox 801 1995 872 2047; x_wconf 89' lang='lat' dir='ltr'>tunc</span> <span class='ocrx_word' id='word_1_138' title='bbox 895 1986 1080 2047; x_wconf 83' lang='lat' dir='ltr'>revelabitur.</span> 
     </span>
    </p>

    <p class='ocr_par' dir='ltr' id='par_1_3' title="bbox 288 2070 1344 3568">
     <span class='ocr_line' id='line_1_18' title="bbox 378 2070 1293 2160; baseline 0.003 -24"><span class='ocrx_word' id='word_1_139' title='bbox 378 2076 460 2136; x_wconf 81' lang='lat' dir='ltr'>Alius</span> <span class='ocrx_word' id='word_1_140' title='bbox 480 2094 550 2153; x_wconf 85' lang='lat' dir='ltr'>ergo</span> <span class='ocrx_word' id='word_1_141' title='bbox 569 2078 622 2160; x_wconf 89' lang='lat' dir='ltr'>sic,</span> <span class='ocrx_word' id='word_1_142' title='bbox 644 2074 719 2135; x_wconf 93' lang='lat' dir='ltr'>alius</span> <span class='ocrx_word' id='word_1_143' title='bbox 737 2081 836 2134; x_wconf 91' lang='lat' dir='ltr'>autem</span> <span class='ocrx_word' id='word_1_144' title='bbox 850 2070 898 2135; x_wconf 89' lang='lat' dir='ltr'>&#39;sic</span> <span class='ocrx_word' id='word_1_145' title='bbox 917 2076 1041 2154; x_wconf 89' lang='lat' dir='ltr'>apostoli</span> <span class='ocrx_word' id='word_1_146' title='bbox 1060 2077 1186 2138; x_wconf 89' lang='lat' dir='ltr'>obscura</span> <span class='ocrx_word' id='word_1_147' title='bbox 1204 2079 1293 2140; x_wconf 86' lang='lat' dir='ltr'>verba</span> 
     </span>
     <span class='ocr_line' id='line_1_19' title="bbox 289 2163 1291 2244; baseline 0.001 -18"><span class='ocrx_word' id='word_1_148' title='bbox 289 2167 449 2244; x_wconf 81' lang='lat' dir='ltr'>coniectat3</span> <span class='ocrx_word' id='word_1_149' title='bbox 472 2163 551 2242; x_wconf 88' lang='lat' dir='ltr'>quod</span> <span class='ocrx_word' id='word_1_150' title='bbox 574 2171 673 2224; x_wconf 89' lang='lat' dir='ltr'>tamen</span> <span class='ocrx_word' id='word_1_151' title='bbox 697 2181 764 2223; x_wconf 91' lang='lat' dir='ltr'>eum</span> <span class='ocrx_word' id='word_1_152' title='bbox 788 2163 897 2223; x_wconf 81' lang='lat' dir='ltr'>dixisse</span> <span class='ocrx_word' id='word_1_153' title='bbox 922 2181 980 2223; x_wconf 96' lang='lat' dir='ltr'>non</span> <span class='ocrx_word' id='word_1_154' title='bbox 1005 2164 1126 2225; x_wconf 90' lang='lat' dir='ltr'>dubium</span> <span class='ocrx_word' id='word_1_155' title='bbox 1151 2173 1210 2227; x_wconf 87' lang='lat' dir='ltr'>est:</span> <span class='ocrx_word' id='word_1_156' title='bbox 1234 2186 1291 2227; x_wconf 93' lang='lat' dir='ltr'>non</span> 
     </span>
     <span class='ocr_line' id='line_1_20' title="bbox 290 2250 1292 2333; baseline 0.001 -19"><span class='ocrx_word' id='word_1_157' title='bbox 290 2255 388 2314; x_wconf 88' lang='lat' dir='ltr'>veniet</span> <span class='ocrx_word' id='word_1_158' title='bbox 406 2253 442 2314; x_wconf 90' lang='lat' dir='ltr'>ad</span> <span class='ocrx_word' id='word_1_159' title='bbox 462 2255 542 2313; x_wconf 87' lang='lat' dir='ltr'>rivos</span> <span class='ocrx_word' id='word_1_160' title='bbox 560 2260 590 2312; x_wconf 94' lang='lat' dir='ltr'>et</span> <span class='ocrx_word' id='word_1_161' title='bbox 609 2260 742 2311; x_wconf 91' lang='lat' dir='ltr'>mortuos</span> <span class='ocrx_word' id='word_1_162' title='bbox 766 2250 938 2311; x_wconf 85' lang='lat' dir='ltr'>iudicandos</span> <span class='ocrx_word' id='word_1_163' title='bbox 962 2251 1106 2333; x_wconf 84' lang='lat' dir='ltr'>Christus,</span> <span class='ocrx_word' id='word_1_164' title='bbox 1130 2256 1186 2313; x_wconf 92' lang='lat' dir='ltr'>nisi</span> <span class='ocrx_word' id='word_1_165' title='bbox 1209 2257 1292 2333; x_wconf 87' lang='lat' dir='ltr'>prius</span> 
     </span>
     <span class='ocr_line' id='line_1_21' title="bbox 288 2339 1344 2405; baseline 0.004 -5"><span class='ocrx_word' id='word_1_166' title='bbox 288 2344 404 2402; x_wconf 88' lang='lat' dir='ltr'>venerit</span> <span class='ocrx_word' id='word_1_167' title='bbox 425 2341 461 2401; x_wconf 90' lang='lat' dir='ltr'>ad</span> <span class='ocrx_word' id='word_1_168' title='bbox 485 2339 669 2401; x_wconf 90' lang='lat' dir='ltr'>seducendos</span> <span class='ocrx_word' id='word_1_169' title='bbox 691 2342 721 2399; x_wconf 92' lang='lat' dir='ltr'>in</span> <span class='ocrx_word' id='word_1_170' title='bbox 745 2341 841 2399; x_wconf 87' lang='lat' dir='ltr'>anima</span> <span class='ocrx_word' id='word_1_171' title='bbox 865 2348 997 2399; x_wconf 88' lang='lat' dir='ltr'>mortuos</span> <span class='ocrx_word' id='word_1_172' title='bbox 1020 2340 1204 2401; x_wconf 89' lang='lat' dir='ltr'>adversarius</span> <span class='ocrx_word' id='word_1_173' title='bbox 1228 2344 1291 2403; x_wconf 90' lang='lat' dir='ltr'>eius</span> <span class='ocrx_word' id='word_1_174' title='bbox 1311 2356 1344 2405; x_wconf 79' lang='lat'>20</span> 
     </span>
     <span class='ocr_line' id='line_1_22' title="bbox 289 2428 1291 2509; baseline -0.001 -18"><span class='ocrx_word' id='word_1_175' title='bbox 289 2430 501 2507; x_wconf 72' lang='lat' dir='ltr'>Antichristus,</span> <span class='ocrx_word' id='word_1_176' title='bbox 525 2430 657 2507; x_wconf 84' lang='lat' dir='ltr'>quamvis</span> <span class='ocrx_word' id='word_1_177' title='bbox 676 2428 712 2487; x_wconf 91' lang='lat' dir='ltr'>ad</span> <span class='ocrx_word' id='word_1_178' title='bbox 730 2428 880 2488; x_wconf 88' lang='lat' dir='ltr'>occultum</span> <span class='ocrx_word' id='word_1_179' title='bbox 904 2430 960 2488; x_wconf 90' lang='lat' dir='ltr'>iam</span> <span class='ocrx_word' id='word_1_180' title='bbox 984 2429 1126 2489; x_wconf 91' lang='lat' dir='ltr'>iudicium</span> <span class='ocrx_word' id='word_1_181' title='bbox 1150 2429 1203 2489; x_wconf 82' lang='lat' dir='ltr'>iter</span> <span class='ocrx_word' id='word_1_182' title='bbox 1225 2448 1291 2509; x_wconf 90' lang='lat' dir='ltr'>per·</span> 
     </span>
     <span class='ocr_line' id='line_1_23' title="bbox 290 2515 1292 2597; baseline 0 -18"><span class='ocrx_word' id='word_1_183' title='bbox 290 2522 394 2597; x_wconf 88' lang='lat' dir='ltr'>tineat,</span> <span class='ocrx_word' id='word_1_184' title='bbox 424 2518 501 2596; x_wconf 89' lang='lat' dir='ltr'>qnod</span> <span class='ocrx_word' id='word_1_185' title='bbox 525 2515 562 2576; x_wconf 93' lang='lat' dir='ltr'>ab</span> <span class='ocrx_word' id='word_1_186' title='bbox 584 2516 634 2576; x_wconf 93' lang='lat' dir='ltr'>illo</span> <span class='ocrx_word' id='word_1_187' title='bbox 657 2515 846 2576; x_wconf 88' lang='lat' dir='ltr'>seducentur.</span> <span class='ocrx_word' id='word_1_188' title='bbox 893 2516 1072 2577; x_wconf 80' lang='lat' dir='ltr'>Praesentia</span> <span class='ocrx_word' id='word_1_189' title='bbox 1095 2519 1204 2595; x_wconf 88' lang='lat' dir='ltr'>quippe</span> <span class='ocrx_word' id='word_1_190' title='bbox 1228 2522 1292 2579; x_wconf 86' lang='lat' dir='ltr'>eins</span> 
     </span>
     <span class='ocr_line' id='line_1_24' title="bbox 288 2605 1292 2683; baseline -0.001 -14"><span class='ocrx_word' id='word_1_191' title='bbox 288 2611 356 2681; x_wconf 89' lang='lat' dir='ltr'>erit,</span> <span class='ocrx_word' id='word_1_192' title='bbox 380 2608 458 2666; x_wconf 91' lang='lat' dir='ltr'>sicut</span> <span class='ocrx_word' id='word_1_193' title='bbox 479 2605 591 2665; x_wconf 90' lang='lat' dir='ltr'>dictum</span> <span class='ocrx_word' id='word_1_194' title='bbox 615 2613 674 2683; x_wconf 90' lang='lat' dir='ltr'>est,</span> <span class='ocrx_word' id='word_1_195' title='bbox 696 2606 861 2665; x_wconf 86' lang='lat' dir='ltr'>secandam</span> <span class='ocrx_word' id='word_1_196' title='bbox 884 2608 1088 2680; x_wconf 82' lang='lat' dir='ltr'>operationem</span> <span class='ocrx_word' id='word_1_197' title='bbox 1110 2613 1238 2667; x_wconf 89' lang='lat' dir='ltr'>satanae</span> <span class='ocrx_word' id='word_1_198' title='bbox 1261 2610 1292 2668; x_wconf 86' lang='lat' dir='ltr'>in</span> 
     </span>
     <span class='ocr_line' id='line_1_25' title="bbox 288 2695 1294 2768; baseline -0.001 -12"><span class='ocrx_word' id='word_1_199' title='bbox 288 2699 370 2757; x_wconf 84' lang='lat' dir='ltr'>omni</span> <span class='ocrx_word' id='word_1_200' title='bbox 391 2698 502 2755; x_wconf 88' lang='lat' dir='ltr'>oirtnte</span> <span class='ocrx_word' id='word_1_201' title='bbox 529 2702 559 2754; x_wconf 90' lang='lat' dir='ltr'>et</span> <span class='ocrx_word' id='word_1_202' title='bbox 584 2696 679 2768; x_wconf 73' lang='lat' dir='ltr'>sionis</span> <span class='ocrx_word' id='word_1_203' title='bbox 706 2701 736 2753; x_wconf 90' lang='lat' dir='ltr'>et</span> <span class='ocrx_word' id='word_1_204' title='bbox 759 2695 910 2768; x_wconf 73' lang='lat' dir='ltr'>prodioiis</span> <span class='ocrx_word' id='word_1_205' title='bbox 932 2695 1086 2755; x_wconf 86' lang='lat' dir='ltr'>mendacii</span> <span class='ocrx_word' id='word_1_206' title='bbox 1106 2701 1136 2754; x_wconf 88' lang='lat' dir='ltr'>et</span> <span class='ocrx_word' id='word_1_207' title='bbox 1159 2697 1190 2754; x_wconf 86' lang='lat' dir='ltr'>in</span> <span class='ocrx_word' id='word_1_208' title='bbox 1213 2698 1294 2755; x_wconf 81' lang='lat' dir='ltr'>orani</span> 
     </span>
     <span class='ocr_line' id='line_1_26' title="bbox 288 2780 1344 2857; baseline -0.001 -12"><span class='ocrx_word' id='word_1_209' title='bbox 288 2786 463 2846; x_wconf 80' lang='lat' dir='ltr'>seductione</span> <span class='ocrx_word' id='word_1_210' title='bbox 492 2784 660 2857; x_wconf 78' lang='lat' dir='ltr'>iniqnitatis</span> <span class='ocrx_word' id='word_1_211' title='bbox 682 2783 741 2855; x_wconf 75' lang='lat' dir='ltr'>leis,</span> <span class='ocrx_word' id='word_1_212' title='bbox 771 2784 826 2855; x_wconf 80' lang='lat' dir='ltr'>qni</span> <span class='ocrx_word' id='word_1_213' title='bbox 843 2789 981 2856; x_wconf 85' lang='lat' dir='ltr'>pereant.</span> <span class='ocrx_word' id='word_1_214' title='bbox 1026 2780 1110 2842; x_wconf 85' lang='lat' dir='ltr'>Tunc</span> <span class='ocrx_word' id='word_1_215' title='bbox 1134 2785 1212 2842; x_wconf 91' lang='lat' dir='ltr'>enim</span> <span class='ocrx_word' id='word_1_216' title='bbox 1235 2783 1290 2843; x_wconf 91' lang='lat' dir='ltr'>sol·</span> <span class='ocrx_word' id='word_1_217' title='bbox 1311 2796 1344 2843; x_wconf 76' lang='lat'>25</span> 
     </span>
     <span class='ocr_line' id='line_1_27' title="bbox 291 2868 1290 2949; baseline -0.001 -17"><span class='ocrx_word' id='word_1_218' title='bbox 291 2879 377 2932; x_wconf 87' lang='lat' dir='ltr'>vetur</span> <span class='ocrx_word' id='word_1_219' title='bbox 400 2879 515 2930; x_wconf 89' lang='lat' dir='ltr'>satanas</span> <span class='ocrx_word' id='word_1_220' title='bbox 538 2878 569 2930; x_wconf 93' lang='lat' dir='ltr'>et</span> <span class='ocrx_word' id='word_1_221' title='bbox 586 2887 640 2949; x_wconf 90' lang='lat' dir='ltr'>per</span> <span class='ocrx_word' id='word_1_222' title='bbox 664 2868 745 2929; x_wconf 89' lang='lat' dir='ltr'>illum</span> <span class='ocrx_word' id='word_1_223' title='bbox 765 2869 978 2930; x_wconf 78' lang='lat' dir='ltr'>Antichristum</span> <span class='ocrx_word' id='word_1_224' title='bbox 1002 2871 1032 2929; x_wconf 92' lang='lat' dir='ltr'>in</span> <span class='ocrx_word' id='word_1_225' title='bbox 1056 2873 1136 2930; x_wconf 93' lang='lat' dir='ltr'>omni</span> <span class='ocrx_word' id='word_1_226' title='bbox 1159 2889 1211 2931; x_wconf 90' lang='lat' dir='ltr'>sua</span> <span class='ocrx_word' id='word_1_227' title='bbox 1234 2874 1290 2932; x_wconf 83' lang='lat' dir='ltr'>rir-</span> 
     </span>
     <span class='ocr_line' id='line_1_28' title="bbox 289 2957 1290 3037; baseline -0.002 -16"><span class='ocrx_word' id='word_1_228' title='bbox 289 2969 353 3021; x_wconf 88' lang='lat' dir='ltr'>tutc</span> <span class='ocrx_word' id='word_1_229' title='bbox 372 2957 546 3019; x_wconf 85' lang='lat' dir='ltr'>mirabiliter</span> <span class='ocrx_word' id='word_1_230' title='bbox 564 2957 692 3037; x_wconf 90' lang='lat' dir='ltr'>quidem,</span> <span class='ocrx_word' id='word_1_231' title='bbox 715 2957 765 3017; x_wconf 85' lang='lat' dir='ltr'>sed</span> <span class='ocrx_word' id='word_1_232' title='bbox 786 2957 967 3017; x_wconf 82' lang='lat' dir='ltr'>mendaciter</span> <span class='ocrx_word' id='word_1_233' title='bbox 989 2958 1168 3037; x_wconf 87' lang='lat' dir='ltr'>operabitur.</span> <span class='ocrx_word' id='word_1_234' title='bbox 1210 2958 1290 3030; x_wconf 84' lang='lat' dir='ltr'>Quae</span> 
     </span>
     <span class='ocr_line' id='line_1_29' title="bbox 288 3044 1292 3127; baseline -0.001 -19"><span class='ocrx_word' id='word_1_235' title='bbox 288 3048 364 3109; x_wconf 89' lang='lat' dir='ltr'>solet</span> <span class='ocrx_word' id='word_1_236' title='bbox 386 3047 494 3125; x_wconf 80' lang='lat' dir='ltr'>ambigi</span> <span class='ocrx_word' id='word_1_237' title='bbox 517 3054 617 3107; x_wconf 91' lang='lat' dir='ltr'>utrum</span> <span class='ocrx_word' id='word_1_238' title='bbox 640 3053 797 3125; x_wconf 87' lang='lat' dir='ltr'>propterea</span> <span class='ocrx_word' id='word_1_239' title='bbox 819 3044 896 3105; x_wconf 92' lang='lat' dir='ltr'>dicta</span> <span class='ocrx_word' id='word_1_240' title='bbox 919 3048 979 3106; x_wconf 90' lang='lat' dir='ltr'>sint</span> <span class='ocrx_word' id='word_1_241' title='bbox 1002 3048 1084 3125; x_wconf 80' lang='lat' dir='ltr'>signa</span> <span class='ocrx_word' id='word_1_242' title='bbox 1108 3054 1138 3106; x_wconf 89' lang='lat' dir='ltr'>et</span> <span class='ocrx_word' id='word_1_243' title='bbox 1160 3048 1292 3127; x_wconf 79' lang='lat' dir='ltr'>prodigia</span> 
     </span>
     <span class='ocr_line' id='line_1_30' title="bbox 288 3133 1290 3216; baseline -0.001 -19"><span class='ocrx_word' id='word_1_244' title='bbox 288 3136 447 3216; x_wconf 89' lang='lat' dir='ltr'>mendacii,</span> <span class='ocrx_word' id='word_1_245' title='bbox 476 3138 613 3213; x_wconf 76' lang='lat' dir='ltr'>quioniam</span> <span class='ocrx_word' id='word_1_246' title='bbox 641 3133 780 3193; x_wconf 86' lang='lat' dir='ltr'>mortales</span> <span class='ocrx_word' id='word_1_247' title='bbox 811 3150 917 3193; x_wconf 88' lang='lat' dir='ltr'>sensus</span> <span class='ocrx_word' id='word_1_248' title='bbox 940 3151 994 3213; x_wconf 92' lang='lat' dir='ltr'>per</span> <span class='ocrx_word' id='word_1_249' title='bbox 1016 3134 1218 3213; x_wconf 87' lang='lat' dir='ltr'>phantasmata</span> <span class='ocrx_word' id='word_1_250' title='bbox 1242 3138 1290 3196; x_wconf 91' lang='lat' dir='ltr'>de·</span> 
     </span>
     <span class='ocr_line' id='line_1_31' title="bbox 288 3222 1344 3304; baseline -0.001 -19"><span class='ocrx_word' id='word_1_251' title='bbox 288 3232 431 3303; x_wconf 81' lang='lat' dir='ltr'>capturus</span> <span class='ocrx_word' id='word_1_252' title='bbox 454 3231 512 3304; x_wconf 88' lang='lat' dir='ltr'>est,</span> <span class='ocrx_word' id='word_1_253' title='bbox 535 3232 570 3284; x_wconf 93' lang='lat' dir='ltr'>ut</span> <span class='ocrx_word' id='word_1_254' title='bbox 592 3222 669 3301; x_wconf 92' lang='lat' dir='ltr'>quod</span> <span class='ocrx_word' id='word_1_255' title='bbox 693 3240 752 3281; x_wconf 91' lang='lat' dir='ltr'>non</span> <span class='ocrx_word' id='word_1_256' title='bbox 777 3222 847 3281; x_wconf 84' lang='lat' dir='ltr'>facit</span> <span class='ocrx_word' id='word_1_257' title='bbox 869 3222 966 3282; x_wconf 86' lang='lat' dir='ltr'>lacere</span> <span class='ocrx_word' id='word_1_258' title='bbox 989 3222 1139 3302; x_wconf 87' lang='lat' dir='ltr'>videatur,</span> <span class='ocrx_word' id='word_1_259' title='bbox 1163 3242 1199 3283; x_wconf 92' lang='lat' dir='ltr'>an</span> <span class='ocrx_word' id='word_1_260' title='bbox 1223 3225 1291 3302; x_wconf 86' lang='lat' dir='ltr'>quia</span> <span class='ocrx_word' id='word_1_261' title='bbox 1311 3237 1344 3285; x_wconf 88' lang='lat'>30</span> 
     </span>
     <span class='ocr_line' id='line_1_32' title="bbox 288 3309 1290 3393; baseline -0.001 -20"><span class='ocrx_word' id='word_1_262' title='bbox 288 3312 337 3373; x_wconf 89' lang='lat' dir='ltr'>illa</span> <span class='ocrx_word' id='word_1_263' title='bbox 360 3315 431 3393; x_wconf 91' lang='lat' dir='ltr'>ipsa,</span> <span class='ocrx_word' id='word_1_264' title='bbox 454 3314 568 3372; x_wconf 89' lang='lat' dir='ltr'>etiamsi</span> <span class='ocrx_word' id='word_1_265' title='bbox 591 3317 680 3371; x_wconf 87' lang='lat' dir='ltr'>erunt</span> <span class='ocrx_word' id='word_1_266' title='bbox 702 3328 770 3371; x_wconf 86' lang='lat' dir='ltr'>vera</span> <span class='ocrx_word' id='word_1_267' title='bbox 792 3309 935 3390; x_wconf 83' lang='lat' dir='ltr'>prodigia,</span> <span class='ocrx_word' id='word_1_268' title='bbox 958 3309 993 3369; x_wconf 93' lang='lat' dir='ltr'>ad</span> <span class='ocrx_word' id='word_1_269' title='bbox 1017 3310 1202 3371; x_wconf 89' lang='lat' dir='ltr'>mendacium</span> <span class='ocrx_word' id='word_1_270' title='bbox 1225 3329 1290 3390; x_wconf 91' lang='lat' dir='ltr'>per·</span> 
     </span>
     <span class='ocr_line' id='line_1_33' title="bbox 289 3398 1291 3480; baseline -0.002 -19"><span class='ocrx_word' id='word_1_271' title='bbox 289 3400 408 3462; x_wconf 89' lang='lat' dir='ltr'>trahent</span> <span class='ocrx_word' id='word_1_272' title='bbox 439 3400 606 3460; x_wconf 89' lang='lat' dir='ltr'>credituros</span> <span class='ocrx_word' id='word_1_273' title='bbox 638 3416 697 3459; x_wconf 92' lang='lat' dir='ltr'>non</span> <span class='ocrx_word' id='word_1_274' title='bbox 729 3416 763 3458; x_wconf 88' lang='lat' dir='ltr'>ea</span> <span class='ocrx_word' id='word_1_275' title='bbox 795 3400 927 3479; x_wconf 90' lang='lat' dir='ltr'>potuisse</span> <span class='ocrx_word' id='word_1_276' title='bbox 960 3400 1016 3459; x_wconf 91' lang='lat' dir='ltr'>nisi</span> <span class='ocrx_word' id='word_1_277' title='bbox 1049 3398 1188 3458; x_wconf 80' lang='lat' dir='ltr'>divinitus</span> <span class='ocrx_word' id='word_1_278' title='bbox 1219 3400 1291 3480; x_wconf 88' lang='lat' dir='ltr'>fieri,</span> 
     </span>
     <span class='ocr_line' id='line_1_34' title="bbox 288 3485 1290 3568; baseline 0.002 -23"><span class='ocrx_word' id='word_1_279' title='bbox 288 3490 428 3549; x_wconf 88' lang='lat' dir='ltr'>virtutem</span> <span class='ocrx_word' id='word_1_280' title='bbox 446 3487 553 3547; x_wconf 87' lang='lat' dir='ltr'>diaboli</span> <span class='ocrx_word' id='word_1_281' title='bbox 573 3488 753 3566; x_wconf 87' lang='lat' dir='ltr'>nescientes,</span> <span class='ocrx_word' id='word_1_282' title='bbox 777 3488 901 3549; x_wconf 83' lang='lat' dir='ltr'>maxime</span> <span class='ocrx_word' id='word_1_283' title='bbox 921 3485 1037 3567; x_wconf 85' lang='lat' dir='ltr'>quando</span> <span class='ocrx_word' id='word_1_284' title='bbox 1057 3494 1177 3568; x_wconf 88' lang='lat' dir='ltr'>tantam,</span> <span class='ocrx_word' id='word_1_285' title='bbox 1200 3505 1290 3568; x_wconf 86' lang='lat' dir='ltr'>quan·</span> 
     </span>
    </p>
   </div>
   <div class='ocr_carea' id='block_1_3' title="bbox 362 3622 661 3693">
    <p class='ocr_par' dir='ltr' id='par_1_4' title="bbox 362 3622 661 3693">
     <span class='ocr_line' id='line_1_35' title="bbox 362 3622 661 3693; baseline 0.007 -18"><span class='ocrx_word' id='word_1_286' title='bbox 362 3625 405 3691; x_wconf 91' lang='lat'>11)</span> <span class='ocrx_word' id='word_1_287' title='bbox 425 3628 448 3677; x_wconf 92' lang='lat'>1.</span> <span class='ocrx_word' id='word_1_288' title='bbox 468 3622 505 3677; x_wconf 90' lang='lat' dir='ltr'>lo.</span> <span class='ocrx_word' id='word_1_289' title='bbox 525 3628 551 3690; x_wconf 77' lang='lat'>2,</span> <span class='ocrx_word' id='word_1_290' title='bbox 573 3626 604 3675; x_wconf 84' lang='lat'>18</span> <span class='ocrx_word' id='word_1_291' title='bbox 622 3639 661 3693; x_wconf 88' lang='lat' dir='ltr'>sq.</span> 
     </span>
    </p>
   </div>
   <div class='ocr_carea' id='block_1_4' title="bbox 359 3799 1299 3947">
    <p class='ocr_par' dir='ltr' id='par_1_5' title="bbox 359 3799 1299 3947">
     <span class='ocr_line' id='line_1_36' title="bbox 359 3799 1299 3878; baseline 0.006 -24"><span class='ocrx_word' id='word_1_292' title='bbox 359 3806 392 3855; x_wconf 79' lang='lat'>18</span> <span class='ocrx_word' id='word_1_293' title='bbox 411 3802 551 3855; x_wconf 82' lang='lat' dir='ltr'>coniectat</span> <span class='ocrx_word' id='word_1_294' title='bbox 570 3799 731 3871; x_wconf 59' lang='lat' dir='ltr'>Ruepffi</span> <span class='ocrx_word' id='word_1_295' title='bbox 755 3804 914 3859; x_wconf 80' lang='lat' dir='ltr'>coniectent</span> <span class='ocrx_word' id='word_1_296' title='bbox 933 3805 1047 3876; x_wconf 77' lang='lat' dir='ltr'>Acopa</span> <span class='ocrx_word' id='word_1_297' title='bbox 1064 3806 1074 3875; x_wconf 78' lang='lat' dir='ltr'>ll</span> <span class='ocrx_word' id='word_1_298' title='bbox 1093 3810 1126 3859; x_wconf 78' lang='lat'>83</span> <span class='ocrx_word' id='word_1_299' title='bbox 1151 3805 1259 3877; x_wconf 78' lang='lat' dir='ltr'>diabuli</span> <span class='ocrx_word' id='word_1_300' title='bbox 1281 3824 1299 3878; x_wconf 74' lang='lat' dir='ltr'>p</span> 
     </span>
     <span class='ocr_line' id='line_1_37' title="bbox 1034 3894 1086 3947; baseline -0.019 0"><span class='ocrx_word' id='word_1_301' title='bbox 1034 3894 1086 3947; x_wconf 77' lang='lat'>29*</span> 
     </span>
    </p>
   </div>
   <div class='ocr_carea' id='block_1_5' title="bbox 0 0 1646 4459">
    <p class='ocr_par' dir='ltr' id='par_1_6' title="bbox 0 0 1646 4459">
     <span class='ocr_line' id='line_1_38' title="bbox 0 0 1646 4459; baseline 0 0"><span class='ocrx_word' id='word_1_302' title='bbox 0 0 1646 4459; x_wconf 95' lang='lat' dir='ltr'> </span> 
     </span>
    </p>
   </div>
  </div>
 </body>
</html>
