3284 4459
347 479 410 543 336
748 491 771 533 s.
786 491 951 534 anensem
1006 511 1010 515 >

344 628 409 687 licis
433 626 573 687 membris
595 625 705 688 Christi
729 626 803 687 malo
827 644 882 686 suo
905 635 1039 705 prosunt,
1062 624 1133 686 dum
1153 624 1236 686 'Deus
1259 627 1357 685 utitur

345 723 376 776 et
400 715 483 775 malis
510 714 585 776 bene
615 723 644 776 ct
672 717 866 791 diligentibus
892 732 960 775 eum
989 717 1091 774 omnia
1114 721 1300 790 cooperatur
1323 715 1358 773 iu

346 805 464 864 bonum.
514 803 628 864 lnimici
661 805 739 864 enim
766 820 871 864 omnes
898 802 1056 882 ecclesiae,
1088 802 1221 881 quolibet
1250 818 1357 861 errore

347 900 505 952 caecentur
528 892 573 951 vel
597 891 705 952 malitia
727 892 935 972 depraventur,
957 893 984 952 si
1006 893 1155 970 accipiunt
1177 897 1358 970 potestatem

311 991 326 1040 o
347 979 540 1059 corporaliter
559 979 715 1060 allligendi,
738 989 880 1040 exercent
896 981 962 1040 eius
976 980 1160 1060 patientiam5
1183 981 1210 1039 si
1227 987 1357 1038 tantum·

348 1068 434 1128 modo
463 1068 537 1128 male
566 1069 720 1129 sentiendo
748 1068 954 1148 adversantur,
981 1075 1123 1127 exercent
1152 1069 1218 1128 eius
1241 1068 1357 1145 sapien·

335 1159 432 1237 ·tiam;
463 1166 498 1217 ut
527 1165 625 1217 autem
658 1158 745 1217 etiam
776 1158 888 1216 inimici
919 1155 1092 1235 diligantur,
1119 1164 1260 1216 exercent
1277 1156 1358 1215 eius

334 1243 580 1305 'benevolentiam
623 1253 674 1305 aut
710 1247 796 1304 etiam
839 1243 1080 1321 beneficentiam,
1121 1246 1182 1304 sive
1219 1241 1356 1304 suadibili

347 1333 481 1394 doctrina
509 1350 576 1393 cum
606 1335 775 1411 eis'agatur
798 1334 859 1392 sive
881 1331 1007 1393 terribili
1030 1332 1192 1410 disciplina.
1237 1331 1278 1391 dc
1302 1348 1359 1410 per

295 1431 328 1481 10
347 1422 404 1482 hoc
422 1420 556 1482 diabolus
574 1423 713 1500 princeps
732 1423 839 1499 impiae
857 1422 983 1481 civitatis
1002 1419 1143 1481 adversus
1165 1422 1357 1499 peregrinan-

347 1518 407 1570 tem
426 1512 456 1569 in
475 1509 531 1569 boc
550 1509 660 1570 mundo
679 1511 828 1570 civitatem
847 1507 900 1569 Dei
919 1527 986 1569 vasa
1003 1510 1123 1589 propria
1143 1507 1357 1569 commoventia

347 1597 419 1658 nibil
450 1599 477 1657 ei
508 1615 617 1658 nocere
646 1599 845 1678 permittitur,
877 1599 926 1657 cni
955 1597 1059 1676 procul
1088 1596 1179 1657 dubio
1206 1604 1237 1656 et
1264 1595 1358 1675 rebus

332 1686 499 1766 prosperis
522 1685 695 1765 consolatio,
723 1694 756 1746 ut
779 1703 839 1747 non
863 1687 1015 1765 frangatur
1037 1684 1183 1766 adversis,
1212 1694 1241 1746 et
1264 1683 1358 1745 rebus

348 1774 491 1835 adversis*
509 1775 698 1854 exercitatio,
729 1781 761 1834 ut
791 1791 851 1834 non
874 1783 1083 1853 corrumpatur
1106 1775 1274 1852 prosperis,
1302 1782 1358 1852 per

280 1871 329 1919 ·1o
348 1863 474 1923 divinam
508 1862 721 1942 providentiam
753 1870 946 1943 procuratur,
978 1871 1066 1941 atque
1099 1865 1139 1922 ita
1172 1849 1358 1940 temperatvlr

348 1960 508 2030 utrumque
542 1949 577 2012 ab
605 1951 763 2030 alterutro,
797 1960 831 2011 nt
857 1953 888 2010 in
914 1950 1027 2030 psalmo
1056 1950 1135 2010 illam
1165 1967 1265 2010 vocem
1296 1967 1359 2010 non

238 2099 243 2109 ,
347 2038 464 2100 aliunde
484 2057 676 2119 agnoscamus
696 2047 841 2099 exortam:
864 2039 1037 2100 Secundum
1060 2041 1279 2099 multitudinem
1304 2040 1357 2099 do·

347 2133 444 2190 lorum
471 2146 605 2190 meorum
633 2131 663 2188 in
691 2131 785 2188 corde
813 2145 876 2188 mco
906 2131 1126 2189 consolationes
1153 2135 1225 2187 tuoe
1248 2130 1357 2188 iucun-

348 2220 499 2278 douerunt
520 2220 652 2278 unimam
667 2233 775 2276 meum.
821 2215 896 2276 Hinc
919 2223 965 2275 est
988 2223 1018 2275 et
1032 2214 1112 2275 illud
1136 2214 1360 2294 apostolirSpe
1472 2206 1473 2235 ³

295 2308 524 2383 adgaudentes,
548 2309 579 2366 in
602 2307 798 2366 tribulatione
815 2308 975 2380 potientes.
1472 2362 1473 2387 ,

437 2393 508 2454 Nam
528 2403 559 2456 ct
575 2395 614 2475 id,
640 2393 718 2472 quod
737 2396 778 2453 ait
799 2392 878 2453 idem
902 2391 1019 2457 doctor:
1050 2394 1236 2467 Quicumque
1254 2396 1360 2454 uolunt
1472 2420 1473 2433 v

348 2489 380 2546 in
402 2483 520 2544 cbristo
534 2485 588 2559 pie
605 2485 714 2561 uiuere,
734 2484 975 2558 persecutionem
995 2485 1166 2557 potiuntur,
1189 2480 1278 2542 nullis
1301 2499 1358 2560 pp-
1472 2494 1473 2499 ’

335 2571 470 2634 tandum
498 2580 544 2631 est
573 2570 675 2632 deesse
704 2587 791 2649 posse
820 2568 1013 2648 temporibus.
1059 2568 1134 2641 Quia
1165 2577 1196 2629 et
1222 2587 1289 2628 cum
1313 2569 1359 2645 ¹ab
1472 2614 1473 2619 ,

349 2663 401 2741 eis,
425 2660 476 2737 qui
494 2658 566 2719 loris
585 2666 663 2738 sunt,
687 2675 746 2720 non
765 2656 964 2718 saevientibus
982 2657 1098 2719 videtur
1121 2675 1187 2718 esse
1211 2657 1357 2735 tranquil·

297 2748 415 2809 totitas
448 2754 477 2806 et
509 2765 542 2808 re
575 2765 643 2807 vera
676 2753 721 2806 est
757 2745 977 2824 plurimumque
1010 2746 1219 2806 consolationis
1250 2745 1359 2827 adfert,

344 2838 473 2900 maxine
492 2835 630 2896 infirmis:
653 2853 712 2894 non
736 2842 833 2894 tamen
857 2833 974 2913 desunt,
997 2836 1086 2895 immo
1111 2835 1196 2894 multi
1219 2842 1289 2897 sunt
1311 2836 1358 2907 in·
1472 2858 1473 2919 3

350 2935 412 3004 tus,
440 2925 491 3003 qui
520 2922 608 2983 corda
635 2924 683 3003 pie
712 2924 871 2983 viventium
899 2925 962 2982 suis
985 2922 1109 3003 perditis
1132 2920 1265 2984 moribus
1288 2940 1358 2993 cru-

349 3014 440 3093 ciant;
478 3014 616 3091 quoniam
649 3030 707 3090 per
744 3029 794 3071 eos
832 3010 1051 3089 blasphematur
1089 3011 1288 3073 Christianum
1325 3020 1361 3080 et
1472 3034 1473 3057 1

351 3100 526 3164 catholicum
546 3118 667 3180 nomen3
690 3099 768 3179 quod
788 3108 899 3178 quanto
918 3107 965 3159 est
982 3099 1081 3161 carius
1105 3101 1156 3179 eis,
1179 3099 1231 3177 qui
1254 3097 1360 3169 volunt

296 3193 330 3241 30
349 3193 396 3270 pie
417 3191 514 3251 vivere
532 3190 563 3248 in
583 3187 709 3267 Christo,
732 3195 813 3260 tanto
837 3188 929 3264 magis
952 3186 1060 3268 dolent,
1075 3187 1163 3267 *quod
1187 3205 1241 3266 per
1263 3187 1359 3260 malus

348 3419 364 3468 ᾖ
392 3343 446 3468 Te)
469 3341 560 3466 {aab
573 3341 603 3408 a,
626 3347 669 3395 aa.
705 3343 751 3409 20)
773 3340 816 3395 Ps.
842 3345 889 3407 aa,
915 3343 953 3394 19.
992 3343 1037 3407 21)
1060 3339 1140 3394 nom.
1159 3344 1205 3406 12,
1231 3337 1294 3393 12?
1311 3329 1361 3406 ia)

311 3435 313 3442 ·
366 3456 372 3468 .
417 3431 464 3467 rm.
502 3431 508 3480 ,
564 3431 593 3467 .’
877 3425 880 3432 ’
922 3428 924 3431 ·
1215 3434 1217 3437 ·
1335 3420 1340 3434 ’

418 3615 433 3661 2
453 3610 618 3678 cooperatur
635 3608 702 3662 Rbc
720 3607 786 3676 (scil.
806 3607 894 3673 Deum
913 3607 947 3673 cf.
963 3608 1040 3662 tion
1059 3625 1081 3663 c.
1097 3612 1142 3678 10)
1148 3632 1155 3677 ;
1175 3614 1363 3680 cooperantur
1472 3642 1473 3647 κ

347 3680 550 3804 t11llrd'giuor9pu
570 3681 580 3748 ΙΙ
600 3683 616 3732 8
638 3676 858 3733 benivolentiam
880 3694 945 3788 mee3
969 3677 1004 3731 of.
1024 3683 1089 3744 aad,
1108 3686 1140 3733 11
1161 3681 1171 3750 11
1192 3687 1225 3785 aa
1248 3683 1361 3752 putiau.
