<?xml version="1.0" encoding="UTF-8"?>
<!DOCTYPE html PUBLIC "-//W3C//DTD XHTML 1.0 Transitional//EN"
    "http://www.w3.org/TR/xhtml1/DTD/xhtml1-transitional.dtd">
<html xmlns="http://www.w3.org/1999/xhtml" xml:lang="en" lang="en">
 <head>
  <title>
</title>
<meta http-equiv="Content-Type" content="text/html;charset=utf-8" />
  <meta name='ocr-system' content='tesseract 3.04.00' />
  <meta name='ocr-capabilities' content='ocr_page ocr_carea ocr_par ocr_line ocrx_word'/>
</head>
<body>
  <div class='ocr_page' id='page_1' title='image "./sanctiaureliiau11augugoog_0521.png"; bbox 0 0 3284 4459; ppageno 0'>
   <div class='ocr_carea' id='block_1_1' title="bbox 545 520 1291 585">
    <p class='ocr_par' dir='ltr' id='par_1_1' title="bbox 545 520 1291 585">
     <span class='ocr_line' id='line_1_1' title="bbox 545 520 1291 585; baseline 0.005 -4"><span class='ocrx_word' id='word_1_1' title='bbox 545 540 587 581; x_wconf 86' lang='lat' dir='ltr'><strong>nn</strong></span> <span class='ocrx_word' id='word_1_2' title='bbox 600 538 743 581; x_wconf 71' lang='lat' dir='ltr'><strong>murana</strong></span> <span class='ocrx_word' id='word_1_3' title='bbox 755 538 809 579; x_wconf 80' lang='lat' dir='ltr'><strong>nm</strong></span> <span class='ocrx_word' id='word_1_4' title='bbox 821 538 848 580; x_wconf 77' lang='lat' dir='ltr'><strong>a.</strong></span> <span class='ocrx_word' id='word_1_5' title='bbox 863 538 927 578; x_wconf 77' lang='lat' dir='ltr'><strong>xxc</strong></span> <span class='ocrx_word' id='word_1_6' title='bbox 941 538 964 579; x_wconf 90' lang='lat' dir='ltr'><strong>c.</strong></span> <span class='ocrx_word' id='word_1_7' title='bbox 978 538 997 580; x_wconf 83' lang='lat' dir='ltr'><strong>a.</strong></span> <span class='ocrx_word' id='word_1_8' title='bbox 1010 539 1030 579; x_wconf 83' lang='lat' dir='ltr'><strong>o.</strong></span> <span class='ocrx_word' id='word_1_9' title='bbox 1226 520 1291 585; x_wconf 78' lang='lat'><strong>503</strong></span> 
     </span>
    </p>
   </div>
   <div class='ocr_carea' id='block_1_2' title="bbox 286 668 1348 2325">
    <p class='ocr_par' dir='ltr' id='par_1_2' title="bbox 286 668 1348 2325">
     <span class='ocr_line' id='line_1_2' title="bbox 287 668 1293 757; baseline -0.007 -20"><span class='ocrx_word' id='word_1_10' title='bbox 287 679 339 757; x_wconf 91' lang='lat' dir='ltr'><strong>qui</strong></span> <span class='ocrx_word' id='word_1_11' title='bbox 366 679 397 736; x_wconf 94' lang='lat' dir='ltr'><strong>in</strong></span> <span class='ocrx_word' id='word_1_12' title='bbox 425 675 516 737; x_wconf 87' lang='lat' dir='ltr'><strong>Gallia</strong></span> <span class='ocrx_word' id='word_1_13' title='bbox 544 674 669 734; x_wconf 78' lang='lat' dir='ltr'><strong>similem</strong></span> <span class='ocrx_word' id='word_1_14' title='bbox 699 682 821 754; x_wconf 85' lang='lat' dir='ltr'><strong>nossent</strong></span> <span class='ocrx_word' id='word_1_15' title='bbox 850 691 908 733; x_wconf 94' lang='lat' dir='ltr'><strong>non</strong></span> <span class='ocrx_word' id='word_1_16' title='bbox 935 672 1021 751; x_wconf 83' lang='lat' dir='ltr'><strong>longe</strong></span> <span class='ocrx_word' id='word_1_17' title='bbox 1050 690 1066 732; x_wconf 93' lang='lat' dir='ltr'><strong>a</strong></span> <span class='ocrx_word' id='word_1_18' title='bbox 1093 668 1293 750; x_wconf 88' lang='lat' dir='ltr'><strong>Gratianopoli</strong></span> 
     </span>
     <span class='ocr_line' id='line_1_3' title="bbox 286 760 1292 826; baseline -0.007 0"><span class='ocrx_word' id='word_1_19' title='bbox 286 768 413 826; x_wconf 87' lang='lat' dir='ltr'><strong>civitate.</strong></span> <span class='ocrx_word' id='word_1_20' title='bbox 458 763 501 824; x_wconf 82' lang='lat' dir='ltr'><strong>lle</strong></span> <span class='ocrx_word' id='word_1_21' title='bbox 527 762 674 824; x_wconf 80' lang='lat' dir='ltr'><strong>fructibus</strong></span> <span class='ocrx_word' id='word_1_22' title='bbox 701 770 800 822; x_wconf 83' lang='lat' dir='ltr'><strong>autern</strong></span> <span class='ocrx_word' id='word_1_23' title='bbox 828 760 967 821; x_wconf 90' lang='lat' dir='ltr'><strong>arborum</strong></span> <span class='ocrx_word' id='word_1_24' title='bbox 992 760 1210 822; x_wconf 77' lang='lat' dir='ltr'>Sodomitarum</span> <span class='ocrx_word' id='word_1_25' title='bbox 1232 776 1292 819; x_wconf 91' lang='lat' dir='ltr'><strong>non</strong></span> 
     </span>
     <span class='ocr_line' id='line_1_4' title="bbox 286 849 1294 929; baseline -0.007 -15"><span class='ocrx_word' id='word_1_26' title='bbox 286 862 402 915; x_wconf 90' lang='lat' dir='ltr'><strong>tantum</strong></span> <span class='ocrx_word' id='word_1_27' title='bbox 431 851 547 912; x_wconf 76' lang='lat' dir='ltr'><strong>litterae</strong></span> <span class='ocrx_word' id='word_1_28' title='bbox 579 851 635 911; x_wconf 89' lang='lat' dir='ltr'><strong>ilde</strong></span> <span class='ocrx_word' id='word_1_29' title='bbox 666 849 770 929; x_wconf 84' lang='lat' dir='ltr'>dignae</span> <span class='ocrx_word' id='word_1_30' title='bbox 804 850 950 928; x_wconf 89' lang='lat' dir='ltr'><strong>indicant,</strong></span> <span class='ocrx_word' id='word_1_31' title='bbox 981 866 1085 910; x_wconf 88' lang='lat' dir='ltr'><strong>verum</strong></span> <span class='ocrx_word' id='word_1_32' title='bbox 1115 850 1203 909; x_wconf 91' lang='lat' dir='ltr'><strong>etiam</strong></span> <span class='ocrx_word' id='word_1_33' title='bbox 1232 855 1294 907; x_wconf 89' lang='lat' dir='ltr'><strong>tam</strong></span> 
     </span>
     <span class='ocr_line' id='line_1_5' title="bbox 287 936 1293 1019; baseline -0.007 -18"><span class='ocrx_word' id='word_1_34' title='bbox 287 940 373 1002; x_wconf 91' lang='lat' dir='ltr'><strong>multi</strong></span> <span class='ocrx_word' id='word_1_35' title='bbox 392 959 424 1001; x_wconf 94' lang='lat' dir='ltr'><strong>se</strong></span> <span class='ocrx_word' id='word_1_36' title='bbox 442 940 605 1019; x_wconf 90' lang='lat' dir='ltr'><strong>loquuntur</strong></span> <span class='ocrx_word' id='word_1_37' title='bbox 623 947 770 1018; x_wconf 81' lang='lat' dir='ltr'><strong>expertos,</strong></span> <span class='ocrx_word' id='word_1_38' title='bbox 793 946 827 997; x_wconf 89' lang='lat' dir='ltr'><strong>ut</strong></span> <span class='ocrx_word' id='word_1_39' title='bbox 845 936 913 998; x_wconf 92' lang='lat' dir='ltr'><strong>hinc</strong></span> <span class='ocrx_word' id='word_1_40' title='bbox 932 936 1067 997; x_wconf 91' lang='lat' dir='ltr'><strong>dubitare</strong></span> <span class='ocrx_word' id='word_1_41' title='bbox 1090 954 1150 998; x_wconf 91' lang='lat' dir='ltr'><strong>non</strong></span> <span class='ocrx_word' id='word_1_42' title='bbox 1172 938 1293 1015; x_wconf 87' lang='lat' dir='ltr'><strong>possim.</strong></span> 
     </span>
     <span class='ocr_line' id='line_1_6' title="bbox 287 1024 1328 1109; baseline -0.008 -19"><span class='ocrx_word' id='word_1_43' title='bbox 287 1030 393 1091; x_wconf 80' lang='lat' dir='ltr'>Cetera</span> <span class='ocrx_word' id='word_1_44' title='bbox 423 1047 492 1089; x_wconf 87' lang='lat' dir='ltr'><strong>vero</strong></span> <span class='ocrx_word' id='word_1_45' title='bbox 523 1030 566 1088; x_wconf 93' lang='lat' dir='ltr'><strong>sic</strong></span> <span class='ocrx_word' id='word_1_46' title='bbox 596 1026 706 1109; x_wconf 92' lang='lat' dir='ltr'><strong>babeo,</strong></span> <span class='ocrx_word' id='word_1_47' title='bbox 733 1036 768 1087; x_wconf 91' lang='lat' dir='ltr'><strong>ut</strong></span> <span class='ocrx_word' id='word_1_48' title='bbox 796 1044 893 1104; x_wconf 89' lang='lat' dir='ltr'><strong>neque</strong></span> <span class='ocrx_word' id='word_1_49' title='bbox 923 1026 1055 1104; x_wconf 84' lang='lat' dir='ltr'><strong>neganda</strong></span> <span class='ocrx_word' id='word_1_50' title='bbox 1083 1043 1179 1103; x_wconf 91' lang='lat' dir='ltr'><strong>neque</strong></span> <span class='ocrx_word' id='word_1_51' title='bbox 1207 1024 1328 1084; x_wconf 76' lang='lat' dir='ltr'><strong>adiit-5</strong></span> 
     </span>
     <span class='ocr_line' id='line_1_7' title="bbox 287 1114 1293 1196; baseline -0.006 -18"><span class='ocrx_word' id='word_1_52' title='bbox 287 1116 394 1178; x_wconf 91' lang='lat' dir='ltr'><strong>manda</strong></span> <span class='ocrx_word' id='word_1_53' title='bbox 423 1117 619 1196; x_wconf 73' lang='lat' dir='ltr'><strong>decreverim,</strong></span> <span class='ocrx_word' id='word_1_54' title='bbox 648 1114 699 1176; x_wconf 93' lang='lat' dir='ltr'><strong>sed</strong></span> <span class='ocrx_word' id='word_1_55' title='bbox 728 1114 794 1174; x_wconf 92' lang='lat' dir='ltr'><strong>ideo</strong></span> <span class='ocrx_word' id='word_1_56' title='bbox 823 1118 911 1174; x_wconf 90' lang='lat' dir='ltr'><strong>etiam</strong></span> <span class='ocrx_word' id='word_1_57' title='bbox 937 1116 1001 1193; x_wconf 90' lang='lat' dir='ltr'><strong>ipsa</strong></span> <span class='ocrx_word' id='word_1_58' title='bbox 1024 1115 1123 1193; x_wconf 91' lang='lat' dir='ltr'><strong>posui,</strong></span> <span class='ocrx_word' id='word_1_59' title='bbox 1154 1115 1293 1191; x_wconf 90' lang='lat' dir='ltr'><strong>quoniam</strong></span> 
     </span>
     <span class='ocr_line' id='line_1_8' title="bbox 288 1196 1293 1285; baseline -0.006 -19"><span class='ocrx_word' id='word_1_60' title='bbox 288 1206 366 1285; x_wconf 90' lang='lat' dir='ltr'><strong>apud</strong></span> <span class='ocrx_word' id='word_1_61' title='bbox 387 1223 499 1285; x_wconf 91' lang='lat' dir='ltr'><strong>eorum,</strong></span> <span class='ocrx_word' id='word_1_62' title='bbox 518 1214 620 1265; x_wconf 88' lang='lat' dir='ltr'><strong>contra</strong></span> <span class='ocrx_word' id='word_1_63' title='bbox 640 1222 714 1282; x_wconf 89' lang='lat' dir='ltr'><strong>quos</strong></span> <span class='ocrx_word' id='word_1_64' title='bbox 733 1196 856 1285; x_wconf 86' lang='lat' dir='ltr'><strong>agimus,</strong></span> <span class='ocrx_word' id='word_1_65' title='bbox 878 1202 1036 1263; x_wconf 89' lang='lat' dir='ltr'><strong>historicos</strong></span> <span class='ocrx_word' id='word_1_66' title='bbox 1054 1201 1121 1281; x_wconf 78' lang='lat' dir='ltr'><strong>legI,</strong></span> <span class='ocrx_word' id='word_1_67' title='bbox 1144 1211 1177 1261; x_wconf 92' lang='lat' dir='ltr'><strong>ut</strong></span> <span class='ocrx_word' id='word_1_68' title='bbox 1195 1208 1293 1260; x_wconf 92' lang='lat' dir='ltr'><strong>osten·</strong></span> 
     </span>
     <span class='ocr_line' id='line_1_9' title="bbox 288 1288 1293 1373; baseline -0.007 -19"><span class='ocrx_word' id='word_1_69' title='bbox 288 1296 390 1355; x_wconf 81' lang='lat' dir='ltr'><strong>decern</strong></span> <span class='ocrx_word' id='word_1_70' title='bbox 411 1294 506 1373; x_wconf 90' lang='lat' dir='ltr'><strong>qualia</strong></span> <span class='ocrx_word' id='word_1_71' title='bbox 523 1293 615 1353; x_wconf 90' lang='lat' dir='ltr'><strong>multa</strong></span> <span class='ocrx_word' id='word_1_72' title='bbox 633 1292 776 1371; x_wconf 89' lang='lat' dir='ltr'><strong>multique</strong></span> <span class='ocrx_word' id='word_1_73' title='bbox 799 1290 917 1352; x_wconf 80' lang='lat' dir='ltr'><strong>Illorum</strong></span> <span class='ocrx_word' id='word_1_74' title='bbox 941 1289 1021 1351; x_wconf 91' lang='lat' dir='ltr'><strong>nulla</strong></span> <span class='ocrx_word' id='word_1_75' title='bbox 1043 1288 1157 1350; x_wconf 89' lang='lat' dir='ltr'><strong>reddita</strong></span> <span class='ocrx_word' id='word_1_76' title='bbox 1180 1290 1293 1349; x_wconf 90' lang='lat' dir='ltr'><strong>ratione</strong></span> 
     </span>
     <span class='ocr_line' id='line_1_10' title="bbox 288 1375 1294 1460; baseline -0.007 -17"><span class='ocrx_word' id='word_1_77' title='bbox 288 1386 320 1443; x_wconf 93' lang='lat' dir='ltr'><strong>in</strong></span> <span class='ocrx_word' id='word_1_78' title='bbox 343 1400 466 1443; x_wconf 91' lang='lat' dir='ltr'><strong>suorum</strong></span> <span class='ocrx_word' id='word_1_79' title='bbox 489 1382 686 1441; x_wconf 89' lang='lat' dir='ltr'><strong>litteratorum</strong></span> <span class='ocrx_word' id='word_1_80' title='bbox 708 1382 818 1459; x_wconf 89' lang='lat' dir='ltr'><strong>scripta</strong></span> <span class='ocrx_word' id='word_1_81' title='bbox 841 1380 948 1440; x_wconf 89' lang='lat' dir='ltr'><strong>litteris</strong></span> <span class='ocrx_word' id='word_1_82' title='bbox 971 1377 1107 1460; x_wconf 78' lang='lat' dir='ltr'><strong>credant,</strong></span> <span class='ocrx_word' id='word_1_83' title='bbox 1135 1379 1186 1457; x_wconf 89' lang='lat' dir='ltr'><strong>qui</strong></span> <span class='ocrx_word' id='word_1_84' title='bbox 1208 1375 1294 1437; x_wconf 92' lang='lat' dir='ltr'><strong>nobis</strong></span> 
     </span>
     <span class='ocr_line' id='line_1_11' title="bbox 288 1468 1346 1552; baseline -0.007 -21"><span class='ocrx_word' id='word_1_85' title='bbox 288 1470 422 1552; x_wconf 90' lang='lat' dir='ltr'><strong>credere,</strong></span> <span class='ocrx_word' id='word_1_86' title='bbox 445 1468 627 1550; x_wconf 91' lang='lat' dir='ltr'><strong>quandoid,</strong></span> <span class='ocrx_word' id='word_1_87' title='bbox 650 1468 729 1548; x_wconf 91' lang='lat' dir='ltr'><strong>quod</strong></span> <span class='ocrx_word' id='word_1_88' title='bbox 751 1486 856 1529; x_wconf 91' lang='lat' dir='ltr'><strong>eorum</strong></span> <span class='ocrx_word' id='word_1_89' title='bbox 879 1470 1092 1547; x_wconf 82' lang='lat' dir='ltr'><strong>experientiam</strong></span> <span class='ocrx_word' id='word_1_90' title='bbox 1115 1482 1294 1543; x_wconf 80' lang='lat' dir='ltr'><strong>sensumque</strong></span> <span class='ocrx_word' id='word_1_91' title='bbox 1314 1474 1346 1523; x_wconf 89' lang='lat'><strong>10</strong></span> 
     </span>
     <span class='ocr_line' id='line_1_12' title="bbox 289 1555 1295 1638; baseline -0.006 -19"><span class='ocrx_word' id='word_1_92' title='bbox 289 1559 515 1638; x_wconf 78' lang='lat' dir='ltr'><strong>transgreditur,</strong></span> <span class='ocrx_word' id='word_1_93' title='bbox 538 1560 770 1636; x_wconf 91' lang='lat' dir='ltr'><strong>omnipotentem</strong></span> <span class='ocrx_word' id='word_1_94' title='bbox 788 1556 882 1617; x_wconf 86' lang='lat' dir='ltr'><strong>Deum</strong></span> <span class='ocrx_word' id='word_1_95' title='bbox 900 1556 1026 1617; x_wconf 83' lang='lat' dir='ltr'><strong>dicimus</strong></span> <span class='ocrx_word' id='word_1_96' title='bbox 1049 1573 1115 1617; x_wconf 89' lang='lat' dir='ltr'><strong>esse</strong></span> <span class='ocrx_word' id='word_1_97' title='bbox 1137 1555 1295 1634; x_wconf 87' lang='lat' dir='ltr'><strong>iacturum,</strong></span> 
     </span>
     <span class='ocr_line' id='line_1_13' title="bbox 290 1641 1295 1725; baseline -0.005 -17"><span class='ocrx_word' id='word_1_98' title='bbox 290 1665 346 1708; x_wconf 90' lang='lat' dir='ltr'><strong>nec</strong></span> <span class='ocrx_word' id='word_1_99' title='bbox 369 1647 483 1707; x_wconf 89' lang='lat' dir='ltr'><strong>reddita</strong></span> <span class='ocrx_word' id='word_1_100' title='bbox 505 1648 619 1706; x_wconf 90' lang='lat' dir='ltr'><strong>ratione</strong></span> <span class='ocrx_word' id='word_1_101' title='bbox 642 1645 808 1725; x_wconf 80' lang='lat' dir='ltr'><strong>dIgnantur.</strong></span> <span class='ocrx_word' id='word_1_102' title='bbox 853 1644 926 1705; x_wconf 92' lang='lat' dir='ltr'><strong>Nam</strong></span> <span class='ocrx_word' id='word_1_103' title='bbox 950 1662 1025 1724; x_wconf 88' lang='lat' dir='ltr'><strong>quae</strong></span> <span class='ocrx_word' id='word_1_104' title='bbox 1048 1643 1152 1705; x_wconf 87' lang='lat' dir='ltr'><strong>melior</strong></span> <span class='ocrx_word' id='word_1_105' title='bbox 1175 1651 1205 1704; x_wconf 91' lang='lat' dir='ltr'><strong>et</strong></span> <span class='ocrx_word' id='word_1_106' title='bbox 1227 1641 1295 1703; x_wconf 91' lang='lat' dir='ltr'><strong>vali-</strong></span> 
     </span>
     <span class='ocr_line' id='line_1_14' title="bbox 290 1729 1296 1814; baseline -0.005 -18"><span class='ocrx_word' id='word_1_107' title='bbox 290 1735 356 1796; x_wconf 93' lang='lat' dir='ltr'><strong>dior</strong></span> <span class='ocrx_word' id='word_1_108' title='bbox 387 1738 462 1796; x_wconf 93' lang='lat' dir='ltr'><strong>ratio</strong></span> <span class='ocrx_word' id='word_1_109' title='bbox 491 1735 528 1795; x_wconf 90' lang='lat' dir='ltr'><strong>de</strong></span> <span class='ocrx_word' id='word_1_110' title='bbox 555 1733 646 1795; x_wconf 88' lang='lat' dir='ltr'><strong>rebus</strong></span> <span class='ocrx_word' id='word_1_111' title='bbox 673 1733 781 1794; x_wconf 89' lang='lat' dir='ltr'><strong>talibus</strong></span> <span class='ocrx_word' id='word_1_112' title='bbox 808 1734 958 1814; x_wconf 89' lang='lat' dir='ltr'><strong>redditur,</strong></span> <span class='ocrx_word' id='word_1_113' title='bbox 985 1751 1073 1811; x_wconf 85' lang='lat' dir='ltr'><strong>quam</strong></span> <span class='ocrx_word' id='word_1_114' title='bbox 1103 1750 1171 1795; x_wconf 91' lang='lat' dir='ltr'><strong>cum</strong></span> <span class='ocrx_word' id='word_1_115' title='bbox 1194 1729 1296 1793; x_wconf 84' lang='lat' dir='ltr'><strong>Omni-</strong></span> 
     </span>
     <span class='ocr_line' id='line_1_15' title="bbox 290 1820 1296 1904; baseline -0.004 -21"><span class='ocrx_word' id='word_1_116' title='bbox 290 1832 398 1904; x_wconf 91' lang='lat' dir='ltr'><strong>potens</strong></span> <span class='ocrx_word' id='word_1_117' title='bbox 429 1841 464 1885; x_wconf 93' lang='lat' dir='ltr'><strong>ea</strong></span> <span class='ocrx_word' id='word_1_118' title='bbox 495 1841 583 1903; x_wconf 87' lang='lat' dir='ltr'><strong>possa</strong></span> <span class='ocrx_word' id='word_1_119' title='bbox 617 1823 713 1882; x_wconf 88' lang='lat' dir='ltr'><strong>lacere</strong></span> <span class='ocrx_word' id='word_1_120' title='bbox 746 1821 920 1901; x_wconf 89' lang='lat' dir='ltr'><strong>perhibetur</strong></span> <span class='ocrx_word' id='word_1_121' title='bbox 953 1829 983 1882; x_wconf 89' lang='lat' dir='ltr'><strong>et</strong></span> <span class='ocrx_word' id='word_1_122' title='bbox 1014 1822 1147 1882; x_wconf 82' lang='lat' dir='ltr'><strong>facturus</strong></span> <span class='ocrx_word' id='word_1_123' title='bbox 1179 1820 1296 1901; x_wconf 82' lang='lat' dir='ltr'><strong>dIcitur,</strong></span> 
     </span>
     <span class='ocr_line' id='line_1_16' title="bbox 291 1909 1348 1992; baseline -0.004 -20"><span class='ocrx_word' id='word_1_124' title='bbox 291 1930 366 1990; x_wconf 86' lang='lat' dir='ltr'><strong>quae</strong></span> <span class='ocrx_word' id='word_1_125' title='bbox 389 1912 612 1992; x_wconf 80' lang='lat' dir='ltr'><strong>praenuntiasse</strong></span> <span class='ocrx_word' id='word_1_126' title='bbox 634 1909 677 1970; x_wconf 93' lang='lat' dir='ltr'><strong>ibi</strong></span> <span class='ocrx_word' id='word_1_127' title='bbox 699 1910 823 1992; x_wconf 87' lang='lat' dir='ltr'><strong>legitur,</strong></span> <span class='ocrx_word' id='word_1_128' title='bbox 844 1910 894 1971; x_wconf 88' lang='lat' dir='ltr'><strong>ubi</strong></span> <span class='ocrx_word' id='word_1_129' title='bbox 917 1910 972 1971; x_wconf 91' lang='lat' dir='ltr'><strong>alia</strong></span> <span class='ocrx_word' id='word_1_130' title='bbox 994 1909 1086 1972; x_wconf 90' lang='lat' dir='ltr'><strong>multa</strong></span> <span class='ocrx_word' id='word_1_131' title='bbox 1108 1911 1348 1989; x_wconf 86' lang='lat' dir='ltr'><strong>praenuntia-15</strong></span> 
     </span>
     <span class='ocr_line' id='line_1_17' title="bbox 290 1995 1296 2081; baseline -0.003 -21"><span class='ocrx_word' id='word_1_132' title='bbox 290 2003 341 2081; x_wconf 86' lang='lat' dir='ltr'><strong>vit,</strong></span> <span class='ocrx_word' id='word_1_133' title='bbox 364 2018 439 2079; x_wconf 90' lang='lat' dir='ltr'><strong>quae</strong></span> <span class='ocrx_word' id='word_1_134' title='bbox 462 1999 568 2059; x_wconf 87' lang='lat' dir='ltr'><strong>iecisse</strong></span> <span class='ocrx_word' id='word_1_135' title='bbox 592 1995 794 2060; x_wconf 81' lang='lat' dir='ltr'><strong>monstratur?</strong></span> <span class='ocrx_word' id='word_1_136' title='bbox 830 1998 897 2077; x_wconf 90' lang='lat' dir='ltr'><strong>lpse</strong></span> <span class='ocrx_word' id='word_1_137' title='bbox 921 2002 1029 2078; x_wconf 92' lang='lat' dir='ltr'><strong>quippe</strong></span> <span class='ocrx_word' id='word_1_138' title='bbox 1053 1998 1149 2079; x_wconf 85' lang='lat' dir='ltr'><strong>iaciat,</strong></span> <span class='ocrx_word' id='word_1_139' title='bbox 1172 2000 1241 2077; x_wconf 91' lang='lat' dir='ltr'><strong>quia</strong></span> <span class='ocrx_word' id='word_1_140' title='bbox 1264 2015 1296 2057; x_wconf 92' lang='lat' dir='ltr'><strong>se</strong></span> 
     </span>
     <span class='ocr_line' id='line_1_18' title="bbox 291 2086 1297 2168; baseline -0.003 -20"><span class='ocrx_word' id='word_1_141' title='bbox 291 2088 439 2148; x_wconf 87' lang='lat' dir='ltr'><strong>iacturum</strong></span> <span class='ocrx_word' id='word_1_142' title='bbox 468 2105 535 2147; x_wconf 90' lang='lat' dir='ltr'><strong>esse</strong></span> <span class='ocrx_word' id='word_1_143' title='bbox 562 2087 721 2168; x_wconf 83' lang='lat' dir='ltr'><strong>praedixit,</strong></span> <span class='ocrx_word' id='word_1_144' title='bbox 748 2105 824 2165; x_wconf 86' lang='lat' dir='ltr'><strong>quae</strong></span> <span class='ocrx_word' id='word_1_145' title='bbox 852 2087 1034 2165; x_wconf 85' lang='lat' dir='ltr'><strong>inpossibilia</strong></span> <span class='ocrx_word' id='word_1_146' title='bbox 1060 2094 1217 2166; x_wconf 86' lang='lat' dir='ltr'><strong>putantur,</strong></span> <span class='ocrx_word' id='word_1_147' title='bbox 1246 2086 1297 2165; x_wconf 91' lang='lat' dir='ltr'><strong>qui</strong></span> 
     </span>
     <span class='ocr_line' id='line_1_19' title="bbox 290 2172 1298 2262; baseline -0.002 -27"><span class='ocrx_word' id='word_1_148' title='bbox 290 2178 427 2256; x_wconf 89' lang='lat' dir='ltr'><strong>promisit</strong></span> <span class='ocrx_word' id='word_1_149' title='bbox 455 2185 486 2236; x_wconf 93' lang='lat' dir='ltr'><strong>et</strong></span> <span class='ocrx_word' id='word_1_150' title='bbox 516 2176 586 2236; x_wconf 87' lang='lat' dir='ltr'><strong>Iecit</strong></span> <span class='ocrx_word' id='word_1_151' title='bbox 612 2182 647 2236; x_wconf 92' lang='lat' dir='ltr'><strong>ut</strong></span> <span class='ocrx_word' id='word_1_152' title='bbox 680 2174 717 2235; x_wconf 92' lang='lat' dir='ltr'><strong>ab</strong></span> <span class='ocrx_word' id='word_1_153' title='bbox 738 2174 912 2262; x_wconf 24' lang='lat' dir='ltr'><strong>&#39;incredulis</strong></span> <span class='ocrx_word' id='word_1_154' title='bbox 944 2174 1082 2254; x_wconf 80' lang='lat' dir='ltr'><strong>gentibus</strong></span> <span class='ocrx_word' id='word_1_155' title='bbox 1114 2172 1298 2235; x_wconf 84' lang='lat' dir='ltr'><strong>incredibilia</strong></span> 
     </span>
     <span class='ocr_line' id='line_1_20' title="bbox 290 2264 493 2325; baseline 0 -2"><span class='ocrx_word' id='word_1_156' title='bbox 290 2264 493 2325; x_wconf 81' lang='lat' dir='ltr'><strong>crederentur.</strong></span> 
     </span>
    </p>
   </div>
   <div class='ocr_carea' id='block_1_3' title="bbox 680 2470 1352 2539">
    <p class='ocr_par' dir='ltr' id='par_1_3' title="bbox 680 2470 1352 2539">
     <span class='ocr_line' id='line_1_21' title="bbox 680 2470 1352 2539; baseline -0.001 0"><span class='ocrx_word' id='word_1_157' title='bbox 680 2470 798 2539; x_wconf 74' lang='lat' dir='ltr'><strong>Garun</strong></span> <span class='ocrx_word' id='word_1_158' title='bbox 815 2471 905 2538; x_wconf 90' lang='lat' dir='ltr'>VIII.</span> <span class='ocrx_word' id='word_1_159' title='bbox 1317 2486 1352 2538; x_wconf 79' lang='lat' dir='ltr'><strong>ao</strong></span> 
     </span>
    </p>
   </div>
   <div class='ocr_carea' id='block_1_4' title="bbox 337 2602 1254 2853">
    <p class='ocr_par' dir='ltr' id='par_1_4' title="bbox 337 2602 1254 2853">
     <span class='ocr_line' id='line_1_22' title="bbox 337 2602 1254 2680; baseline 0.003 -20"><span class='ocrx_word' id='word_1_160' title='bbox 337 2602 404 2661; x_wconf 83' lang='lat' dir='ltr'><strong>Non</strong></span> <span class='ocrx_word' id='word_1_161' title='bbox 427 2618 492 2663; x_wconf 85' lang='lat' dir='ltr'><strong>esse</strong></span> <span class='ocrx_word' id='word_1_162' title='bbox 512 2607 622 2662; x_wconf 84' lang='lat' dir='ltr'><strong>contra</strong></span> <span class='ocrx_word' id='word_1_163' title='bbox 644 2607 801 2680; x_wconf 80' lang='lat' dir='ltr'><strong>naturam,</strong></span> <span class='ocrx_word' id='word_1_164' title='bbox 825 2618 894 2661; x_wconf 85' lang='lat' dir='ltr'><strong>cum</strong></span> <span class='ocrx_word' id='word_1_165' title='bbox 916 2603 948 2661; x_wconf 80' lang='lat' dir='ltr'><strong>ia</strong></span> <span class='ocrx_word' id='word_1_166' title='bbox 971 2602 1076 2675; x_wconf 77' lang='lat' dir='ltr'><strong>aliqua</strong></span> <span class='ocrx_word' id='word_1_167' title='bbox 1098 2619 1142 2675; x_wconf 83' lang='lat' dir='ltr'><strong>re,</strong></span> <span class='ocrx_word' id='word_1_168' title='bbox 1165 2604 1254 2663; x_wconf 83' lang='lat' dir='ltr'><strong>coins</strong></span> 
     </span>
     <span class='ocr_line' id='line_1_23' title="bbox 364 2690 1222 2771; baseline 0 -22"><span class='ocrx_word' id='word_1_169' title='bbox 364 2699 483 2771; x_wconf 14' lang='lat' dir='ltr'><strong>,notura</strong></span> <span class='ocrx_word' id='word_1_170' title='bbox 505 2692 643 2763; x_wconf 77' lang='lat' dir='ltr'><strong>innotuit,</strong></span> <span class='ocrx_word' id='word_1_171' title='bbox 667 2690 785 2763; x_wconf 82' lang='lat' dir='ltr'><strong>aliquid</strong></span> <span class='ocrx_word' id='word_1_172' title='bbox 805 2690 845 2748; x_wconf 83' lang='lat' dir='ltr'><strong>ab</strong></span> <span class='ocrx_word' id='word_1_173' title='bbox 868 2706 903 2750; x_wconf 85' lang='lat' dir='ltr'><strong>eo</strong></span> <span class='ocrx_word' id='word_1_174' title='bbox 926 2690 1098 2763; x_wconf 84' lang='lat' dir='ltr'><strong>quoderat</strong></span> <span class='ocrx_word' id='word_1_175' title='bbox 1120 2696 1222 2751; x_wconf 83' lang='lat' dir='ltr'><strong>notum</strong></span> 
     </span>
     <span class='ocr_line' id='line_1_24' title="bbox 605 2778 979 2853; baseline -0.003 -16"><span class='ocrx_word' id='word_1_176' title='bbox 605 2779 712 2853; x_wconf 79' lang='lat' dir='ltr'><strong>iaca‘pit</strong></span> <span class='ocrx_word' id='word_1_177' title='bbox 733 2793 798 2837; x_wconf 84' lang='lat' dir='ltr'><strong>esse</strong></span> <span class='ocrx_word' id='word_1_178' title='bbox 820 2778 979 2837; x_wconf 81' lang='lat' dir='ltr'><strong>diversum.</strong></span> 
     </span>
    </p>
   </div>
   <div class='ocr_carea' id='block_1_5' title="bbox 291 2899 1350 3685">
    <p class='ocr_par' dir='ltr' id='par_1_5' title="bbox 291 2899 1350 3685">
     <span class='ocr_line' id='line_1_25' title="bbox 382 2899 1297 2979; baseline 0.002 -20"><span class='ocrx_word' id='word_1_179' title='bbox 382 2899 414 2959; x_wconf 89' lang='lat' dir='ltr'><strong>Si</strong></span> <span class='ocrx_word' id='word_1_180' title='bbox 437 2909 536 2960; x_wconf 91' lang='lat' dir='ltr'><strong>antem</strong></span> <span class='ocrx_word' id='word_1_181' title='bbox 553 2899 733 2979; x_wconf 88' lang='lat' dir='ltr'><strong>respondent</strong></span> <span class='ocrx_word' id='word_1_182' title='bbox 756 2907 914 2978; x_wconf 91' lang='lat' dir='ltr'><strong>propterea</strong></span> <span class='ocrx_word' id='word_1_183' title='bbox 937 2918 969 2959; x_wconf 90' lang='lat' dir='ltr'><strong>se</strong></span> <span class='ocrx_word' id='word_1_184' title='bbox 993 2918 1053 2960; x_wconf 91' lang='lat' dir='ltr'><strong>non</strong></span> <span class='ocrx_word' id='word_1_185' title='bbox 1076 2900 1199 2961; x_wconf 89' lang='lat' dir='ltr'><strong>credere</strong></span> <span class='ocrx_word' id='word_1_186' title='bbox 1223 2918 1297 2979; x_wconf 89' lang='lat' dir='ltr'><strong>quac</strong></span> 
     </span>
     <span class='ocr_line' id='line_1_26' title="bbox 292 2987 1350 3068; baseline 0.002 -21"><span class='ocrx_word' id='word_1_187' title='bbox 292 2988 330 3049; x_wconf 92' lang='lat' dir='ltr'><strong>de</strong></span> <span class='ocrx_word' id='word_1_188' title='bbox 357 2987 493 3049; x_wconf 89' lang='lat' dir='ltr'><strong>humanis</strong></span> <span class='ocrx_word' id='word_1_189' title='bbox 520 3006 638 3068; x_wconf 86' lang='lat' dir='ltr'><strong>semper</strong></span> <span class='ocrx_word' id='word_1_190' title='bbox 666 2990 778 3048; x_wconf 90' lang='lat' dir='ltr'><strong>arsuris</strong></span> <span class='ocrx_word' id='word_1_191' title='bbox 805 3004 861 3047; x_wconf 92' lang='lat' dir='ltr'><strong>nec</strong></span> <span class='ocrx_word' id='word_1_192' title='bbox 888 3005 1028 3066; x_wconf 89' lang='lat' dir='ltr'><strong>umquam</strong></span> <span class='ocrx_word' id='word_1_193' title='bbox 1057 2990 1209 3049; x_wconf 91' lang='lat' dir='ltr'><strong>morituris</strong></span> <span class='ocrx_word' id='word_1_194' title='bbox 1233 3006 1296 3049; x_wconf 93' lang='lat' dir='ltr'><strong>cor·</strong></span> <span class='ocrx_word' id='word_1_195' title='bbox 1316 3000 1350 3049; x_wconf 70' lang='lat'><strong>25</strong></span> 
     </span>
     <span class='ocr_line' id='line_1_27' title="bbox 291 3075 1298 3156; baseline 0.001 -21"><span class='ocrx_word' id='word_1_196' title='bbox 291 3075 416 3156; x_wconf 89' lang='lat' dir='ltr'><strong>poribus</strong></span> <span class='ocrx_word' id='word_1_197' title='bbox 438 3076 572 3156; x_wconf 90' lang='lat' dir='ltr'><strong>dicimus,</strong></span> <span class='ocrx_word' id='word_1_198' title='bbox 595 3078 663 3155; x_wconf 90' lang='lat' dir='ltr'><strong>quia</strong></span> <span class='ocrx_word' id='word_1_199' title='bbox 686 3075 883 3136; x_wconf 90' lang='lat' dir='ltr'><strong>bumanorum</strong></span> <span class='ocrx_word' id='word_1_200' title='bbox 907 3094 1066 3155; x_wconf 89' lang='lat' dir='ltr'><strong>corporum</strong></span> <span class='ocrx_word' id='word_1_201' title='bbox 1089 3086 1222 3136; x_wconf 90' lang='lat' dir='ltr'><strong>naturam</strong></span> <span class='ocrx_word' id='word_1_202' title='bbox 1245 3093 1298 3136; x_wconf 91' lang='lat' dir='ltr'><strong>nc-</strong></span> 
     </span>
     <span class='ocr_line' id='line_1_28' title="bbox 292 3162 1298 3243; baseline 0 -19"><span class='ocrx_word' id='word_1_203' title='bbox 292 3166 389 3225; x_wconf 83' lang='lat' dir='ltr'><strong>vimus</strong></span> <span class='ocrx_word' id='word_1_204' title='bbox 421 3164 507 3243; x_wconf 84' lang='lat' dir='ltr'><strong>longe</strong></span> <span class='ocrx_word' id='word_1_205' title='bbox 534 3164 618 3224; x_wconf 89' lang='lat' dir='ltr'><strong>aliter</strong></span> <span class='ocrx_word' id='word_1_206' title='bbox 648 3166 828 3243; x_wconf 89' lang='lat' dir='ltr'><strong>institutam,</strong></span> <span class='ocrx_word' id='word_1_207' title='bbox 858 3162 936 3223; x_wconf 90' lang='lat' dir='ltr'><strong>unde</strong></span> <span class='ocrx_word' id='word_1_208' title='bbox 967 3183 1022 3223; x_wconf 93' lang='lat' dir='ltr'><strong>nec</strong></span> <span class='ocrx_word' id='word_1_209' title='bbox 1050 3164 1098 3223; x_wconf 85' lang='lat' dir='ltr'><strong>Illa</strong></span> <span class='ocrx_word' id='word_1_210' title='bbox 1126 3167 1201 3224; x_wconf 92' lang='lat' dir='ltr'><strong>ratio</strong></span> <span class='ocrx_word' id='word_1_211' title='bbox 1228 3164 1298 3225; x_wconf 91' lang='lat' dir='ltr'><strong>binc</strong></span> 
     </span>
     <span class='ocr_line' id='line_1_29' title="bbox 293 3250 1299 3333; baseline -0.002 -20"><span class='ocrx_word' id='word_1_212' title='bbox 293 3252 378 3313; x_wconf 91' lang='lat' dir='ltr'><strong>reddi</strong></span> <span class='ocrx_word' id='word_1_213' title='bbox 400 3261 507 3333; x_wconf 92' lang='lat' dir='ltr'><strong>potest,</strong></span> <span class='ocrx_word' id='word_1_214' title='bbox 530 3270 605 3331; x_wconf 90' lang='lat' dir='ltr'><strong>quae</strong></span> <span class='ocrx_word' id='word_1_215' title='bbox 628 3253 665 3313; x_wconf 89' lang='lat' dir='ltr'><strong>de</strong></span> <span class='ocrx_word' id='word_1_216' title='bbox 688 3252 745 3312; x_wconf 92' lang='lat' dir='ltr'><strong>illis</strong></span> <span class='ocrx_word' id='word_1_217' title='bbox 768 3253 882 3311; x_wconf 91' lang='lat' dir='ltr'><strong>naturis</strong></span> <span class='ocrx_word' id='word_1_218' title='bbox 905 3251 1088 3312; x_wconf 86' lang='lat' dir='ltr'><strong>mirabilibus</strong></span> <span class='ocrx_word' id='word_1_219' title='bbox 1111 3250 1299 3333; x_wconf 91' lang='lat' dir='ltr'><strong>reddebatur,</strong></span> 
     </span>
     <span class='ocr_line' id='line_1_30' title="bbox 294 3339 1298 3422; baseline 0 -23"><span class='ocrx_word' id='word_1_220' title='bbox 294 3348 329 3400; x_wconf 91' lang='lat' dir='ltr'><strong>ut</strong></span> <span class='ocrx_word' id='word_1_221' title='bbox 346 3340 405 3401; x_wconf 93' lang='lat' dir='ltr'><strong>dici</strong></span> <span class='ocrx_word' id='word_1_222' title='bbox 422 3343 530 3419; x_wconf 89' lang='lat' dir='ltr'><strong>possit:</strong></span> <span class='ocrx_word' id='word_1_223' title='bbox 552 3339 620 3422; x_wconf 90' lang='lat' dir='ltr'><strong>„Vis</strong></span> <span class='ocrx_word' id='word_1_224' title='bbox 638 3342 694 3400; x_wconf 92' lang='lat' dir='ltr'><strong>ista</strong></span> <span class='ocrx_word' id='word_1_225' title='bbox 713 3340 854 3399; x_wconf 90' lang='lat' dir='ltr'><strong>naturalis</strong></span> <span class='ocrx_word' id='word_1_226' title='bbox 873 3347 927 3421; x_wconf 86' lang='lat' dir='ltr'><strong>est,</strong></span> <span class='ocrx_word' id='word_1_227' title='bbox 950 3342 994 3399; x_wconf 91' lang='lat' dir='ltr'><strong>rei</strong></span> <span class='ocrx_word' id='word_1_228' title='bbox 1013 3339 1101 3400; x_wconf 73' lang='lat' dir='ltr'><strong>baritis</strong></span> <span class='ocrx_word' id='word_1_229' title='bbox 1118 3342 1176 3400; x_wconf 87' lang='lat' dir='ltr'><strong>ista</strong></span> <span class='ocrx_word' id='word_1_230' title='bbox 1193 3348 1298 3400; x_wconf 92' lang='lat' dir='ltr'><strong>natura</strong></span> 
     </span>
     <span class='ocr_line' id='line_1_31' title="bbox 294 3423 1350 3508; baseline -0.001 -20"><span class='ocrx_word' id='word_1_231' title='bbox 294 3423 374 3508; x_wconf 84' lang='lat' dir='ltr'><strong>est“;</strong></span> <span class='ocrx_word' id='word_1_232' title='bbox 407 3430 544 3507; x_wconf 90' lang='lat' dir='ltr'><strong>quoniam</strong></span> <span class='ocrx_word' id='word_1_233' title='bbox 573 3431 683 3489; x_wconf 90' lang='lat' dir='ltr'><strong>scimus</strong></span> <span class='ocrx_word' id='word_1_234' title='bbox 717 3427 861 3488; x_wconf 88' lang='lat' dir='ltr'><strong>humanae</strong></span> <span class='ocrx_word' id='word_1_235' title='bbox 898 3430 995 3488; x_wconf 91' lang='lat' dir='ltr'><strong>carnis</strong></span> <span class='ocrx_word' id='word_1_236' title='bbox 1027 3430 1114 3487; x_wconf 90' lang='lat' dir='ltr'><strong>istam</strong></span> <span class='ocrx_word' id='word_1_237' title='bbox 1142 3445 1203 3487; x_wconf 93' lang='lat' dir='ltr'><strong>non</strong></span> <span class='ocrx_word' id='word_1_238' title='bbox 1232 3445 1296 3487; x_wconf 89' lang='lat' dir='ltr'><strong>esse</strong></span> <span class='ocrx_word' id='word_1_239' title='bbox 1316 3440 1350 3488; x_wconf 83' lang='lat'><strong>30</strong></span> 
     </span>
     <span class='ocr_line' id='line_1_32' title="bbox 293 3515 1298 3595; baseline 0.001 -20"><span class='ocrx_word' id='word_1_240' title='bbox 293 3524 442 3578; x_wconf 90' lang='lat' dir='ltr'><strong>naturam:</strong></span> <span class='ocrx_word' id='word_1_241' title='bbox 465 3516 607 3577; x_wconf 89' lang='lat' dir='ltr'><strong>habemns</strong></span> <span class='ocrx_word' id='word_1_242' title='bbox 635 3516 754 3595; x_wconf 86' lang='lat' dir='ltr'><strong>quidem</strong></span> <span class='ocrx_word' id='word_1_243' title='bbox 777 3516 855 3594; x_wconf 90' lang='lat' dir='ltr'><strong>quod</strong></span> <span class='ocrx_word' id='word_1_244' title='bbox 879 3515 1110 3595; x_wconf 89' lang='lat' dir='ltr'><strong>respondeamus</strong></span> <span class='ocrx_word' id='word_1_245' title='bbox 1133 3515 1169 3575; x_wconf 90' lang='lat' dir='ltr'><strong>de</strong></span> <span class='ocrx_word' id='word_1_246' title='bbox 1191 3515 1298 3576; x_wconf 86' lang='lat' dir='ltr'><strong>litteris</strong></span> 
     </span>
     <span class='ocr_line' id='line_1_33' title="bbox 293 3602 1298 3685; baseline 0.002 -22"><span class='ocrx_word' id='word_1_247' title='bbox 293 3606 400 3685; x_wconf 90' lang='lat' dir='ltr'><strong>sacris,</strong></span> <span class='ocrx_word' id='word_1_248' title='bbox 427 3604 503 3665; x_wconf 92' lang='lat' dir='ltr'><strong>banc</strong></span> <span class='ocrx_word' id='word_1_249' title='bbox 532 3607 627 3684; x_wconf 90' lang='lat' dir='ltr'><strong>ipsam</strong></span> <span class='ocrx_word' id='word_1_250' title='bbox 649 3604 763 3665; x_wconf 89' lang='lat' dir='ltr'><strong>scilicet</strong></span> <span class='ocrx_word' id='word_1_251' title='bbox 785 3604 942 3665; x_wconf 90' lang='lat' dir='ltr'><strong>humanam</strong></span> <span class='ocrx_word' id='word_1_252' title='bbox 966 3622 1085 3665; x_wconf 91' lang='lat' dir='ltr'><strong>carnem</strong></span> <span class='ocrx_word' id='word_1_253' title='bbox 1107 3602 1193 3665; x_wconf 86' lang='lat' dir='ltr'><strong>aliter</strong></span> <span class='ocrx_word' id='word_1_254' title='bbox 1214 3604 1298 3665; x_wconf 89' lang='lat' dir='ltr'><strong>iusti·</strong></span> 
     </span>
    </p>
   </div>
   <div class='ocr_carea' id='block_1_6' title="bbox 363 3796 1472 4155">
    <p class='ocr_par' dir='ltr' id='par_1_6' title="bbox 363 3764 1472 4155">
     <span class='ocr_line' id='line_1_34' title="bbox 363 3796 1472 4155; baseline -0.033 -291"><span class='ocrx_word' id='word_1_255' title='bbox 363 3816 395 3864; x_wconf 78' lang='lat'><strong>17</strong></span> <span class='ocrx_word' id='word_1_256' title='bbox 415 3810 486 3881; x_wconf 86' lang='lat' dir='ltr'><strong>esse]</strong></span> <span class='ocrx_word' id='word_1_257' title='bbox 501 3810 561 3878; x_wconf 88' lang='lat' dir='ltr'><strong>ipse</strong></span> <span class='ocrx_word' id='word_1_258' title='bbox 576 3805 620 3863; x_wconf 84' lang='lat' dir='ltr'><strong>E&#39;</strong></span> <span class='ocrx_word' id='word_1_259' title='bbox 638 3810 647 3879; x_wconf 76' lang='grc' dir='ltr'><strong>ΙΙ</strong></span> <span class='ocrx_word' id='word_1_260' title='bbox 666 3814 699 3862; x_wconf 77' lang='lat' dir='ltr'><strong>tt</strong></span> <span class='ocrx_word' id='word_1_261' title='bbox 718 3808 764 3863; x_wconf 90' lang='lat' dir='ltr'><strong>hic</strong></span> <span class='ocrx_word' id='word_1_262' title='bbox 781 3810 814 3863; x_wconf 84' lang='lat' dir='ltr'><strong>be</strong></span> <span class='ocrx_word' id='word_1_263' title='bbox 830 3812 940 3879; x_wconf 67' lang='lat' dir='ltr'><strong>(many.)</strong></span> <span class='ocrx_word' id='word_1_264' title='bbox 956 3796 1010 3863; x_wconf 54' lang='grc' dir='ltr'><strong>ΕΡ</strong></span> <span class='ocrx_word' id='word_1_265' title='bbox 1027 3812 1036 3879; x_wconf 77' lang='lat' dir='ltr'><strong>p</strong></span> <span class='ocrx_word' id='word_1_266' title='bbox 1055 3813 1087 3862; x_wconf 82' lang='lat'><strong>31</strong></span> <span class='ocrx_word' id='word_1_267' title='bbox 1108 3808 1177 3876; x_wconf 68' lang='lat' dir='ltr'>quid</span> <span class='ocrx_word' id='word_1_268' title='bbox 1191 3796 1302 3878; x_wconf 62' lang='lat' dir='ltr'><strong>Apu·</strong></span> <span class='ocrx_word' id='word_1_269' title='bbox 1353 3810 1472 4155; x_wconf 46' lang='lat' dir='ltr'><strong>A}</strong></span> 
     </span>
    </p>
   </div>
   <div class='ocr_carea' id='block_1_7' title="bbox 0 0 1658 4459">
    <p class='ocr_par' dir='ltr' id='par_1_7' title="bbox 0 0 1658 4459">
     <span class='ocr_line' id='line_1_35' title="bbox 0 0 1658 4459; baseline 0 0"><span class='ocrx_word' id='word_1_270' title='bbox 0 0 1658 4459; x_wconf 95' lang='lat' dir='ltr'><strong> </strong></span> 
     </span>
    </p>
   </div>
  </div>
 </body>
</html>
