3284 4459
541 545 581 584 nn
595 543 738 584 ctmrsrn
750 545 804 584 ner
818 544 844 584 It.
858 543 917 584 xut.
932 543 955 584 o.
969 544 1003 585 es.
1224 527 1287 592 165

666 744 782 810 Ceron
803 742 906 808 XXV.

291 873 340 934 De
362 873 451 947 Aaar
474 877 587 933 ancilla
610 873 741 946 Sarrae,
764 889 855 947 qaam
878 873 983 932 eodem
1006 871 1107 932 Sarra
1129 871 1276 932 Abrahae

581 982 647 1024 esse
668 966 761 1024 uoluit
782 961 990 1020 concubinam.

369 1083 431 1142 lam
462 1083 532 1143 binc
564 1093 696 1161 tempora
728 1091 953 1161 consequuntur
985 1081 1113 1142 liliorum
1145 1081 1287 1162 Abrahae,

279 1173 371 1234 unius
394 1172 431 1230 de
455 1172 530 1250 Agar
554 1171 667 1250 ancilla,
690 1171 812 1231 alterins
836 1172 872 1231 de
892 1170 979 1230 Sarra
998 1170 1099 1250 libera,
1123 1169 1286 1248 dequibus
1307 1187 1323 1234 5

279 1263 311 1320 in
338 1259 416 1319 libro
439 1262 594 1338 superiore
622 1262 679 1319 iam
703 1259 839 1320 diximus.
886 1257 970 1329 Quod
995 1268 1093 1318 antem
1117 1257 1229 1318 adtinet
1251 1257 1286 1318 ad

280 1365 345 1408 rem
368 1357 490 1427 gestam,
512 1346 593 1408 nullo
617 1347 703 1406 modo
727 1358 773 1408 est
795 1346 973 1409 inurendum
993 1347 1029 1408 de
1048 1347 1103 1408 bac
1122 1345 1287 1406 concubina

281 1439 395 1496 crimen
427 1433 569 1496 Abrabae.
628 1434 706 1495 Usus
736 1445 782 1496 est
813 1453 848 1496 ea
881 1437 990 1515 quippe
1023 1435 1057 1495 ad
1090 1433 1288 1512 generandam

281 1523 410 1605 prolem,
438 1541 497 1584 non
519 1523 556 1583 ad
579 1523 752 1602 explendam
774 1523 940 1603 libidinem,
971 1541 1026 1584 nec
1048 1521 1206 1602 insultans,
1236 1522 1287 1584 sed

280 1615 382 1691 potius
410 1611 570 1672 oboediens
598 1614 730 1691 coniugi,
762 1630 837 1690 quae
870 1629 940 1672 suae
969 1611 1131 1672 sterilitatis
1161 1609 1288 1672 credidit
1308 1627 1341 1675 10

281 1719 349 1760 esse
372 1700 524 1781 solacium,
546 1701 572 1760 si
595 1699 755 1760 fecundum
778 1700 900 1760 ancillae
925 1709 1052 1780 uterum,
1076 1701 1214 1778 quoniam
1238 1717 1287 1760 na·

281 1799 350 1850 tura
373 1807 432 1848 non
455 1797 580 1868 poterat,
602 1787 750 1848 voluntate
774 1788 886 1848 laceret
909 1805 1005 1867 suum,
1028 1789 1205 1863 eteniam,
1229 1805 1288 1866 quo

282 1878 355 1936 dicit
377 1875 541 1955 apostolus:
564 1877 711 1937 Similiter
728 1882 758 1937 et
775 1879 823 1937 uir
841 1893 900 1937 noa
919 1877 1011 1936 babet
1025 1883 1201 1951 potestatem
1220 1893 1288 1938 eor·

278 1968 366 2042 poris
392 1968 457 2038 sai,
485 1966 542 2024 sed
562 1967 679 2036 mulier,
708 1973 843 2024 uteretur
868 1963 973 2024 mulier
996 1962 1032 2023 ad
1056 1963 1229 2042 pariendum
1252 1981 1289 2024 ex

282 2053 384 2130 altera,
407 2050 485 2130 quod
511 2069 568 2111 non
592 2060 708 2129 poterat
730 2070 767 2112 ex
786 2070 818 2111 se
838 2054 908 2130 ipsa.
946 2050 1031 2112 Nulla
1050 2060 1096 2111 est
1114 2051 1161 2112 hic
1181 2051 1287 2130 cupido
1309 2067 1341 2116 15

282 2142 428 2220 lasciviae,
451 2138 530 2200 nulla
553 2141 702 2217 nequitiae
721 2139 884 2218 turpitudo.
917 2138 959 2198 th
979 2156 1072 2200 uxore
1091 2157 1178 2200 causa
1198 2140 1288 2217 prolis

283 2229 388 2290 ancilla
410 2230 517 2288 marito
536 2227 672 2307 traditur,
694 2230 834 2288 amarito
854 2245 942 2289 causa
960 2227 1053 2305 prolis
1071 2229 1229 2305 accipitur3
1253 2227 1288 2288 ab

284 2327 412 2394 utroque
435 2334 494 2376 non
518 2315 620 2394 culpae
642 2315 740 2395 lttxus,
763 2315 814 2375 sed
838 2325 960 2376 naturae
979 2315 1095 2376 lructus
1114 2317 1289 2393 exquiritur.

283 2406 418 2482 Denique
441 2422 509 2466 cum
533 2403 637 2465 ancilla
660 2403 777 2482 gravida
800 2404 936 2464 dominae
960 2402 1054 2464 sterili
1073 2401 1242 2481 superbiret
1259 2413 1290 2462 et

284 2494 341 2554 boc
365 2492 453 2552 Sarra
476 2494 643 2570 suspicione
663 2491 800 2552 muliebri
820 2494 883 2552 viro
902 2494 1001 2570 potius
1019 2493 1178 2570 inputaret,
1201 2491 1288 2550 etiam
1310 2505 1345 2552 ‘eo

284 2581 326 2641 ibi
349 2581 561 2640 demonstrarit
583 2579 727 2640 Abrabam
751 2598 811 2640 non
835 2599 867 2641 sc
891 2589 1051 2640 amatorem
1079 2595 1210 2659 servum,
1238 2578 1290 2638 sed

285 2668 412 2729 liberum
435 2669 526 2728 luisse
549 2670 714 2746 genitorem
738 2677 769 2729 et
790 2671 821 2728 in
841 2670 916 2746 tgar
936 2667 1041 2728 Sarrae
1065 2669 1183 2745 coniugi
1206 2666 1290 2745 pudi-

284 2759 384 2817 citiam
412 2756 576 2817 custodisse
604 2774 660 2816 nec
693 2756 872 2835 voluptatem
901 2773 997 2835 suam,
1029 2755 1079 2815 sed
1111 2754 1290 2816 voluntatem

283 2845 363 2905 illius
399 2843 582 2923 implevisse,
614 2847 763 2922 accepisse
801 2863 856 2905 nec
890 2845 1014 2924 petisse,
1046 2845 1207 2903 accessisse
1235 2861 1290 2904 nec

284 2932 429 3012 haesisse,
461 2934 621 2993 seminasse
644 2950 700 2992 nec
724 2950 845 2993 amasse.
887 2932 934 2992 tit
957 2934 1049 2992 enim:
1072 2931 1155 2992 Eece
1177 2935 1291 2993 aneilla
1311 2946 1345 2994 no

284 3030 338 3082 tua
368 3021 565 3081 inmanibus
592 3023 664 3093 tais,
695 3029 781 3081 utere
803 3039 842 3080 ea
864 3037 923 3095 qao
946 3021 1033 3079 modo
1055 3020 1112 3081 tibi
1128 3022 1291 3095 placuerit.

284 3108 430 3169 Orirum
454 3106 577 3168 viriliter
604 3116 737 3168 utentem
767 3108 897 3189 leminis,
929 3109 1054 3185 coniuge
1083 3117 1294 3189 temperanter,

283 3196 388 3257 ancilla
413 3195 661 3275 obtemperanter,
683 3195 764 3255 nulla
787 3193 1035 3274 intemperanter!

356 3365 383 3430 6)
403 3359 431 3414 Ο.
451 3366 476 3414 3.
532 3363 575 3430 14)
596 3366 618 3412 1.
635 3358 694 3412 Cor.
716 3363 740 3425 7,
753 3363 779 3410 4.
836 3360 879 3426 26)
899 3355 966 3410 Gen.
987 3359 1029 3424 16,
1044 3359 1067 3408 6.

285 3500 497 3508 ρ...-

356 3597 372 3644 9
391 3590 429 3644 ad
447 3606 497 3645 om.
518 3590 575 3646 Ge¹
588 3592 598 3659 ll
618 3595 650 3642 18
669 3588 753 3657 eulpa
770 3587 898 3642 lmuriae
919 3585 965 3640 Gb
978 3586 987 3654 tt
1003 3589 1035 3637 19
1055 3580 1184 3637 dominae
1204 3577 1295 3633 VRA

282 3661 458 3731 FGab¹ep3
473 3662 588 3716 domine
598 3661 976 3729 Baraberpeusie(A,u.124)
992 3656 1063 3724 b¹pu
1077 3656 1087 3722 11
1101 3658 1133 3705 21
1149 3665 1178 3704 se
1188 3650 1297 3732 amyli

282 3733 452 3871 afforerpnniugl
466 3751 482 3788 a
496 3739 528 3786 ui
540 3748 594 3786 msa
609 3738 719 3800 praeter
734 3732 797 3785 Vei
808 3747 839 3800 μς
860 3737 891 3783 οδ
905 3726 979 3798 iugis
996 3727 1068 3796 (siet)
1084 3725 1121 3790 ἢ
1140 3736 1264 3789 contugu
1277 3735 1296 3789 p
