3284 4459
391 491 456 555 580
798 504 819 545 s.
833 502 998 545 anousrnn

392 651 422 700 et
440 656 625 717 quacumque
643 637 726 700 ibant
744 637 956 699 convertebant
978 640 1008 698 in
1032 656 1065 698 se
1088 640 1215 699 civitatis
1239 646 1401 718 aspectum.

391 726 540 808 Nonnulli,
562 730 614 806 qui
631 745 683 787 eos
701 726 771 787 alibi
789 726 923 786 viderant
941 744 1119 805 causamque
1137 729 1278 787 tremoris
1297 743 1402 787 eorum

391 824 549 895 noverant,
576 814 654 895 aliis,
678 824 712 875 ut
733 817 841 894 cuique
864 822 1016 895 poterant,
1039 813 1216 875 indicabant.
1262 812 1350 875 Venit
1373 824 1403 875 et

392 902 513 984 Pascha,
535 910 623 983 atque
641 906 707 982 ipso
726 902 773 963 die
796 902 944 963 dominico
968 920 1062 983 mane,
1086 920 1154 963 cum
1177 906 1235 962 iam
1259 904 1402 981 frequens

358 991 520 1072 spopulus
541 1010 684 1071 praesens
705 1000 786 1052 esset
812 1000 843 1051 et
864 989 922 1051 loci
945 993 1040 1051 sancti
1062 990 1222 1072 cancellos,
1250 990 1303 1051 ubi
1326 1009 1403 1051 mar·

392 1083 501 1159 tyrium
525 1089 601 1162 erat,¹
619 1079 699 1141 idem
720 1082 835 1140 iuvenis
859 1097 947 1139 orans
971 1087 1101 1161 teneret,
1123 1087 1247 1159 repente
1270 1090 1403 1160 prostra-

393 1179 442 1229 tus
460 1177 555 1229 estet
572 1168 730 1230 dormienti
748 1167 915 1228 simillimus
933 1169 1032 1249 iacuit,
1055 1185 1114 1227 non
1137 1176 1237 1228 tamen
1260 1177 1404 1249 tremens,

393 1259 472 1318 sicut
500 1260 589 1317 etiam
616 1275 671 1336 per
697 1273 834 1317 somnum
861 1254 1002 1316 solebant.
1049 1254 1246 1334 Stupentibus
1273 1259 1326 1335 qui
1355 1256 1403 1316 ad-

393 1354 479 1407 erant
507 1354 596 1424 atque
625 1344 690 1404 aliis
720 1342 910 1423 paventibus,
937 1344 1002 1404 aliis
1029 1342 1211 1425 dolentibus,
1240 1362 1405 1406 cumeum

342 1434 513 1514 tequidem
540 1433 648 1493 vellem
675 1435 804 1513 erigere,
830 1431 963 1493 nonnulli
991 1431 1210 1511 prohibuerunt
1240 1442 1271 1493 et
1303 1436 1405 1512 potins

394 1525 505 1583 exitum
529 1520 744 1600 expectandum
767 1538 833 1581 esse
857 1520 1004 1582 dixerunt.
1049 1520 1087 1580 Et
1110 1539 1179 1581 ecce
1203 1524 1352 1602 surrexit,
1377 1532 1406 1583 et

394 1628 454 1671 non
477 1608 634 1690 tremebat,
657 1611 796 1687 quoniam
819 1616 940 1669 sanatus
964 1617 1042 1690 erat,
1065 1616 1096 1669 et
1119 1608 1214 1669 stabat
1236 1609 1407 1689 incolumis,

394 1702 514 1759 intuens
540 1700 698 1758 intuentes.
744 1696 818 1769 Quis
847 1713 917 1776 ergo
945 1715 977 1756 se
1007 1698 1104 1757 tenuit
1126 1715 1142 1756 a
1166 1696 1303 1759 laudibus
1326 1696 1407 1759 Dei?

395 1785 589 1847 Clamantinm
607 1785 876 1865 gratulantiumque
895 1784 1017 1846 vocibus
1040 1784 1165 1846 ecclesia
1188 1804 1406 1866 usquequaque

344 1887 376 1935 15
395 1873 539 1953 completa
571 1881 627 1935 est.
670 1872 742 1934 lnde
774 1872 811 1933 ad
841 1891 888 1933 me
916 1876 1065 1954 curritur,
1095 1872 1148 1933 ubi
1177 1874 1316 1935 sedebam
1347 1876 1408 1935 iam

394 1980 604 2043 processurus3
626 1963 719 2022 inruit
737 1961 812 2022 alter
835 1964 961 2040 quisque
984 1969 1052 2040 post
1074 1962 1209 2043 alterum,
1233 1965 1330 2023 omnis
1354 1982 1408 2043 po

394 2052 503 2112 sterior
520 2053 606 2130 quasi
624 2068 742 2131 norum,
765 2049 844 2129 quod
868 2049 942 2110 alius
966 2052 1048 2129 prior
1071 2050 1195 2133 dixerat,
1218 2054 1409 2133 nuntiantes3

395 2157 500 2218 meque
524 2138 671 2218 gaudente
698 2147 728 2198 et
755 2136 832 2217 apud
862 2156 908 2198 me
931 2137 992 2197 lleo
1014 2141 1124 2217 gratias
1147 2147 1251 2217 agente
1274 2140 1409 2219 ingredi-

394 2236 445 2289 tur
472 2229 559 2289 etiam
586 2229 650 2306 ipse
679 2244 747 2286 cum
774 2225 923 2305 pluribus,
953 2224 1113 2286 inclinatur
1140 2226 1176 2286 ad
1204 2245 1300 2305 genua
1330 2246 1409 2308 mea,

342 2329 377 2378 to
396 2318 521 2396 erigitur
552 2315 588 2376 ad
623 2314 759 2375 osculum
796 2332 904 2375 meum.
950 2314 1143 2375 Procedimus
1180 2315 1215 2375 ad
1251 2316 1410 2397 populum,

396 2404 481 2484 plena
508 2414 572 2465 erat
599 2402 740 2482 ecclesia,
767 2401 945 2482 personabat
971 2401 1093 2462 vocibus
1121 2402 1311 2483 gaudiorum:
1345 2404 1410 2465 Deo

395 2495 516 2573 gratias,
540 2491 601 2552 [leo
624 2490 739 2551 laudes!
768 2493 885 2552 nemine
911 2499 1024 2551 tacente
1048 2490 1118 2551 binc
1141 2500 1228 2571 atque
1252 2491 1322 2553 inde
1348 2493 1409 2554 cla-

395 2583 546 2641 mantium.
594 2579 722 2641 Salutavi
740 2579 892 2661 populum,
915 2588 946 2639 et
968 2597 1074 2640 rursus
1097 2579 1200 2641 eadem
1223 2580 1410 2642 ferventiore

381 2676 466 2729 ‘voce
495 2667 665 2730 clamabant
710 2667 799 2729 Facto
831 2668 948 2727 tandem
972 2667 1089 2727 silentio
1122 2670 1340 2747 scripturarum
1365 2671 1410 2730 di-

342 2770 377 2820 ta
395 2760 530 2816 vinarum
552 2762 623 2816 sunt
645 2755 721 2817 lecta
743 2756 905 2816 sollemnia.
950 2754 1007 2815 Ubi
1032 2764 1131 2816 autem
1154 2764 1274 2817 ventum
1300 2766 1347 2818 est
1372 2759 1411 2819 ad

396 2847 454 2904 mei
472 2845 618 2904 sermonis
635 2842 742 2925 locum,
765 2844 825 2904 dixi
843 2862 935 2923 pauca
959 2861 1014 2923 pro
1036 2851 1171 2923 tempore
1194 2853 1225 2904 et
1246 2863 1302 2923 pro
1324 2845 1412 2907 illius

395 2931 577 2993 iucunditate
614 2930 749 2991 laetitiae.
794 2931 886 3011 blagis
918 2934 997 2991 enirn
1035 2950 1086 2991 eos
1118 2936 1148 2992 in
1181 2950 1270 3012 opere
1304 2933 1410 2994 divino

396 3021 542 3099 quandam
574 3018 628 3079 llei
660 3019 857 3098 eloquentiam
890 3037 949 3079 non
982 3019 1100 3101 audire,
1133 3019 1184 3081 sed
1215 3019 1411 3083 considerare

396 3110 526 3188 permisi.
580 3106 742 3168 Nobiscum
778 3107 865 3167 bomo
900 3108 1020 3187 prandit
1056 3116 1086 3170 et
1121 3107 1279 3187 diligenter
1318 3109 1413 3172 nobis

343 3213 377 3261 30
395 3214 514 3257 omnem
537 3214 607 3257 suae
639 3197 845 3275 fraternaeque
868 3214 902 3256 ac
926 3205 1075 3257 maternae
1098 3195 1271 3257 calamitatis
1294 3198 1413 3259 indica·

398 3288 438 3346 rit
464 3284 626 3345 historiam.
672 3283 814 3363 Sequenti
842 3287 942 3363 itaque
969 3284 1017 3344 die
1044 3293 1113 3364 post
1139 3302 1307 3346 sermonem
1339 3288 1413 3348 red-

396 3373 490 3434 ditum
514 3374 691 3434 narrationis
714 3374 779 3433 eius
801 3371 934 3433 libellum
956 3375 988 3433 in
1011 3375 1174 3434 crastinum
1196 3372 1306 3453 populo
1330 3379 1414 3437 reci-

396 3461 517 3522 tandum
547 3462 678 3541 promisi.
729 3460 813 3531 Quod
847 3478 915 3520 curn
948 3480 984 3521 ex
1016 3460 1163 3522 dominico
1194 3460 1325 3523 Paschae
1361 3464 1415 3524 die

464 3606 481 3655 8
502 3602 639 3655 somnium
656 3600 732 3656 R¹A
748 3602 758 3668 ΙΙ
776 3599 905 3655 solebant
923 3600 1103 3671 RG'na¹q¹;
1127 3600 1237 3655 solebat
1254 3599 1417 3656 AG²a¹be

393 3671 492 3742 p‘pvp
508 3673 518 3740 ll
536 3677 569 3724 26
587 3686 679 3740 pauca
696 3671 726 3723 in
743 3670 806 3724 loco
824 3688 874 3739 pro
893 3673 913 3726 t.
934 3674 962 3727 R
978 3673 988 3742 l
1006 3676 1039 3726 20
1058 3677 1091 3727 ut
1105 3672 1197 3727 editur
1209 3670 1416 3743 AGabe¹pp3

394 3741 591 3810 fraternaeque
607 3742 807 3807 maternaeque
825 3739 864 3806 e¹3
881 3740 1024 3797 fraternae
1041 3743 1241 3811 maternaeque
1255 3750 1286 3807 ῆς
1306 3740 1417 3796 frater-

394 3810 493 3864 nitatis
521 3827 554 3865 ac
579 3814 724 3865 maternae
751 3811 779 3863 R
802 3814 902 3876 (nescio
925 3830 965 3867 on
986 3818 1069 3879 rectc;
1095 3814 1131 3881 cf.
1155 3816 1224 3879 547,
1240 3816 1295 3880 21;
1323 3812 1417 3883 Gypr.

396 3884 487 3946 51³,1
507 3888 553 3936 etc.
572 3881 638 3949 H.);
657 3895 690 3933 sc
707 3883 851 3933 matemee
869 3882 1065 3951 fraternaeque
1082 3901 1099 3939 v
