<?xml version="1.0" encoding="UTF-8"?>
<!DOCTYPE html PUBLIC "-//W3C//DTD XHTML 1.0 Transitional//EN"
    "http://www.w3.org/TR/xhtml1/DTD/xhtml1-transitional.dtd">
<html xmlns="http://www.w3.org/1999/xhtml" xml:lang="en" lang="en">
 <head>
  <title>
</title>
<meta http-equiv="Content-Type" content="text/html;charset=utf-8" />
  <meta name='ocr-system' content='tesseract 3.04.00' />
  <meta name='ocr-capabilities' content='ocr_page ocr_carea ocr_par ocr_line ocrx_word'/>
</head>
<body>
  <div class='ocr_page' id='page_1' title='image "./sanctiaureliiau11augugoog_0064.png"; bbox 0 0 3284 4459; ppageno 0'>
   <div class='ocr_carea' id='block_1_1' title="bbox 340 486 948 548">
    <p class='ocr_par' dir='ltr' id='par_1_1' title="bbox 340 486 948 548">
     <span class='ocr_line' id='line_1_1' title="bbox 340 486 948 548; baseline 0 -9"><span class='ocrx_word' id='word_1_1' title='bbox 340 486 385 548; x_wconf 83' lang='lat'>44</span> <span class='ocrx_word' id='word_1_2' title='bbox 656 530 658 539; x_wconf 80' lang='grc'>,</span> <span class='ocrx_word' id='word_1_3' title='bbox 745 497 767 539; x_wconf 84' lang='lat' dir='ltr'>a.</span> <span class='ocrx_word' id='word_1_4' title='bbox 782 498 948 540; x_wconf 76' lang='lat' dir='ltr'>aoaasmm</span> 
     </span>
    </p>
   </div>
   <div class='ocr_carea' id='block_1_2' title="bbox 290 631 1355 2561">
    <p class='ocr_par' dir='ltr' id='par_1_2' title="bbox 290 631 1355 2561">
     <span class='ocr_line' id='line_1_2' title="bbox 342 631 1354 716; baseline 0.001 -23"><span class='ocrx_word' id='word_1_5' title='bbox 342 632 465 693; x_wconf 88' lang='lat' dir='ltr'>canibus</span> <span class='ocrx_word' id='word_1_6' title='bbox 491 650 557 693; x_wconf 87' lang='lat' dir='ltr'>esse</span> <span class='ocrx_word' id='word_1_7' title='bbox 582 632 692 693; x_wconf 89' lang='lat' dir='ltr'>similes</span> <span class='ocrx_word' id='word_1_8' title='bbox 714 634 895 693; x_wconf 76' lang='lat' dir='ltr'>affectarent.</span> <span class='ocrx_word' id='word_1_9' title='bbox 940 631 1024 692; x_wconf 86' lang='lat' dir='ltr'>Unde</span> <span class='ocrx_word' id='word_1_10' title='bbox 1047 640 1077 693; x_wconf 91' lang='lat' dir='ltr'>et</span> <span class='ocrx_word' id='word_1_11' title='bbox 1099 632 1183 695; x_wconf 93' lang='lat' dir='ltr'>illum</span> <span class='ocrx_word' id='word_1_12' title='bbox 1206 634 1252 695; x_wconf 81' lang='lat' dir='ltr'>rel</span> <span class='ocrx_word' id='word_1_13' title='bbox 1275 634 1354 716; x_wconf 86' lang='lat' dir='ltr'>illos,</span> 
     </span>
     <span class='ocr_line' id='line_1_3' title="bbox 342 719 1352 801; baseline 0 -19"><span class='ocrx_word' id='word_1_14' title='bbox 342 724 393 801; x_wconf 90' lang='lat' dir='ltr'>qui</span> <span class='ocrx_word' id='word_1_15' title='bbox 411 720 467 780; x_wconf 92' lang='lat' dir='ltr'>hoc</span> <span class='ocrx_word' id='word_1_16' title='bbox 487 721 592 781; x_wconf 86' lang='lat' dir='ltr'>iecisse</span> <span class='ocrx_word' id='word_1_17' title='bbox 610 721 791 801; x_wconf 81' lang='lat' dir='ltr'>reseruntur,</span> <span class='ocrx_word' id='word_1_18' title='bbox 813 722 913 799; x_wconf 89' lang='lat' dir='ltr'>potius</span> <span class='ocrx_word' id='word_1_19' title='bbox 935 719 1065 781; x_wconf 77' lang='lat' dir='ltr'><strong>arbitror</strong></span> <span class='ocrx_word' id='word_1_20' title='bbox 1088 721 1352 783; x_wconf 83' lang='lat' dir='ltr'>concumbentium</span> 
     </span>
     <span class='ocr_line' id='line_1_4' title="bbox 341 807 1350 889; baseline 0 -20"><span class='ocrx_word' id='word_1_21' title='bbox 341 818 439 870; x_wconf 90' lang='lat' dir='ltr'>motus</span> <span class='ocrx_word' id='word_1_22' title='bbox 462 807 579 869; x_wconf 82' lang='lat' dir='ltr'>dedisse</span> <span class='ocrx_word' id='word_1_23' title='bbox 602 808 696 869; x_wconf 92' lang='lat' dir='ltr'>oculis</span> <span class='ocrx_word' id='word_1_24' title='bbox 719 808 873 869; x_wconf 89' lang='lat' dir='ltr'>hominum</span> <span class='ocrx_word' id='word_1_25' title='bbox 895 810 1093 870; x_wconf 90' lang='lat' dir='ltr'>nescientium</span> <span class='ocrx_word' id='word_1_26' title='bbox 1115 810 1187 888; x_wconf 85' lang='lat' dir='ltr'>quid</span> <span class='ocrx_word' id='word_1_27' title='bbox 1210 810 1267 869; x_wconf 91' lang='lat' dir='ltr'>sub</span> <span class='ocrx_word' id='word_1_28' title='bbox 1289 810 1350 889; x_wconf 85' lang='lat' dir='ltr'>pal·</span> 
     </span>
     <span class='ocr_line' id='line_1_5' title="bbox 341 896 1353 977; baseline 0.001 -20"><span class='ocrx_word' id='word_1_29' title='bbox 341 898 380 958; x_wconf 90' lang='lat' dir='ltr'>lio</span> <span class='ocrx_word' id='word_1_30' title='bbox 403 903 568 977; x_wconf 80' lang='lat' dir='ltr'><strong>gereretur,</strong></span> <span class='ocrx_word' id='word_1_31' title='bbox 591 914 679 975; x_wconf 74' lang='lat' dir='ltr'>quiam</span> <span class='ocrx_word' id='word_1_32' title='bbox 702 896 830 957; x_wconf 88' lang='lat' dir='ltr'>humano</span> <span class='ocrx_word' id='word_1_33' title='bbox 853 905 1007 975; x_wconf 78' lang='lat' dir='ltr'>premente</span> <span class='ocrx_word' id='word_1_34' title='bbox 1031 906 1194 976; x_wconf 87' lang='lat' dir='ltr'>conspectu</span> <span class='ocrx_word' id='word_1_35' title='bbox 1216 900 1353 977; x_wconf 88' lang='lat' dir='ltr'>potuisse</span> 
     </span>
     <span class='ocr_line' id='line_1_6' title="bbox 306 983 1351 1064; baseline -0.001 -18"><span class='ocrx_word' id='word_1_36' title='bbox 306 986 420 1046; x_wconf 70' lang='lat' dir='ltr'>uillam</span> <span class='ocrx_word' id='word_1_37' title='bbox 444 987 545 1064; x_wconf 83' lang='lat' dir='ltr'>peragi</span> <span class='ocrx_word' id='word_1_38' title='bbox 568 985 755 1063; x_wconf 86' lang='lat' dir='ltr'>voluptatem.</span> <span class='ocrx_word' id='word_1_39' title='bbox 801 983 846 1045; x_wconf 90' lang='lat' dir='ltr'>lbi</span> <span class='ocrx_word' id='word_1_40' title='bbox 868 987 948 1045; x_wconf 89' lang='lat' dir='ltr'>enim</span> <span class='ocrx_word' id='word_1_41' title='bbox 969 984 1137 1064; x_wconf 88' lang='lat' dir='ltr'>philosophi</span> <span class='ocrx_word' id='word_1_42' title='bbox 1160 1003 1220 1046; x_wconf 90' lang='lat' dir='ltr'>non</span> <span class='ocrx_word' id='word_1_43' title='bbox 1243 986 1351 1047; x_wconf 87' lang='lat' dir='ltr'>erube·</span> 
     </span>
     <span class='ocr_line' id='line_1_7' title="bbox 343 1071 1352 1153; baseline -0.001 -19"><span class='ocrx_word' id='word_1_44' title='bbox 343 1072 465 1134; x_wconf 87' lang='lat' dir='ltr'>scebant</span> <span class='ocrx_word' id='word_1_45' title='bbox 488 1073 581 1134; x_wconf 84' lang='lat' dir='ltr'>videri</span> <span class='ocrx_word' id='word_1_46' title='bbox 600 1091 631 1133; x_wconf 90' lang='lat' dir='ltr'>se</span> <span class='ocrx_word' id='word_1_47' title='bbox 651 1073 723 1134; x_wconf 90' lang='lat' dir='ltr'>velle</span> <span class='ocrx_word' id='word_1_48' title='bbox 743 1072 950 1153; x_wconf 83' lang='lat' dir='ltr'>concumbere,</span> <span class='ocrx_word' id='word_1_49' title='bbox 974 1072 1026 1133; x_wconf 91' lang='lat' dir='ltr'>ubi</span> <span class='ocrx_word' id='word_1_50' title='bbox 1049 1071 1139 1134; x_wconf 92' lang='lat' dir='ltr'>libido</span> <span class='ocrx_word' id='word_1_51' title='bbox 1162 1076 1226 1153; x_wconf 88' lang='lat' dir='ltr'>ipsa</span> <span class='ocrx_word' id='word_1_52' title='bbox 1244 1073 1352 1134; x_wconf 86' lang='lat' dir='ltr'>erube·</span> 
     </span>
     <span class='ocr_line' id='line_1_8' title="bbox 342 1160 1355 1241; baseline -0.001 -19"><span class='ocrx_word' id='word_1_53' title='bbox 342 1172 440 1223; x_wconf 90' lang='lat' dir='ltr'>sceret</span> <span class='ocrx_word' id='word_1_54' title='bbox 458 1178 590 1240; x_wconf 83' lang='lat' dir='ltr'>surgere.</span> <span class='ocrx_word' id='word_1_55' title='bbox 635 1160 674 1221; x_wconf 88' lang='lat' dir='ltr'>Et</span> <span class='ocrx_word' id='word_1_56' title='bbox 692 1179 770 1221; x_wconf 90' lang='lat' dir='ltr'>nunc</span> <span class='ocrx_word' id='word_1_57' title='bbox 794 1160 936 1222; x_wconf 86' lang='lat' dir='ltr'>videmus.</span> <span class='ocrx_word' id='word_1_58' title='bbox 950 1160 1046 1239; x_wconf 86' lang='lat' dir='ltr'>adbuc</span> <span class='ocrx_word' id='word_1_59' title='bbox 1068 1180 1135 1221; x_wconf 90' lang='lat' dir='ltr'>esse</span> <span class='ocrx_word' id='word_1_60' title='bbox 1158 1161 1355 1241; x_wconf 88' lang='lat' dir='ltr'>philosophos</span> 
     </span>
     <span class='ocr_line' id='line_1_9' title="bbox 343 1249 1355 1331; baseline -0.001 -20"><span class='ocrx_word' id='word_1_61' title='bbox 343 1250 480 1331; x_wconf 77' lang='lat' dir='ltr'>Cynicos3</span> <span class='ocrx_word' id='word_1_62' title='bbox 508 1250 539 1310; x_wconf 91' lang='lat' dir='ltr'>bi</span> <span class='ocrx_word' id='word_1_63' title='bbox 561 1252 640 1311; x_wconf 92' lang='lat' dir='ltr'>enim</span> <span class='ocrx_word' id='word_1_64' title='bbox 664 1257 746 1324; x_wconf 89' lang='lat' dir='ltr'>sunt,</span> <span class='ocrx_word' id='word_1_65' title='bbox 776 1252 827 1327; x_wconf 89' lang='lat' dir='ltr'>qui</span> <span class='ocrx_word' id='word_1_66' title='bbox 851 1267 910 1309; x_wconf 92' lang='lat' dir='ltr'>non</span> <span class='ocrx_word' id='word_1_67' title='bbox 933 1249 1030 1309; x_wconf 89' lang='lat' dir='ltr'>solum</span> <span class='ocrx_word' id='word_1_68' title='bbox 1052 1252 1232 1310; x_wconf 92' lang='lat' dir='ltr'>amiciuntur</span> <span class='ocrx_word' id='word_1_69' title='bbox 1255 1249 1355 1330; x_wconf 80' lang='lat' dir='ltr'>pallio,</span> 
     </span>
     <span class='ocr_line' id='line_1_10' title="bbox 342 1337 1353 1417; baseline 0.001 -20"><span class='ocrx_word' id='word_1_70' title='bbox 342 1357 444 1399; x_wconf 86' lang='lat' dir='ltr'>verum</span> <span class='ocrx_word' id='word_1_71' title='bbox 475 1340 562 1398; x_wconf 90' lang='lat' dir='ltr'>etiam</span> <span class='ocrx_word' id='word_1_72' title='bbox 593 1338 702 1398; x_wconf 83' lang='lat' dir='ltr'>clavam</span> <span class='ocrx_word' id='word_1_73' title='bbox 735 1338 848 1417; x_wconf 79' lang='lat' dir='ltr'>leniant3</span> <span class='ocrx_word' id='word_1_74' title='bbox 880 1354 967 1398; x_wconf 91' lang='lat' dir='ltr'>nemo</span> <span class='ocrx_word' id='word_1_75' title='bbox 997 1347 1095 1398; x_wconf 89' lang='lat' dir='ltr'>tamen</span> <span class='ocrx_word' id='word_1_76' title='bbox 1125 1354 1230 1398; x_wconf 90' lang='lat' dir='ltr'>eorum</span> <span class='ocrx_word' id='word_1_77' title='bbox 1262 1337 1353 1399; x_wconf 84' lang='lat' dir='ltr'>audet</span> 
     </span>
     <span class='ocr_line' id='line_1_11' title="bbox 291 1425 1352 1507; baseline -0.002 -19"><span class='ocrx_word' id='word_1_78' title='bbox 291 1439 324 1488; x_wconf 86' lang='lat'>10</span> <span class='ocrx_word' id='word_1_79' title='bbox 341 1427 398 1487; x_wconf 89' lang='lat' dir='ltr'>boc</span> <span class='ocrx_word' id='word_1_80' title='bbox 421 1427 528 1507; x_wconf 86' lang='lat' dir='ltr'>lacere,</span> <span class='ocrx_word' id='word_1_81' title='bbox 550 1425 674 1504; x_wconf 91' lang='lat' dir='ltr'>quodsi</span> <span class='ocrx_word' id='word_1_82' title='bbox 697 1425 786 1504; x_wconf 83' lang='lat' dir='ltr'>aliqui</span> <span class='ocrx_word' id='word_1_83' title='bbox 809 1427 874 1485; x_wconf 88' lang='lat' dir='ltr'>ausi</span> <span class='ocrx_word' id='word_1_84' title='bbox 897 1434 1006 1505; x_wconf 89' lang='lat' dir='ltr'>essent,</span> <span class='ocrx_word' id='word_1_85' title='bbox 1029 1433 1145 1488; x_wconf 91' lang='lat' dir='ltr'>utnon</span> <span class='ocrx_word' id='word_1_86' title='bbox 1167 1426 1263 1486; x_wconf 88' lang='lat' dir='ltr'>dicam</span> <span class='ocrx_word' id='word_1_87' title='bbox 1285 1428 1352 1486; x_wconf 91' lang='lat' dir='ltr'>icti·</span> 
     </span>
     <span class='ocr_line' id='line_1_12' title="bbox 342 1513 1352 1595; baseline -0.001 -21"><span class='ocrx_word' id='word_1_88' title='bbox 342 1514 398 1574; x_wconf 91' lang='lat' dir='ltr'>bus</span> <span class='ocrx_word' id='word_1_89' title='bbox 428 1514 633 1595; x_wconf 79' lang='lat' dir='ltr'>lapidantium,</span> <span class='ocrx_word' id='word_1_90' title='bbox 661 1522 741 1574; x_wconf 89' lang='lat' dir='ltr'>certe</span> <span class='ocrx_word' id='word_1_91' title='bbox 769 1516 998 1591; x_wconf 85' lang='lat' dir='ltr'>conspuentium</span> <span class='ocrx_word' id='word_1_92' title='bbox 1021 1514 1120 1573; x_wconf 85' lang='lat' dir='ltr'>salivis</span> <span class='ocrx_word' id='word_1_93' title='bbox 1142 1513 1352 1575; x_wconf 87' lang='lat' dir='ltr'>obruerentur.</span> 
     </span>
     <span class='ocr_line' id='line_1_13' title="bbox 342 1600 1354 1682; baseline -0.001 -19"><span class='ocrx_word' id='word_1_94' title='bbox 342 1601 438 1663; x_wconf 86' lang='lat' dir='ltr'>Pudet</span> <span class='ocrx_word' id='word_1_95' title='bbox 456 1604 547 1682; x_wconf 78' lang='lat' dir='ltr'>igitur</span> <span class='ocrx_word' id='word_1_96' title='bbox 565 1602 653 1662; x_wconf 91' lang='lat' dir='ltr'>huius</span> <span class='ocrx_word' id='word_1_97' title='bbox 671 1600 801 1662; x_wconf 89' lang='lat' dir='ltr'>libidinis</span> <span class='ocrx_word' id='word_1_98' title='bbox 818 1602 976 1661; x_wconf 90' lang='lat' dir='ltr'>humanam</span> <span class='ocrx_word' id='word_1_99' title='bbox 1000 1604 1065 1661; x_wconf 91' lang='lat' dir='ltr'>sine</span> <span class='ocrx_word' id='word_1_100' title='bbox 1087 1601 1146 1662; x_wconf 91' lang='lat' dir='ltr'>ulla</span> <span class='ocrx_word' id='word_1_101' title='bbox 1168 1602 1354 1663; x_wconf 84' lang='lat' dir='ltr'>dubitatione</span> 
     </span>
     <span class='ocr_line' id='line_1_14' title="bbox 343 1688 1354 1771; baseline -0.001 -21"><span class='ocrx_word' id='word_1_102' title='bbox 343 1700 492 1770; x_wconf 89' lang='lat' dir='ltr'>naturam,</span> <span class='ocrx_word' id='word_1_103' title='bbox 519 1697 549 1749; x_wconf 93' lang='lat' dir='ltr'>et</span> <span class='ocrx_word' id='word_1_104' title='bbox 571 1692 677 1750; x_wconf 91' lang='lat' dir='ltr'>merito</span> <span class='ocrx_word' id='word_1_105' title='bbox 700 1689 800 1769; x_wconf 91' lang='lat' dir='ltr'>pudet.</span> <span class='ocrx_word' id='word_1_106' title='bbox 846 1688 879 1749; x_wconf 94' lang='lat' dir='ltr'>ln</span> <span class='ocrx_word' id='word_1_107' title='bbox 902 1692 968 1749; x_wconf 91' lang='lat' dir='ltr'>eius</span> <span class='ocrx_word' id='word_1_108' title='bbox 991 1692 1100 1768; x_wconf 90' lang='lat' dir='ltr'>quippe</span> <span class='ocrx_word' id='word_1_109' title='bbox 1123 1689 1354 1771; x_wconf 80' lang='lat' dir='ltr'>inoboedientia,</span> 
     </span>
     <span class='ocr_line' id='line_1_15' title="bbox 342 1775 1351 1857; baseline -0.001 -18"><span class='ocrx_word' id='word_1_110' title='bbox 342 1796 418 1857; x_wconf 90' lang='lat' dir='ltr'>quae</span> <span class='ocrx_word' id='word_1_111' title='bbox 440 1778 577 1857; x_wconf 84' lang='lat' dir='ltr'>genitalia</span> <span class='ocrx_word' id='word_1_112' title='bbox 600 1780 734 1857; x_wconf 90' lang='lat' dir='ltr'>corporis</span> <span class='ocrx_word' id='word_1_113' title='bbox 764 1775 895 1837; x_wconf 91' lang='lat' dir='ltr'>membra</span> <span class='ocrx_word' id='word_1_114' title='bbox 919 1776 989 1837; x_wconf 91' lang='lat' dir='ltr'>solis</span> <span class='ocrx_word' id='word_1_115' title='bbox 1012 1780 1075 1837; x_wconf 92' lang='lat' dir='ltr'>suis</span> <span class='ocrx_word' id='word_1_116' title='bbox 1098 1777 1227 1838; x_wconf 89' lang='lat' dir='ltr'>motibus</span> <span class='ocrx_word' id='word_1_117' title='bbox 1250 1776 1351 1840; x_wconf 89' lang='lat' dir='ltr'>subdi·</span> 
     </span>
     <span class='ocr_line' id='line_1_16' title="bbox 291 1865 1353 1947; baseline -0.001 -20"><span class='ocrx_word' id='word_1_118' title='bbox 291 1879 324 1928; x_wconf 78' lang='lat'>15</span> <span class='ocrx_word' id='word_1_119' title='bbox 343 1867 386 1927; x_wconf 91' lang='lat' dir='ltr'>dit</span> <span class='ocrx_word' id='word_1_120' title='bbox 414 1875 444 1926; x_wconf 94' lang='lat' dir='ltr'>et</span> <span class='ocrx_word' id='word_1_121' title='bbox 471 1868 609 1945; x_wconf 82' lang='lat' dir='ltr'>potestati</span> <span class='ocrx_word' id='word_1_122' title='bbox 636 1865 795 1926; x_wconf 86' lang='lat' dir='ltr'>voluntatis</span> <span class='ocrx_word' id='word_1_123' title='bbox 823 1867 946 1944; x_wconf 87' lang='lat' dir='ltr'>eripuit,</span> <span class='ocrx_word' id='word_1_124' title='bbox 977 1868 1048 1925; x_wconf 88' lang='lat' dir='ltr'>satis</span> <span class='ocrx_word' id='word_1_125' title='bbox 1071 1866 1251 1947; x_wconf 89' lang='lat' dir='ltr'>ostenditur,</span> <span class='ocrx_word' id='word_1_126' title='bbox 1279 1866 1353 1945; x_wconf 86' lang='lat' dir='ltr'>quid</span> 
     </span>
     <span class='ocr_line' id='line_1_17' title="bbox 343 1952 1352 2034; baseline -0.001 -19"><span class='ocrx_word' id='word_1_127' title='bbox 343 1954 527 2015; x_wconf 84' lang='lat' dir='ltr'>sithominis</span> <span class='ocrx_word' id='word_1_128' title='bbox 545 1954 587 2013; x_wconf 93' lang='lat' dir='ltr'>illi</span> <span class='ocrx_word' id='word_1_129' title='bbox 605 1956 718 2033; x_wconf 87' lang='lat' dir='ltr'>primae</span> <span class='ocrx_word' id='word_1_130' title='bbox 741 1952 977 2014; x_wconf 88' lang='lat' dir='ltr'>inoboedientiae</span> <span class='ocrx_word' id='word_1_131' title='bbox 1000 1953 1194 2034; x_wconf 81' lang='lat' dir='ltr'>retributum3</span> <span class='ocrx_word' id='word_1_132' title='bbox 1217 1955 1296 2033; x_wconf 86' lang='lat' dir='ltr'>quod</span> <span class='ocrx_word' id='word_1_133' title='bbox 1319 1956 1352 2014; x_wconf 94' lang='lat' dir='ltr'>in</span> 
     </span>
     <span class='ocr_line' id='line_1_18' title="bbox 343 2042 1351 2121; baseline 0 -19"><span class='ocrx_word' id='word_1_134' title='bbox 343 2042 377 2102; x_wconf 81' lang='lat' dir='ltr'>e&#39;a</span> <span class='ocrx_word' id='word_1_135' title='bbox 406 2050 489 2121; x_wconf 86' lang='lat' dir='ltr'>parte</span> <span class='ocrx_word' id='word_1_136' title='bbox 520 2044 645 2103; x_wconf 83' lang='lat' dir='ltr'>maxime</span> <span class='ocrx_word' id='word_1_137' title='bbox 675 2044 807 2121; x_wconf 90' lang='lat' dir='ltr'>oportuit</span> <span class='ocrx_word' id='word_1_138' title='bbox 837 2059 996 2121; x_wconf 86' lang='lat' dir='ltr'>apparere,</span> <span class='ocrx_word' id='word_1_139' title='bbox 1024 2060 1082 2119; x_wconf 90' lang='lat' dir='ltr'>qua</span> <span class='ocrx_word' id='word_1_140' title='bbox 1104 2050 1266 2120; x_wconf 79' lang='lat' dir='ltr'>generatur</span> <span class='ocrx_word' id='word_1_141' title='bbox 1287 2044 1351 2121; x_wconf 89' lang='lat' dir='ltr'>ipsa</span> 
     </span>
     <span class='ocr_line' id='line_1_19' title="bbox 343 2128 1353 2209; baseline -0.001 -18"><span class='ocrx_word' id='word_1_142' title='bbox 343 2139 461 2209; x_wconf 92' lang='lat' dir='ltr'>natura,</span> <span class='ocrx_word' id='word_1_143' title='bbox 492 2148 566 2209; x_wconf 90' lang='lat' dir='ltr'>quae</span> <span class='ocrx_word' id='word_1_144' title='bbox 589 2128 640 2189; x_wconf 92' lang='lat' dir='ltr'>illo</span> <span class='ocrx_word' id='word_1_145' title='bbox 662 2132 757 2209; x_wconf 89' lang='lat' dir='ltr'>primo</span> <span class='ocrx_word' id='word_1_146' title='bbox 782 2138 812 2189; x_wconf 87' lang='lat' dir='ltr'>et</span> <span class='ocrx_word' id='word_1_147' title='bbox 835 2147 940 2208; x_wconf 84' lang='lat' dir='ltr'>magno</span> <span class='ocrx_word' id='word_1_148' title='bbox 963 2132 994 2189; x_wconf 95' lang='lat' dir='ltr'>in</span> <span class='ocrx_word' id='word_1_149' title='bbox 1017 2130 1149 2190; x_wconf 91' lang='lat' dir='ltr'>deterius</span> <span class='ocrx_word' id='word_1_150' title='bbox 1172 2138 1219 2190; x_wconf 91' lang='lat' dir='ltr'>est</span> <span class='ocrx_word' id='word_1_151' title='bbox 1240 2138 1353 2191; x_wconf 90' lang='lat' dir='ltr'>mutata</span> 
     </span>
     <span class='ocr_line' id='line_1_20' title="bbox 343 2217 1353 2299; baseline 0.001 -21"><span class='ocrx_word' id='word_1_152' title='bbox 343 2227 478 2299; x_wconf 79' lang='lat' dir='ltr'>peccat03</span> <span class='ocrx_word' id='word_1_153' title='bbox 501 2236 516 2277; x_wconf 91' lang='lat' dir='ltr'>a</span> <span class='ocrx_word' id='word_1_154' title='bbox 540 2221 625 2280; x_wconf 92' lang='lat' dir='ltr'>cuius</span> <span class='ocrx_word' id='word_1_155' title='bbox 648 2236 727 2278; x_wconf 83' lang='lat' dir='ltr'>nexu</span> <span class='ocrx_word' id='word_1_156' title='bbox 750 2218 849 2278; x_wconf 90' lang='lat' dir='ltr'>nullus</span> <span class='ocrx_word' id='word_1_157' title='bbox 872 2219 1001 2298; x_wconf 91' lang='lat' dir='ltr'>eruitur,</span> <span class='ocrx_word' id='word_1_158' title='bbox 1023 2220 1082 2279; x_wconf 92' lang='lat' dir='ltr'>nisi</span> <span class='ocrx_word' id='word_1_159' title='bbox 1103 2217 1148 2299; x_wconf 92' lang='lat' dir='ltr'>id,</span> <span class='ocrx_word' id='word_1_160' title='bbox 1171 2218 1259 2299; x_wconf 86' lang='lat' dir='ltr'>quod,</span> <span class='ocrx_word' id='word_1_161' title='bbox 1282 2237 1353 2279; x_wconf 89' lang='lat' dir='ltr'>cnm</span> 
     </span>
     <span class='ocr_line' id='line_1_21' title="bbox 290 2308 1351 2386; baseline -0.002 -18"><span class='ocrx_word' id='word_1_162' title='bbox 290 2320 325 2369; x_wconf 76' lang='lat'>20</span> <span class='ocrx_word' id='word_1_163' title='bbox 344 2325 446 2366; x_wconf 93' lang='lat' dir='ltr'>omnes</span> <span class='ocrx_word' id='word_1_164' title='bbox 469 2308 499 2365; x_wconf 94' lang='lat' dir='ltr'>in</span> <span class='ocrx_word' id='word_1_165' title='bbox 522 2324 582 2365; x_wconf 91' lang='lat' dir='ltr'>uno</span> <span class='ocrx_word' id='word_1_166' title='bbox 606 2315 719 2386; x_wconf 90' lang='lat' dir='ltr'>essent,</span> <span class='ocrx_word' id='word_1_167' title='bbox 746 2308 777 2366; x_wconf 92' lang='lat' dir='ltr'>in</span> <span class='ocrx_word' id='word_1_168' title='bbox 806 2323 992 2366; x_wconf 88' lang='lat' dir='ltr'>communem</span> <span class='ocrx_word' id='word_1_169' title='bbox 1016 2308 1177 2384; x_wconf 90' lang='lat' dir='ltr'>perniciem</span> <span class='ocrx_word' id='word_1_170' title='bbox 1200 2315 1351 2385; x_wconf 90' lang='lat' dir='ltr'>perpetra·</span> 
     </span>
     <span class='ocr_line' id='line_1_22' title="bbox 344 2391 1353 2474; baseline 0 -19"><span class='ocrx_word' id='word_1_171' title='bbox 344 2404 407 2455; x_wconf 91' lang='lat' dir='ltr'>tum</span> <span class='ocrx_word' id='word_1_172' title='bbox 430 2402 476 2454; x_wconf 92' lang='lat' dir='ltr'>est</span> <span class='ocrx_word' id='word_1_173' title='bbox 499 2402 529 2454; x_wconf 94' lang='lat' dir='ltr'>et</span> <span class='ocrx_word' id='word_1_174' title='bbox 551 2392 605 2454; x_wconf 88' lang='lat' dir='ltr'>Dei</span> <span class='ocrx_word' id='word_1_175' title='bbox 627 2396 739 2455; x_wconf 87' lang='lat' dir='ltr'>iustitia</span> <span class='ocrx_word' id='word_1_176' title='bbox 762 2394 957 2474; x_wconf 85' lang='lat' dir='ltr'>vindicatam,</span> <span class='ocrx_word' id='word_1_177' title='bbox 980 2391 1033 2454; x_wconf 88' lang='lat' dir='ltr'>Dei</span> <span class='ocrx_word' id='word_1_178' title='bbox 1056 2396 1149 2473; x_wconf 81' lang='lat' dir='ltr'>gratia</span> <span class='ocrx_word' id='word_1_179' title='bbox 1171 2396 1203 2453; x_wconf 94' lang='lat' dir='ltr'>in</span> <span class='ocrx_word' id='word_1_180' title='bbox 1227 2394 1353 2473; x_wconf 78' lang='lat' dir='ltr'>singulis</span> 
     </span>
     <span class='ocr_line' id='line_1_23' title="bbox 343 2485 488 2561; baseline 0.007 -19"><span class='ocrx_word' id='word_1_181' title='bbox 343 2485 488 2561; x_wconf 83' lang='lat' dir='ltr'>expietur.</span> 
     </span>
    </p>
   </div>
   <div class='ocr_carea' id='block_1_3' title="bbox 732 2634 958 2702">
    <p class='ocr_par' dir='ltr' id='par_1_3' title="bbox 732 2634 958 2702">
     <span class='ocr_line' id='line_1_24' title="bbox 732 2634 958 2702; baseline 0 -1"><span class='ocrx_word' id='word_1_182' title='bbox 732 2634 848 2702; x_wconf 72' lang='lat' dir='ltr'>Curua</span> <span class='ocrx_word' id='word_1_183' title='bbox 871 2636 958 2702; x_wconf 90' lang='lat' dir='ltr'>XXI.</span> 
     </span>
    </p>
   </div>
   <div class='ocr_carea' id='block_1_4' title="bbox 290 2763 1356 3001">
    <p class='ocr_par' dir='ltr' id='par_1_4' title="bbox 290 2763 1356 3001">
     <span class='ocr_line' id='line_1_25' title="bbox 342 2763 1355 2841; baseline 0.001 -15"><span class='ocrx_word' id='word_1_184' title='bbox 342 2766 389 2826; x_wconf 82' lang='lat' dir='ltr'>Bc</span> <span class='ocrx_word' id='word_1_185' title='bbox 407 2766 615 2826; x_wconf 84' lang='lat' dir='ltr'>benedictione</span> <span class='ocrx_word' id='word_1_186' title='bbox 633 2766 882 2841; x_wconf 80' lang='lat' dir='ltr'>multiplicandae</span> <span class='ocrx_word' id='word_1_187' title='bbox 897 2763 1097 2839; x_wconf 73' lang='lat' dir='ltr'>fecunditatis</span> <span class='ocrx_word' id='word_1_188' title='bbox 1110 2767 1262 2826; x_wconf 80' lang='lat' dir='ltr'>numanae</span> <span class='ocrx_word' id='word_1_189' title='bbox 1280 2772 1355 2827; x_wconf 84' lang='lat' dir='ltr'>ante</span> 
     </span>
     <span class='ocr_line' id='line_1_26' title="bbox 290 2854 1356 2929; baseline -0.001 -14"><span class='ocrx_word' id='word_1_190' title='bbox 290 2866 324 2915; x_wconf 79' lang='lat'>25</span> <span class='ocrx_word' id='word_1_191' title='bbox 340 2860 502 2929; x_wconf 85' lang='lat' dir='ltr'>peccatum</span> <span class='ocrx_word' id='word_1_192' title='bbox 524 2854 606 2926; x_wconf 88' lang='lat' dir='ltr'>data,</span> <span class='ocrx_word' id='word_1_193' title='bbox 629 2869 720 2927; x_wconf 81' lang='lat' dir='ltr'>quam</span> <span class='ocrx_word' id='word_1_194' title='bbox 741 2855 973 2929; x_wconf 79' lang='lat' dir='ltr'>praevaricatio</span> <span class='ocrx_word' id='word_1_195' title='bbox 994 2869 1054 2912; x_wconf 87' lang='lat' dir='ltr'>non</span> <span class='ocrx_word' id='word_1_196' title='bbox 1078 2854 1228 2913; x_wconf 83' lang='lat' dir='ltr'>ademerit</span> <span class='ocrx_word' id='word_1_197' title='bbox 1249 2861 1280 2914; x_wconf 88' lang='lat' dir='ltr'>et</span> <span class='ocrx_word' id='word_1_198' title='bbox 1300 2858 1356 2915; x_wconf 86' lang='lat' dir='ltr'>cui</span> 
     </span>
     <span class='ocr_line' id='line_1_27' title="bbox 608 2942 1081 3001; baseline 0 -1"><span class='ocrx_word' id='word_1_199' title='bbox 608 2942 741 3001; x_wconf 82' lang='lat' dir='ltr'>libidinis</span> <span class='ocrx_word' id='word_1_200' title='bbox 763 2942 887 3001; x_wconf 79' lang='lat' dir='ltr'>morbac</span> <span class='ocrx_word' id='word_1_201' title='bbox 908 2943 1081 3001; x_wconf 85' lang='lat' dir='ltr'>accesserit.</span> 
     </span>
    </p>
   </div>
   <div class='ocr_carea' id='block_1_5' title="bbox 290 3062 1354 3496">
    <p class='ocr_par' dir='ltr' id='par_1_5' title="bbox 342 3062 1353 3317">
     <span class='ocr_line' id='line_1_28' title="bbox 430 3062 1352 3143; baseline 0.001 -19"><span class='ocrx_word' id='word_1_202' title='bbox 430 3063 515 3124; x_wconf 78' lang='lat' dir='ltr'>Absit</span> <span class='ocrx_word' id='word_1_203' title='bbox 541 3064 650 3141; x_wconf 84' lang='lat' dir='ltr'>itaque,</span> <span class='ocrx_word' id='word_1_204' title='bbox 673 3070 707 3122; x_wconf 89' lang='lat' dir='ltr'>ut</span> <span class='ocrx_word' id='word_1_205' title='bbox 734 3062 889 3123; x_wconf 88' lang='lat' dir='ltr'>credamus</span> <span class='ocrx_word' id='word_1_206' title='bbox 908 3062 974 3122; x_wconf 88' lang='lat' dir='ltr'>illos</span> <span class='ocrx_word' id='word_1_207' title='bbox 997 3066 1139 3143; x_wconf 78' lang='lat' dir='ltr'>coniuges</span> <span class='ocrx_word' id='word_1_208' title='bbox 1162 3066 1192 3123; x_wconf 92' lang='lat' dir='ltr'>in</span> <span class='ocrx_word' id='word_1_209' title='bbox 1216 3065 1352 3143; x_wconf 89' lang='lat' dir='ltr'>paradiso</span> 
     </span>
     <span class='ocr_line' id='line_1_29' title="bbox 342 3149 1352 3230; baseline 0.003 -19"><span class='ocrx_word' id='word_1_210' title='bbox 342 3153 520 3211; x_wconf 89' lang='lat' dir='ltr'>constitutos</span> <span class='ocrx_word' id='word_1_211' title='bbox 538 3169 592 3230; x_wconf 93' lang='lat' dir='ltr'>per</span> <span class='ocrx_word' id='word_1_212' title='bbox 610 3150 685 3209; x_wconf 90' lang='lat' dir='ltr'>hanc</span> <span class='ocrx_word' id='word_1_213' title='bbox 702 3149 863 3230; x_wconf 89' lang='lat' dir='ltr'>libidinem,</span> <span class='ocrx_word' id='word_1_214' title='bbox 886 3150 923 3210; x_wconf 90' lang='lat' dir='ltr'>de</span> <span class='ocrx_word' id='word_1_215' title='bbox 942 3169 999 3229; x_wconf 89' lang='lat' dir='ltr'>qna</span> <span class='ocrx_word' id='word_1_216' title='bbox 1023 3150 1226 3211; x_wconf 90' lang='lat' dir='ltr'>erubescendo</span> <span class='ocrx_word' id='word_1_217' title='bbox 1249 3153 1352 3215; x_wconf 90' lang='lat' dir='ltr'>eadem</span> 
     </span>
     <span class='ocr_line' id='line_1_30' title="bbox 344 3237 1353 3317; baseline 0.002 -18"><span class='ocrx_word' id='word_1_218' title='bbox 344 3239 474 3299; x_wconf 90' lang='lat' dir='ltr'>membra</span> <span class='ocrx_word' id='word_1_219' title='bbox 502 3245 654 3317; x_wconf 83' lang='lat' dir='ltr'>texerunt,</span> <span class='ocrx_word' id='word_1_220' title='bbox 680 3238 855 3317; x_wconf 90' lang='lat' dir='ltr'>impleturos</span> <span class='ocrx_word' id='word_1_221' title='bbox 879 3239 970 3299; x_wconf 87' lang='lat' dir='ltr'>luisse</span> <span class='ocrx_word' id='word_1_222' title='bbox 1001 3238 1080 3316; x_wconf 90' lang='lat' dir='ltr'>quod</span> <span class='ocrx_word' id='word_1_223' title='bbox 1104 3242 1134 3299; x_wconf 91' lang='lat' dir='ltr'>in</span> <span class='ocrx_word' id='word_1_224' title='bbox 1158 3258 1211 3299; x_wconf 90' lang='lat' dir='ltr'>sua</span> <span class='ocrx_word' id='word_1_225' title='bbox 1234 3237 1353 3301; x_wconf 88' lang='lat' dir='ltr'>henedi-</span> 
     </span>
    </p>

    <p class='ocr_par' dir='ltr' id='par_1_6' title="bbox 290 3325 1354 3496">
     <span class='ocr_line' id='line_1_31' title="bbox 290 3325 1354 3405; baseline 0.001 -16"><span class='ocrx_word' id='word_1_226' title='bbox 290 3340 325 3389; x_wconf 84' lang='lat' dir='ltr'>ao</span> <span class='ocrx_word' id='word_1_227' title='bbox 345 3329 441 3388; x_wconf 88' lang='lat' dir='ltr'>ctione</span> <span class='ocrx_word' id='word_1_228' title='bbox 468 3325 548 3386; x_wconf 87' lang='lat' dir='ltr'>Deus</span> <span class='ocrx_word' id='word_1_229' title='bbox 579 3325 665 3387; x_wconf 83' lang='lat' dir='ltr'>dixit:</span> <span class='ocrx_word' id='word_1_230' title='bbox 701 3327 835 3387; x_wconf 79' lang='lat' dir='ltr'>Crescite</span> <span class='ocrx_word' id='word_1_231' title='bbox 863 3335 893 3386; x_wconf 88' lang='lat' dir='ltr'>ct</span> <span class='ocrx_word' id='word_1_232' title='bbox 918 3327 1162 3403; x_wconf 81' lang='lat' dir='ltr'>multiplicamini</span> <span class='ocrx_word' id='word_1_233' title='bbox 1188 3336 1218 3387; x_wconf 88' lang='lat' dir='ltr'>et</span> <span class='ocrx_word' id='word_1_234' title='bbox 1239 3333 1354 3405; x_wconf 87' lang='lat' dir='ltr'>replete</span> 
     </span>
     <span class='ocr_line' id='line_1_32' title="bbox 343 3413 1353 3496; baseline 0.001 -20"><span class='ocrx_word' id='word_1_235' title='bbox 343 3422 467 3476; x_wconf 85' lang='lat' dir='ltr'>terram.</span> <span class='ocrx_word' id='word_1_236' title='bbox 513 3413 584 3474; x_wconf 91' lang='lat' dir='ltr'>Post</span> <span class='ocrx_word' id='word_1_237' title='bbox 602 3422 755 3492; x_wconf 90' lang='lat' dir='ltr'>peccatum</span> <span class='ocrx_word' id='word_1_238' title='bbox 775 3416 884 3494; x_wconf 88' lang='lat' dir='ltr'>quippe</span> <span class='ocrx_word' id='word_1_239' title='bbox 908 3424 972 3475; x_wconf 88' lang='lat' dir='ltr'>orta</span> <span class='ocrx_word' id='word_1_240' title='bbox 995 3424 1041 3475; x_wconf 90' lang='lat' dir='ltr'>est</span> <span class='ocrx_word' id='word_1_241' title='bbox 1063 3414 1136 3476; x_wconf 89' lang='lat' dir='ltr'>haec</span> <span class='ocrx_word' id='word_1_242' title='bbox 1158 3414 1261 3496; x_wconf 84' lang='lat' dir='ltr'>libido;</span> <span class='ocrx_word' id='word_1_243' title='bbox 1284 3426 1353 3495; x_wconf 86' lang='lat' dir='ltr'>post</span> 
     </span>
    </p>
   </div>
   <div class='ocr_carea' id='block_1_6' title="bbox 415 3529 657 3600">
    <p class='ocr_par' dir='ltr' id='par_1_7' title="bbox 415 3529 657 3600">
     <span class='ocr_line' id='line_1_33' title="bbox 415 3529 657 3600; baseline -0.008 -15"><span class='ocrx_word' id='word_1_244' title='bbox 415 3533 461 3600; x_wconf 85' lang='lat'>31)</span> <span class='ocrx_word' id='word_1_245' title='bbox 482 3529 549 3585; x_wconf 88' lang='lat' dir='ltr'>Gen.</span> <span class='ocrx_word' id='word_1_246' title='bbox 572 3537 595 3597; x_wconf 86' lang='lat'>1,</span> <span class='ocrx_word' id='word_1_247' title='bbox 614 3534 657 3583; x_wconf 78' lang='lat'>28.</span> 
     </span>
    </p>
   </div>
   <div class='ocr_carea' id='block_1_7' title="bbox 341 3686 1351 3829">
    <p class='ocr_par' dir='ltr' id='par_1_8' title="bbox 341 3686 1351 3829">
     <span class='ocr_line' id='line_1_34' title="bbox 413 3686 1351 3758; baseline 0.004 -18"><span class='ocrx_word' id='word_1_248' title='bbox 413 3692 447 3741; x_wconf 76' lang='lat'>26</span> <span class='ocrx_word' id='word_1_249' title='bbox 466 3688 535 3742; x_wconf 85' lang='lat' dir='ltr'>deta</span> <span class='ocrx_word' id='word_1_250' title='bbox 554 3690 593 3754; x_wconf 80' lang='lat' dir='ltr'>V;</span> <span class='ocrx_word' id='word_1_251' title='bbox 611 3704 662 3743; x_wconf 90' lang='lat' dir='ltr'>am.</span> <span class='ocrx_word' id='word_1_252' title='bbox 678 3704 741 3756; x_wconf 73' lang='lat' dir='ltr'>pau</span> <span class='ocrx_word' id='word_1_253' title='bbox 754 3688 763 3755; x_wconf 78' lang='lat' dir='ltr'>ll</span> <span class='ocrx_word' id='word_1_254' title='bbox 777 3686 915 3740; x_wconf 80' lang='lat' dir='ltr'>ademerit</span> <span class='ocrx_word' id='word_1_255' title='bbox 935 3688 971 3753; x_wconf 63' lang='grc' dir='ltr'>νς</span> <span class='ocrx_word' id='word_1_256' title='bbox 995 3686 1132 3743; x_wconf 81' lang='lat' dir='ltr'>adimeret</span> <span class='ocrx_word' id='word_1_257' title='bbox 1145 3706 1210 3758; x_wconf 74' lang='lat' dir='ltr'>pau</span> <span class='ocrx_word' id='word_1_258' title='bbox 1223 3691 1233 3758; x_wconf 78' lang='lat' dir='ltr'>l</span> <span class='ocrx_word' id='word_1_259' title='bbox 1247 3694 1282 3743; x_wconf 82' lang='grc'>30</span> <span class='ocrx_word' id='word_1_260' title='bbox 1299 3690 1351 3743; x_wconf 89' lang='lat' dir='ltr'>im·</span> 
     </span>
     <span class='ocr_line' id='line_1_35' title="bbox 341 3757 752 3829; baseline -0.005 -17"><span class='ocrx_word' id='word_1_261' title='bbox 341 3758 479 3829; x_wconf 75' lang='lat' dir='ltr'>plateali</span> <span class='ocrx_word' id='word_1_262' title='bbox 498 3764 530 3812; x_wconf 83' lang='grc'>31</span> <span class='ocrx_word' id='word_1_263' title='bbox 549 3758 631 3813; x_wconf 81' lang='lat' dir='ltr'>horta</span> <span class='ocrx_word' id='word_1_264' title='bbox 652 3757 752 3813; x_wconf 70' lang='grc' dir='ltr'>ΓΔΗ</span> 
     </span>
    </p>
   </div>
   <div class='ocr_carea' id='block_1_8' title="bbox 0 0 1650 4459">
    <p class='ocr_par' dir='ltr' id='par_1_9' title="bbox 0 0 1650 4459">
     <span class='ocr_line' id='line_1_36' title="bbox 0 0 1650 4459; baseline 0 0"><span class='ocrx_word' id='word_1_265' title='bbox 0 0 1650 4459; x_wconf 95' lang='lat' dir='ltr'> </span> 
     </span>
    </p>
   </div>
  </div>
 </body>
</html>
