3284 4459
343 485 407 548 120
648 433 650 438 A
741 497 763 540 s
777 497 943 540 snonsrm

340 635 468 694 moniam
498 636 684 713 praeparavit
714 642 745 694 et
771 629 924 694 condidit?
960 632 1038 704 Quid
1064 641 1111 694 est
1138 643 1252 713 autem,
1284 649 1345 710 quo

340 724 420 782 vesci
442 740 501 781 non
524 730 644 801 cogeret
666 719 781 782 sames?
804 730 855 781 aut
877 721 948 800 quid
970 740 1030 781 non
1054 736 1142 782 suave
1164 739 1199 781 ac
1225 718 1345 781 salubre

340 811 437 870 lacere
460 818 561 889 posset
583 809 674 891 Dens,
698 813 750 888 qui
772 813 873 890 etiam,
900 818 935 869 ut
956 811 1019 870 sine
1043 808 1109 870 cibo
1131 811 1277 889 viverent,
1301 808 1344 867 di·

340 900 407 958 vina
429 897 567 957 facilitate
590 897 726 977 donaret,
757 899 814 956 nisi
838 906 872 958 ut
892 907 1087 976 pascerentur
1109 899 1197 956 etiam
1220 895 1277 956 hoc
1299 899 1345 955 in·

305 997 321 1044 5
340 984 464 1065 plendae
487 986 597 1063 figurae
620 987 696 1046 tanti
718 987 850 1064 mysterii
874 981 1066 1045 conveniret?
1097 983 1163 1044 Non
1185 992 1284 1045 antem
1308 984 1345 1043 ad

340 1073 592 1152 praefigurandam
616 1073 770 1133 ecclesiam
793 1075 943 1152 pertinere
966 1081 1026 1132 tam
1049 1072 1221 1151 multiplicia
1242 1090 1346 1132 rerum

340 1163 422 1240 signa
444 1169 602 1242 gestarum,
626 1163 682 1220 nisi
705 1161 797 1220 luerit
818 1163 1030 1241 contentiosus,
1051 1178 1139 1221 nemo
1162 1162 1347 1239 permittitur

339 1251 462 1328 opinari.
520 1248 581 1309 lam
617 1251 696 1308 enim
736 1256 840 1327 gentes
880 1251 920 1308 ita
956 1248 1110 1308 ecclesiam
1146 1247 1347 1328 repleverunt,

340 1337 500 1415 mundique
529 1345 560 1397 et
586 1336 733 1416 inmundi,
761 1336 856 1396 donec
883 1345 1000 1396 certum
1027 1339 1161 1396 veniatur
1187 1334 1346 1417 adfinem,

288 1436 321 1483 10
339 1427 379 1485 ita
407 1427 471 1485 eius
504 1427 624 1485 unitatis
657 1424 782 1502 quadam
809 1425 980 1503 compagine
1010 1426 1216 1504 continentur,
1248 1432 1283 1484 ut
1309 1442 1347 1483 ox

339 1512 396 1572 hoc
419 1530 478 1572 uno
502 1513 740 1572 manifestissimo
767 1513 858 1572 etiam
880 1512 917 1572 de
941 1514 1063 1593 ceteris,
1090 1529 1165 1591 quae
1188 1510 1348 1572 obscurius

339 1600 488 1678 aliquanto
512 1600 679 1660 dictasunt
700 1608 730 1660 ct
752 1599 901 1660 difficilius
923 1603 1043 1678 agnosci
1065 1609 1186 1680 queunt,
1210 1599 1347 1661 dubitare

341 1689 383 1748 fas
411 1706 471 1749 non
499 1690 545 1748 sit.
591 1686 671 1758 Quae
700 1705 768 1748 cum
796 1689 837 1747 ita
864 1690 937 1768 sint,
965 1685 1018 1765 [si]
1050 1705 1106 1748 nec
1133 1689 1262 1748 inaniter
1288 1691 1347 1749 ista

340 1794 405 1836 esse
434 1777 601 1854 conscripta
633 1783 738 1855 putare
761 1777 918 1853 quisquam
940 1775 986 1834 rel
1009 1775 1103 1836 durus
1125 1774 1260 1857 audebit,
1289 1795 1346 1836 nec

287 1875 321 1922 15
341 1863 413 1924 nihil
432 1863 596 1942 significare
616 1881 684 1924 cum
706 1873 788 1941 gesta
811 1865 880 1943 sint,
903 1881 958 1923 nec
982 1864 1043 1924 sola
1066 1865 1144 1924 dicta
1166 1882 1232 1923 esse
1256 1867 1346 1942 signi·

339 1952 452 2012 dcativa
476 1969 535 2010 non
558 1953 642 2032 lacta,
665 1969 721 2011 nec
743 1951 837 2011 aliena
859 1969 925 2012 esse
948 1951 984 2011 ab
1008 1951 1133 2012 ecclesia
1156 1952 1347 2030 significanda
1460 2034 1461 2039 ἵ

340 2038 531 2118 probabiliter
554 2039 612 2100 dici
641 2047 752 2118 potest3
784 2039 837 2099 sed
859 2041 952 2117 magis
974 2039 1156 2100 credendum
1179 2047 1226 2099 est
1248 2049 1279 2100 et
1300 2058 1346 2100 sa·

338 2129 455 2206 pienter
477 2145 543 2187 esse
566 2129 723 2187 memoriae
746 2126 913 2205 litterisque
936 2128 1083 2202 mandata,
1112 2135 1143 2187 et
1164 2136 1248 2206 gesta
1270 2147 1346 2202 esse,

340 2223 371 2274 et
393 2215 557 2293 significare
580 2214 706 2295 aliquid,
729 2223 760 2274 et
780 2216 879 2294 ipsum
902 2214 1011 2292 aliquid
1033 2216 1069 2275 ad
1091 2216 1347 2294 praefigurandam

286 2314 321 2363 20
339 2302 494 2362 ecclesiam
522 2305 681 2383 pertinere.
726 2301 786 2362 lam
815 2321 911 2381 nsque
938 2303 973 2363 ad
996 2302 1076 2364 bunc
1099 2303 1256 2364 articulum
1279 2323 1346 2384 per·

339 2391 447 2451 ductus
473 2389 549 2450 liber
574 2393 631 2451 iste
662 2389 843 2450 claudendus
873 2400 934 2471 est,
961 2400 996 2452 ut
1018 2390 1171 2452 ambarum
1194 2393 1346 2453 civitatum

339 2497 461 2559 cursus,
488 2487 624 2539 terrenae
653 2478 766 2539 scilicet
794 2478 957 2538 secundum
987 2479 1136 2540 bominem
1164 2482 1288 2540 virentis
1315 2489 1348 2541 et

339 2566 474 2626 caelestis
504 2558 668 2627 secundum
691 2564 800 2646 Deum,
832 2575 901 2644 post
929 2567 1070 2628 diluvium
1097 2575 1129 2628 et
1151 2567 1322 2651 deinceps
1314 2586 1347 2629 m

338 2653 429 2714 rebus
451 2653 703 2732 consequentibns
726 2655 904 2732 requiratur.

286 2822 320 2872 25
736 2845 950 2855 —--·-

692 2947 860 3013 LIBER
885 2947 990 3013 xvt

758 3121 875 3190 Oarnr
899 3124 924 3189 Ι.

374 3234 422 3294 Au
438 3242 511 3310 post
533 3237 677 3295 diluvium
700 3253 720 3295 u
743 3236 807 3296 Noe
828 3253 924 3312 usque
947 3238 990 3297 ad
1010 3238 1166 3299 Abrabam
1188 3243 1312 3315 aliqum

284 3333 319 3381 30
420 3319 559 3396 familiae
575 3325 742 3384 secundum
760 3324 858 3384 Deum
875 3327 1036 3385 vicentium
1054 3330 1259 3402 reperiantur.

428 3424 500 3486 Post
527 3425 668 3487 diluvium
696 3430 903 3506 procurrentis
930 3437 1048 3489 sanctae
1075 3433 1197 3510 vestigia
1220 3435 1349 3494 civitatis

337 3523 439 3576 utrum
462 3516 633 3575 continuata
663 3517 723 3576 sint
750 3533 788 3574 an
813 3516 1083 3578 intercurrentibus
1111 3520 1310 3598 impietatis
1302 3539 1347 3581 rn-

409 3659 423 3704 1
441 3651 601 3707 recondidit
612 3669 629 3707 u
642 3654 721 3735 liquo
737 3651 829 3719 Vb²o3
844 3653 1154 3724 quodRAFGab¹cp
1157 3655 1214 3725 νβ
1223 3659 1297 3709 22c.
1307 3659 1347 3709 12

335 3723 473 3776 vescentis
490 3723 615 3776 bumana
632 3722 819 3794 viscera)ll12
835 3723 1060 3795 dubitativum
1075 3727 1100 3780 si
1117 3725 1193 3781 codd.
1205 3725 1345 3796 μετέφη

336 3793 378 3847 sic
396 3795 411 3848 b
430 3793 550 3861 Hoffmn
568 3794 618 3848 del.
638 3795 769 3848 Duebuer
