3284 4459
553 502 593 542 an
607 501 751 543 murrona
764 503 818 544 um
832 504 857 543 u.
871 502 921 543 xx.
935 501 958 543 a.
972 504 1004 543 an.
1019 504 1051 543 aa.
1237 487 1302 550 477

294 654 394 712 aenae
425 643 456 697 et
486 640 636 711 universi,
667 641 721 712 qui
743 636 868 713 saciant
895 639 1096 711 iniquitatem,
1123 639 1247 714 stipula,
1276 643 1306 696 et

295 728 461 787 succendet
483 743 536 790 eos,
555 728 621 786 dies
642 729 772 800 veniens,
796 728 871 787 dicit
893 727 1038 787 Dominus
1061 728 1253 801 omnipotens,
1276 731 1307 785 et

296 830 358 875 nou
384 816 573 888 relinquetur
601 818 632 875 ia
659 818 703 875 ers
730 817 826 874 radia
849 832 946 889 aeque
968 831 1081 875 ramus.
1127 814 1167 874 Et
1188 816 1306 874 orietur

297 903 393 975 vobis,
420 905 474 977 qui
500 906 609 963 timetis
631 920 739 963 nomen
760 919 872 977 meum,
897 905 944 963 sol
965 905 1114 976 iustitiae,
1137 908 1168 963 et
1189 905 1306 962 sanitas

297 994 330 1051 iu
353 994 457 1067 pinnis
483 993 561 1064 eius,
588 998 619 1051 et
636 993 835 1066 eorediemiai
860 998 890 1051 et
915 992 1029 1050 salietis
1057 994 1138 1051 sicut
1159 993 1247 1051 vitali
1267 992 1340 1050 deo

296 1082 426 1140 vinculis
448 1081 600 1149 relaxat&
622 1086 653 1140 et
674 1080 893 1140 conculcabitis
915 1081 1306 1153 aquaeductorum

296 1168 353 1228 sab
363 1168 493 1243 pedibus
505 1170 621 1240 vestris,
636 1170 712 1228 dicit
724 1168 870 1228 Dominus
883 1170 1075 1243 omnipotens.
1102 1165 1182 1225 Haeo
1196 1166 1305 1226 distan-

298 1258 338 1315 tia
366 1257 565 1333 praemiorum
592 1263 680 1334 atque
707 1273 870 1334 poenarum
898 1257 992 1315 iustos
1026 1254 1168 1314 dirimens
1196 1253 1232 1313 ab
1261 1256 1305 1313 in-

296 1345 403 1424 iustis,
433 1361 508 1421 quae
541 1343 596 1404 sub
628 1346 686 1404 isto
716 1344 777 1404 sole
806 1346 837 1404 in
869 1342 958 1403 hulus
986 1345 1062 1403 vitae
1090 1344 1217 1403 vanitate
1246 1360 1305 1401 non

298 1433 447 1512 cernitur,
478 1431 597 1510 quaudo
629 1430 685 1492 suh
717 1432 766 1492 illo
799 1432 860 1492 sole
893 1434 1023 1491 iustitiae
1055 1434 1086 1491 in
1118 1430 1197 1490 illius
1229 1432 1304 1489 ritae
1325 1441 1357 1488 10

298 1520 533 1580 manifestatione
557 1519 693 1601 clarebit,
723 1528 794 1580 tunc
816 1520 951 1597 prolecto
974 1522 1032 1580 erit
1054 1520 1195 1580 ludicIum
1220 1516 1304 1597 quale

298 1626 459 1686 numquam
481 1608 538 1669 luit

662 1796 778 1864 asem
797 1797 946 1863 XXVIII.

303 1928 347 1988 De
364 1931 430 2003 leae
448 1927 550 2003 Moysi
565 1930 747 2003 spiritaliter
769 1929 979 2000 iatetlcqeada,
1002 1944 1041 1987 ne
1064 1929 1095 1986 ia
1119 1926 1306 1986 damnabilia

494 2032 652 2075 murmura
674 2018 811 2075 carnalis
832 2032 937 2075 seusus
961 2018 1111 2075 incarnat.
1327 2023 1358 2071 15

270 2201 273 2205 ,
390 2137 474 2208 Quod
494 2156 564 2197 vero
583 2136 735 2215 subiungit
752 2136 832 2197 idem
851 2137 1007 2217 propheta:
1031 2137 1210 2197 Mementote
1232 2138 1307 2210 leuis

301 2228 403 2303 Moysi
418 2229 501 2286 servi
517 2229 583 2299 mei,
606 2243 697 2300 quam
715 2228 860 2285 mandavi
882 2229 912 2285 ei
934 2228 965 2285 ia
988 2226 1105 2286 Choreb
1129 2225 1172 2284 ad
1193 2240 1307 2284 omnem

301 2318 413 2388 Israel,
440 2323 597 2393 praecepta
625 2322 655 2373 et
683 2312 791 2373 iudicia
818 2322 986 2393 opportune
1008 2321 1219 2373 commemorat
1240 2319 1308 2389 post

301 2403 481 2463 declaratum
504 2402 638 2462 futurum
661 2411 721 2461 tam
745 2420 882 2481 magnum
905 2404 984 2462 inter
1006 2401 1211 2461 observatores
1233 2398 1306 2477 legis

301 2500 578 2569 contemptoresque
602 2490 774 2571 discrimem
797 2490 885 2550 simul
908 2492 995 2550 etiam
1020 2498 1052 2549 ut
1075 2488 1189 2548 discant
1212 2486 1306 2565 legem
1326 2499 1359 2546 20

301 2578 473 2660 spiritaliter
502 2578 671 2657 intellegere
701 2587 730 2638 et
757 2581 907 2640 inveniant
934 2581 964 2638 in
993 2597 1026 2637 ea
1057 2576 1222 2656 Obrimum,
1253 2594 1307 2654 per

302 2686 391 2747 quem
409 2666 537 2727 iudicem
556 2667 687 2726 iacienda
711 2675 757 2727 est
778 2670 857 2727 inter
879 2666 973 2726 bonos
996 2674 1027 2726 et
1050 2664 1140 2725 malos
1163 2666 1226 2744 lpsa
1249 2663 1306 2723 ‹lis-

302 2758 404 2817 cretio.
449 2754 514 2815 Non
542 2756 620 2815 enim
647 2756 759 2814 frustra
785 2754 863 2814 idem
886 2754 1028 2814 Dominus
1052 2756 1092 2814 ait
1114 2751 1243 2813 ludaeis:
1274 2753 1310 2813 Si

302 2846 470 2907 crederetis
501 2843 613 2919 Moysi,
646 2845 812 2903 crederetis
840 2851 869 2903 et
896 2844 986 2913 milvi5
1014 2845 1052 2904 de
1079 2859 1125 2903 me
1153 2846 1231 2903 emim
1259 2845 1309 2902 ille

301 2936 432 3010 scripsit.
478 2930 641 2991 Carnallter
659 2934 768 3010 quippe
788 2930 958 3009 aselpiendo
981 2931 1076 3009 legem
1100 2939 1130 2990 et
1153 2932 1217 2989 eius
1239 2948 1307 3009 pro·
1327 2941 1360 2989 25

301 3023 392 3081 missa
410 3030 529 3081 terrena
547 3037 649 3079 rerum
673 3019 843 3079 caelestium
867 3020 975 3097 figuras
998 3037 1064 3079 esse
1088 3020 1255 3078 nescientes
1278 3020 1309 3078 in

302 3109 350 3170 Illa
375 3126 526 3169 murmura
549 3116 746 3187 conruerunt,
776 3116 809 3167 ut
832 3107 931 3167 dicere
955 3106 1111 3167 auderent:
1142 3107 1243 3166 Vanus
1265 3114 1311 3167 est

301 3200 357 3273 aui
377 3200 472 3257 seruit
493 3197 566 3269 Deo,
588 3198 715 3270 etquid
735 3200 871 3272 amplius,
894 3200 967 3271 quia
990 3198 1202 3257 custodivimus
1225 3212 1308 3254 mau-

302 3289 378 3347 data
410 3288 475 3345 eius
505 3292 535 3345 et
567 3287 641 3359 qaia
670 3285 886 3345 ambulavimus
917 3288 1066 3361 supplices
1098 3290 1169 3343 vate
1195 3282 1308 3357 sociem

304 3376 426 3435 Domini
443 3374 670 3448 omnipotentis?
716 3372 756 3432 Et
777 3389 859 3433 nuuc
881 3389 936 3434 aas
959 3375 1061 3434 beatos
1084 3374 1212 3432 dicimus
1236 3374 1307 3431 atie·
1327 3383 1360 3431 30

303 3479 366 3534 aas,
390 3468 420 3521 et
441 3463 645 3533 aedificantur
668 3477 768 3520 omues
790 3464 845 3535 qui
862 3459 986 3536 saciuat
1009 3462 1203 3534 iniquitatem.
1238 3458 1307 3529 Qui-

302 3548 359 3609 bus
383 3566 487 3609 eorum
512 3546 609 3607 verbis
635 3547 760 3626 quodam
785 3548 872 3607 modo
898 3549 1041 3628 propheta
1067 3546 1236 3626 compulsus
1264 3555 1309 3607 est

376 3698 806 3768 t)Mal.3,17sq.;4‚1sqq.
845 3702 987 3770 18)1b.t.
1024 3702 1069 3769 ib)
1089 3702 1127 3755 Io.
1142 3704 1167 3767 5,
1182 3706 1224 3755 46.
1263 3702 1308 3769 31)

302 3771 368 3825 Mal.
388 3778 413 3838 3,
433 3776 467 3823 14
485 3787 525 3836 sq.
