<?xml version="1.0" encoding="UTF-8"?>
<!DOCTYPE html PUBLIC "-//W3C//DTD XHTML 1.0 Transitional//EN"
    "http://www.w3.org/TR/xhtml1/DTD/xhtml1-transitional.dtd">
<html xmlns="http://www.w3.org/1999/xhtml" xml:lang="en" lang="en">
 <head>
  <title>
</title>
<meta http-equiv="Content-Type" content="text/html;charset=utf-8" />
  <meta name='ocr-system' content='tesseract 3.04.00' />
  <meta name='ocr-capabilities' content='ocr_page ocr_carea ocr_par ocr_line ocrx_word'/>
</head>
<body>
  <div class='ocr_page' id='page_1' title='image "./sanctiaureliiau11augugoog_0079.png"; bbox 0 0 3284 4459; ppageno 0'>
   <div class='ocr_carea' id='block_1_1' title="bbox 545 489 1285 553">
    <p class='ocr_par' dir='ltr' id='par_1_1' title="bbox 545 489 1285 553">
     <span class='ocr_line' id='line_1_1' title="bbox 545 489 1285 553; baseline 0.003 -10"><span class='ocrx_word' id='word_1_1' title='bbox 545 502 914 551; x_wconf 71' lang='lat' dir='ltr'><strong>nsomunuunurnxv.</strong></span> <span class='ocrx_word' id='word_1_2' title='bbox 928 503 951 544; x_wconf 90' lang='lat' dir='ltr'><strong>o.</strong></span> <span class='ocrx_word' id='word_1_3' title='bbox 965 505 985 544; x_wconf 89' lang='lat'><strong>1.</strong></span> <span class='ocrx_word' id='word_1_4' title='bbox 1242 489 1285 553; x_wconf 83' lang='lat'><strong>59</strong></span> 
     </span>
    </p>
   </div>
   <div class='ocr_carea' id='block_1_2' title="bbox 271 637 1339 3272">
    <p class='ocr_par' dir='ltr' id='par_1_2' title="bbox 271 637 1339 3272">
     <span class='ocr_line' id='line_1_2' title="bbox 274 637 1286 718; baseline 0 -20"><span class='ocrx_word' id='word_1_5' title='bbox 274 640 373 718; x_wconf 92' lang='lat' dir='ltr'><strong>primo</strong></span> <span class='ocrx_word' id='word_1_6' title='bbox 406 640 444 698; x_wconf 92' lang='lat' dir='ltr'><strong>sit</strong></span> <span class='ocrx_word' id='word_1_7' title='bbox 477 655 598 697; x_wconf 91' lang='lat' dir='ltr'><strong>necesse</strong></span> <span class='ocrx_word' id='word_1_8' title='bbox 631 645 678 698; x_wconf 92' lang='lat' dir='ltr'><strong>est</strong></span> <span class='ocrx_word' id='word_1_9' title='bbox 708 656 744 698; x_wconf 84' lang='lat' dir='ltr'><strong>er</strong></span> <span class='ocrx_word' id='word_1_10' title='bbox 775 637 868 697; x_wconf 74' lang='lat' dir='ltr'><strong>Adam</strong></span> <span class='ocrx_word' id='word_1_11' title='bbox 899 637 994 698; x_wconf 86' lang='lat' dir='ltr'><strong>malus</strong></span> <span class='ocrx_word' id='word_1_12' title='bbox 1026 646 1115 717; x_wconf 90' lang='lat' dir='ltr'><strong>atque</strong></span> <span class='ocrx_word' id='word_1_13' title='bbox 1148 638 1286 717; x_wconf 88' lang='lat' dir='ltr'><strong>carnalis;</strong></span> 
     </span>
     <span class='ocr_line' id='line_1_3' title="bbox 274 724 1286 807; baseline 0 -20"><span class='ocrx_word' id='word_1_14' title='bbox 274 726 356 806; x_wconf 86' lang='lat' dir='ltr'><strong>quod</strong></span> <span class='ocrx_word' id='word_1_15' title='bbox 390 729 416 786; x_wconf 92' lang='lat' dir='ltr'><strong>si</strong></span> <span class='ocrx_word' id='word_1_16' title='bbox 452 728 483 785; x_wconf 95' lang='lat' dir='ltr'><strong>in</strong></span> <span class='ocrx_word' id='word_1_17' title='bbox 516 724 666 785; x_wconf 78' lang='lat' dir='ltr'>Christum</span> <span class='ocrx_word' id='word_1_18' title='bbox 685 726 887 786; x_wconf 65' lang='lat' dir='ltr'><strong>renascendo</strong></span> <span class='ocrx_word' id='word_1_19' title='bbox 918 726 1097 807; x_wconf 82' lang='lat' dir='ltr'><strong>profecerit,</strong></span> <span class='ocrx_word' id='word_1_20' title='bbox 1128 735 1196 805; x_wconf 92' lang='lat' dir='ltr'><strong>post</strong></span> <span class='ocrx_word' id='word_1_21' title='bbox 1227 728 1286 787; x_wconf 90' lang='lat' dir='ltr'><strong>erit</strong></span> 
     </span>
     <span class='ocr_line' id='line_1_4' title="bbox 275 808 1285 896; baseline -0.002 -21"><span class='ocrx_word' id='word_1_22' title='bbox 275 814 373 875; x_wconf 89' lang='lat' dir='ltr'><strong>bouus</strong></span> <span class='ocrx_word' id='word_1_23' title='bbox 397 821 427 875; x_wconf 91' lang='lat' dir='ltr'><strong>et</strong></span> <span class='ocrx_word' id='word_1_24' title='bbox 450 808 619 895; x_wconf 89' lang='lat' dir='ltr'><strong>spiritalis):</strong></span> <span class='ocrx_word' id='word_1_25' title='bbox 641 815 684 873; x_wconf 91' lang='lat' dir='ltr'><strong>sic</strong></span> <span class='ocrx_word' id='word_1_26' title='bbox 707 816 738 874; x_wconf 91' lang='lat' dir='ltr'><strong>iu</strong></span> <span class='ocrx_word' id='word_1_27' title='bbox 761 816 900 875; x_wconf 90' lang='lat' dir='ltr'><strong>universo</strong></span> <span class='ocrx_word' id='word_1_28' title='bbox 923 832 1032 893; x_wconf 80' lang='lat' dir='ltr'>genere</span> <span class='ocrx_word' id='word_1_29' title='bbox 1054 814 1193 896; x_wconf 91' lang='lat' dir='ltr'><strong>humano,</strong></span> <span class='ocrx_word' id='word_1_30' title='bbox 1215 831 1285 875; x_wconf 90' lang='lat' dir='ltr'><strong>cum</strong></span> 
     </span>
     <span class='ocr_line' id='line_1_5' title="bbox 274 901 1283 983; baseline 0 -20"><span class='ocrx_word' id='word_1_31' title='bbox 274 905 406 983; x_wconf 91' lang='lat' dir='ltr'><strong>primum</strong></span> <span class='ocrx_word' id='word_1_32' title='bbox 433 902 508 963; x_wconf 91' lang='lat' dir='ltr'><strong>duae</strong></span> <span class='ocrx_word' id='word_1_33' title='bbox 536 904 609 962; x_wconf 90' lang='lat' dir='ltr'><strong>istae</strong></span> <span class='ocrx_word' id='word_1_34' title='bbox 641 911 805 981; x_wconf 89' lang='lat' dir='ltr'><strong>coeperunt</strong></span> <span class='ocrx_word' id='word_1_35' title='bbox 836 901 984 962; x_wconf 88' lang='lat' dir='ltr'><strong>nascendo</strong></span> <span class='ocrx_word' id='word_1_36' title='bbox 1012 907 1100 982; x_wconf 86' lang='lat' dir='ltr'><strong>atque</strong></span> <span class='ocrx_word' id='word_1_37' title='bbox 1130 903 1283 963; x_wconf 90' lang='lat' dir='ltr'><strong>moriendo</strong></span> 
     </span>
     <span class='ocr_line' id='line_1_6' title="bbox 275 991 1320 1071; baseline 0.002 -21"><span class='ocrx_word' id='word_1_38' title='bbox 275 992 455 1071; x_wconf 68' lang='lat' dir='ltr'><strong>procurrere</strong></span> <span class='ocrx_word' id='word_1_39' title='bbox 484 992 632 1070; x_wconf 88' lang='lat' dir='ltr'><strong>civitates,</strong></span> <span class='ocrx_word' id='word_1_40' title='bbox 657 993 740 1069; x_wconf 93' lang='lat' dir='ltr'><strong>prior</strong></span> <span class='ocrx_word' id='word_1_41' title='bbox 769 998 814 1050; x_wconf 88' lang='lat' dir='ltr'><strong>est</strong></span> <span class='ocrx_word' id='word_1_42' title='bbox 840 998 928 1050; x_wconf 88' lang='lat' dir='ltr'><strong>uatus</strong></span> <span class='ocrx_word' id='word_1_43' title='bbox 958 992 1030 1050; x_wconf 83' lang='lat' dir='ltr'><strong>ciris</strong></span> <span class='ocrx_word' id='word_1_44' title='bbox 1054 991 1143 1052; x_wconf 91' lang='lat' dir='ltr'><strong>huius</strong></span> <span class='ocrx_word' id='word_1_45' title='bbox 1166 991 1320 1071; x_wconf 80' lang='lat' dir='ltr'><strong>saeculi,5</strong></span> 
     </span>
     <span class='ocr_line' id='line_1_7' title="bbox 276 1077 1286 1159; baseline -0.001 -19"><span class='ocrx_word' id='word_1_46' title='bbox 276 1081 427 1159; x_wconf 83' lang='lat' dir='ltr'><strong>posterius</strong></span> <span class='ocrx_word' id='word_1_47' title='bbox 454 1087 554 1139; x_wconf 92' lang='lat' dir='ltr'><strong>autem</strong></span> <span class='ocrx_word' id='word_1_48' title='bbox 581 1080 639 1139; x_wconf 91' lang='lat' dir='ltr'><strong>isto</strong></span> <span class='ocrx_word' id='word_1_49' title='bbox 667 1080 843 1157; x_wconf 88' lang='lat' dir='ltr'><strong>peregrinus</strong></span> <span class='ocrx_word' id='word_1_50' title='bbox 869 1080 902 1137; x_wconf 91' lang='lat' dir='ltr'><strong>iu</strong></span> <span class='ocrx_word' id='word_1_51' title='bbox 928 1077 1047 1139; x_wconf 84' lang='lat' dir='ltr'><strong>saeculo</strong></span> <span class='ocrx_word' id='word_1_52' title='bbox 1075 1086 1106 1139; x_wconf 89' lang='lat' dir='ltr'><strong>et</strong></span> <span class='ocrx_word' id='word_1_53' title='bbox 1132 1081 1286 1159; x_wconf 83' lang='lat' dir='ltr'><strong>pertinens</strong></span> 
     </span>
     <span class='ocr_line' id='line_1_8' title="bbox 274 1165 1284 1247; baseline 0 -19"><span class='ocrx_word' id='word_1_54' title='bbox 274 1167 314 1227; x_wconf 91' lang='lat' dir='ltr'><strong>ad</strong></span> <span class='ocrx_word' id='word_1_55' title='bbox 338 1168 485 1228; x_wconf 82' lang='lat' dir='ltr'><strong>civitatem</strong></span> <span class='ocrx_word' id='word_1_56' title='bbox 504 1166 566 1245; x_wconf 82' lang='lat' dir='ltr'><strong>Dei,</strong></span> <span class='ocrx_word' id='word_1_57' title='bbox 588 1168 683 1244; x_wconf 82' lang='lat' dir='ltr'><strong>gratia</strong></span> <span class='ocrx_word' id='word_1_58' title='bbox 699 1165 936 1245; x_wconf 85' lang='lat' dir='ltr'><strong>praedestinatus</strong></span> <span class='ocrx_word' id='word_1_59' title='bbox 959 1169 1053 1246; x_wconf 89' lang='lat' dir='ltr'><strong>gratia</strong></span> <span class='ocrx_word' id='word_1_60' title='bbox 1076 1166 1198 1247; x_wconf 87' lang='lat' dir='ltr'><strong>eiectus,</strong></span> <span class='ocrx_word' id='word_1_61' title='bbox 1220 1186 1284 1247; x_wconf 91' lang='lat' dir='ltr'><strong>gra-</strong></span> 
     </span>
     <span class='ocr_line' id='line_1_9' title="bbox 280 1254 1283 1334; baseline 0.001 -19"><span class='ocrx_word' id='word_1_62' title='bbox 280 1257 321 1316; x_wconf 90' lang='lat' dir='ltr'><strong>tia</strong></span> <span class='ocrx_word' id='word_1_63' title='bbox 342 1258 517 1334; x_wconf 87' lang='lat' dir='ltr'><strong>peregrinus</strong></span> <span class='ocrx_word' id='word_1_64' title='bbox 544 1254 683 1315; x_wconf 89' lang='lat' dir='ltr'><strong>deorsum</strong></span> <span class='ocrx_word' id='word_1_65' title='bbox 711 1256 804 1333; x_wconf 87' lang='lat' dir='ltr'><strong>gratia</strong></span> <span class='ocrx_word' id='word_1_66' title='bbox 828 1256 899 1315; x_wconf 84' lang='lat' dir='ltr'><strong>civis</strong></span> <span class='ocrx_word' id='word_1_67' title='bbox 922 1272 1051 1316; x_wconf 90' lang='lat' dir='ltr'><strong>sursum.</strong></span> <span class='ocrx_word' id='word_1_68' title='bbox 1096 1255 1170 1315; x_wconf 84' lang='lat' dir='ltr'><strong>Nam</strong></span> <span class='ocrx_word' id='word_1_69' title='bbox 1192 1274 1283 1334; x_wconf 87' lang='lat' dir='ltr'><strong>quau·</strong></span> 
     </span>
     <span class='ocr_line' id='line_1_10' title="bbox 282 1342 1285 1423; baseline 0.002 -20"><span class='ocrx_word' id='word_1_70' title='bbox 282 1352 344 1403; x_wconf 90' lang='lat' dir='ltr'><strong>tum</strong></span> <span class='ocrx_word' id='word_1_71' title='bbox 366 1342 402 1403; x_wconf 86' lang='lat' dir='ltr'><strong>ad</strong></span> <span class='ocrx_word' id='word_1_72' title='bbox 425 1345 533 1422; x_wconf 89' lang='lat' dir='ltr'><strong>ipsum·</strong></span> <span class='ocrx_word' id='word_1_73' title='bbox 546 1343 673 1422; x_wconf 89' lang='lat' dir='ltr'><strong>adtinet,</strong></span> <span class='ocrx_word' id='word_1_74' title='bbox 697 1360 733 1403; x_wconf 85' lang='lat' dir='ltr'><strong>ex</strong></span> <span class='ocrx_word' id='word_1_75' title='bbox 756 1342 859 1402; x_wconf 87' lang='lat' dir='ltr'><strong>eadem</strong></span> <span class='ocrx_word' id='word_1_76' title='bbox 881 1360 977 1403; x_wconf 88' lang='lat' dir='ltr'><strong>massa</strong></span> <span class='ocrx_word' id='word_1_77' title='bbox 1000 1345 1105 1423; x_wconf 92' lang='lat' dir='ltr'><strong>oritur,</strong></span> <span class='ocrx_word' id='word_1_78' title='bbox 1128 1362 1203 1423; x_wconf 88' lang='lat' dir='ltr'><strong>quae</strong></span> <span class='ocrx_word' id='word_1_79' title='bbox 1227 1347 1285 1405; x_wconf 92' lang='lat' dir='ltr'><strong>ori·</strong></span> 
     </span>
     <span class='ocr_line' id='line_1_11' title="bbox 282 1431 1338 1510; baseline 0.002 -19"><span class='ocrx_word' id='word_1_80' title='bbox 282 1431 416 1510; x_wconf 85' lang='lat' dir='ltr'><strong>ginaliter</strong></span> <span class='ocrx_word' id='word_1_81' title='bbox 448 1440 494 1492; x_wconf 90' lang='lat' dir='ltr'><strong>est</strong></span> <span class='ocrx_word' id='word_1_82' title='bbox 526 1438 588 1492; x_wconf 89' lang='lat' dir='ltr'><strong>tota</strong></span> <span class='ocrx_word' id='word_1_83' title='bbox 619 1431 766 1510; x_wconf 88' lang='lat' dir='ltr'><strong>damnata;</strong></span> <span class='ocrx_word' id='word_1_84' title='bbox 798 1431 851 1491; x_wconf 91' lang='lat' dir='ltr'><strong>sed</strong></span> <span class='ocrx_word' id='word_1_85' title='bbox 883 1440 1031 1509; x_wconf 82' lang='lat' dir='ltr'><strong>tamquam</strong></span> <span class='ocrx_word' id='word_1_86' title='bbox 1063 1431 1171 1510; x_wconf 84' lang='lat' dir='ltr'><strong>figulus</strong></span> <span class='ocrx_word' id='word_1_87' title='bbox 1205 1431 1284 1493; x_wconf 71' lang='lat' dir='ltr'><strong>licus</strong></span> <span class='ocrx_word' id='word_1_88' title='bbox 1305 1446 1338 1493; x_wconf 92' lang='lat'><strong>10</strong></span> 
     </span>
     <span class='ocr_line' id='line_1_12' title="bbox 279 1512 1286 1601; baseline 0.002 -23"><span class='ocrx_word' id='word_1_89' title='bbox 279 1512 370 1601; x_wconf 87' lang='lat' dir='ltr'><strong>(hanc</strong></span> <span class='ocrx_word' id='word_1_90' title='bbox 393 1522 471 1580; x_wconf 89' lang='lat' dir='ltr'><strong>enim</strong></span> <span class='ocrx_word' id='word_1_91' title='bbox 501 1518 722 1579; x_wconf 87' lang='lat' dir='ltr'><strong>similitudinem</strong></span> <span class='ocrx_word' id='word_1_92' title='bbox 746 1537 804 1579; x_wconf 90' lang='lat' dir='ltr'><strong>non</strong></span> <span class='ocrx_word' id='word_1_93' title='bbox 828 1519 1020 1601; x_wconf 90' lang='lat' dir='ltr'><strong>inpudenter,</strong></span> <span class='ocrx_word' id='word_1_94' title='bbox 1047 1520 1099 1580; x_wconf 90' lang='lat' dir='ltr'><strong>sed</strong></span> <span class='ocrx_word' id='word_1_95' title='bbox 1122 1519 1286 1599; x_wconf 88' lang='lat' dir='ltr'><strong>prudenter</strong></span> 
     </span>
     <span class='ocr_line' id='line_1_13' title="bbox 282 1600 1286 1689; baseline 0.003 -23"><span class='ocrx_word' id='word_1_96' title='bbox 282 1607 442 1668; x_wconf 88' lang='lat' dir='ltr'><strong>introducit</strong></span> <span class='ocrx_word' id='word_1_97' title='bbox 469 1600 635 1689; x_wconf 90' lang='lat' dir='ltr'><strong>apostolus)</strong></span> <span class='ocrx_word' id='word_1_98' title='bbox 662 1625 699 1667; x_wconf 83' lang='lat' dir='ltr'><strong>er</strong></span> <span class='ocrx_word' id='word_1_99' title='bbox 727 1607 830 1668; x_wconf 87' lang='lat' dir='ltr'><strong>eadem</strong></span> <span class='ocrx_word' id='word_1_100' title='bbox 857 1625 953 1668; x_wconf 88' lang='lat' dir='ltr'><strong>massa</strong></span> <span class='ocrx_word' id='word_1_101' title='bbox 981 1609 1053 1669; x_wconf 88' lang='lat' dir='ltr'><strong>iecit</strong></span> <span class='ocrx_word' id='word_1_102' title='bbox 1080 1607 1159 1669; x_wconf 86' lang='lat' dir='ltr'><strong>atiud</strong></span> <span class='ocrx_word' id='word_1_103' title='bbox 1182 1610 1286 1669; x_wconf 88' lang='lat' dir='ltr'><strong>rasin</strong></span> 
     </span>
     <span class='ocr_line' id='line_1_14' title="bbox 279 1694 1287 1776; baseline 0.002 -21"><span class='ocrx_word' id='word_1_104' title='bbox 279 1695 422 1756; x_wconf 85' lang='lat' dir='ltr'><strong>honorem</strong></span> <span class='ocrx_word' id='word_1_105' title='bbox 428 1743 437 1776; x_wconf 94' lang='lat'><strong>,</strong></span> <span class='ocrx_word' id='word_1_106' title='bbox 460 1694 538 1755; x_wconf 89' lang='lat' dir='ltr'><strong>aliud</strong></span> <span class='ocrx_word' id='word_1_107' title='bbox 561 1698 591 1754; x_wconf 92' lang='lat' dir='ltr'><strong>in</strong></span> <span class='ocrx_word' id='word_1_108' title='bbox 615 1695 831 1756; x_wconf 85' lang='lat' dir='ltr'><strong>contumeliam.</strong></span> <span class='ocrx_word' id='word_1_109' title='bbox 875 1695 963 1755; x_wconf 89' lang='lat' dir='ltr'><strong>Prius</strong></span> <span class='ocrx_word' id='word_1_110' title='bbox 986 1705 1085 1757; x_wconf 91' lang='lat' dir='ltr'><strong>autem</strong></span> <span class='ocrx_word' id='word_1_111' title='bbox 1108 1698 1287 1758; x_wconf 81' lang='lat' dir='ltr'><strong>factumest</strong></span> 
     </span>
     <span class='ocr_line' id='line_1_15' title="bbox 280 1783 1286 1865; baseline 0.004 -23"><span class='ocrx_word' id='word_1_112' title='bbox 280 1787 382 1844; x_wconf 83' lang='lat' dir='ltr'><strong>rasin</strong></span> <span class='ocrx_word' id='word_1_113' title='bbox 406 1783 627 1864; x_wconf 89' lang='lat' dir='ltr'><strong>coutumeliam,</strong></span> <span class='ocrx_word' id='word_1_114' title='bbox 649 1791 718 1863; x_wconf 92' lang='lat' dir='ltr'><strong>post</strong></span> <span class='ocrx_word' id='word_1_115' title='bbox 739 1802 810 1843; x_wconf 86' lang='lat' dir='ltr'><strong>vero</strong></span> <span class='ocrx_word' id='word_1_116' title='bbox 834 1783 960 1844; x_wconf 90' lang='lat' dir='ltr'><strong>alterum</strong></span> <span class='ocrx_word' id='word_1_117' title='bbox 982 1786 1013 1844; x_wconf 90' lang='lat' dir='ltr'><strong>in</strong></span> <span class='ocrx_word' id='word_1_118' title='bbox 1037 1785 1194 1865; x_wconf 87' lang='lat' dir='ltr'><strong>honorem,</strong></span> <span class='ocrx_word' id='word_1_119' title='bbox 1218 1787 1286 1864; x_wconf 91' lang='lat' dir='ltr'><strong>quia</strong></span> 
     </span>
     <span class='ocr_line' id='line_1_16' title="bbox 275 1872 1338 1954; baseline 0.002 -22"><span class='ocrx_word' id='word_1_120' title='bbox 275 1874 362 1933; x_wconf 88' lang='lat' dir='ltr'><strong>etin</strong></span> <span class='ocrx_word' id='word_1_121' title='bbox 385 1874 449 1951; x_wconf 91' lang='lat' dir='ltr'><strong>ipso</strong></span> <span class='ocrx_word' id='word_1_122' title='bbox 472 1890 548 1951; x_wconf 89' lang='lat' dir='ltr'><strong>uno,</strong></span> <span class='ocrx_word' id='word_1_123' title='bbox 575 1874 654 1931; x_wconf 88' lang='lat' dir='ltr'><strong>sicut</strong></span> <span class='ocrx_word' id='word_1_124' title='bbox 675 1874 732 1931; x_wconf 87' lang='lat' dir='ltr'><strong>iam</strong></span> <span class='ocrx_word' id='word_1_125' title='bbox 755 1872 830 1951; x_wconf 85' lang='lat' dir='ltr'><strong>dixi,</strong></span> <span class='ocrx_word' id='word_1_126' title='bbox 861 1872 981 1954; x_wconf 87' lang='lat' dir='ltr'><strong>homine</strong></span> <span class='ocrx_word' id='word_1_127' title='bbox 1007 1876 1091 1951; x_wconf 91' lang='lat' dir='ltr'><strong>prius</strong></span> <span class='ocrx_word' id='word_1_128' title='bbox 1114 1881 1161 1933; x_wconf 89' lang='lat' dir='ltr'><strong>est</strong></span> <span class='ocrx_word' id='word_1_129' title='bbox 1183 1892 1285 1953; x_wconf 91' lang='lat' dir='ltr'><strong>repro·</strong></span> <span class='ocrx_word' id='word_1_130' title='bbox 1306 1887 1338 1934; x_wconf 84' lang='lat'><strong>15</strong></span> 
     </span>
     <span class='ocr_line' id='line_1_17' title="bbox 276 1960 1283 2040; baseline 0.002 -20"><span class='ocrx_word' id='word_1_131' title='bbox 276 1960 358 2040; x_wconf 72' lang='lat' dir='ltr'><strong>burm,</strong></span> <span class='ocrx_word' id='word_1_132' title='bbox 381 1960 460 2020; x_wconf 90' lang='lat' dir='ltr'><strong>nude</strong></span> <span class='ocrx_word' id='word_1_133' title='bbox 478 1978 600 2020; x_wconf 90' lang='lat' dir='ltr'><strong>necesse</strong></span> <span class='ocrx_word' id='word_1_134' title='bbox 619 1967 665 2019; x_wconf 90' lang='lat' dir='ltr'><strong>est</strong></span> <span class='ocrx_word' id='word_1_135' title='bbox 682 1961 858 2039; x_wconf 85' lang='lat' dir='ltr'><strong>incipiamus</strong></span> <span class='ocrx_word' id='word_1_136' title='bbox 881 1968 913 2021; x_wconf 88' lang='lat' dir='ltr'><strong>et</strong></span> <span class='ocrx_word' id='word_1_137' title='bbox 934 1960 985 2020; x_wconf 86' lang='lat' dir='ltr'><strong>ubi</strong></span> <span class='ocrx_word' id='word_1_138' title='bbox 1008 1979 1069 2021; x_wconf 90' lang='lat' dir='ltr'><strong>uon</strong></span> <span class='ocrx_word' id='word_1_139' title='bbox 1092 1970 1139 2022; x_wconf 90' lang='lat' dir='ltr'><strong>est</strong></span> <span class='ocrx_word' id='word_1_140' title='bbox 1160 1980 1283 2022; x_wconf 88' lang='lat' dir='ltr'><strong>necesse</strong></span> 
     </span>
     <span class='ocr_line' id='line_1_18' title="bbox 274 2048 1285 2129; baseline 0.001 -20"><span class='ocrx_word' id='word_1_141' title='bbox 274 2057 311 2109; x_wconf 89' lang='lat' dir='ltr'><strong>ut</strong></span> <span class='ocrx_word' id='word_1_142' title='bbox 334 2065 553 2127; x_wconf 81' lang='lat' dir='ltr'><strong>remaneamus,</strong></span> <span class='ocrx_word' id='word_1_143' title='bbox 580 2050 729 2126; x_wconf 87' lang='lat' dir='ltr'><strong>posterius</strong></span> <span class='ocrx_word' id='word_1_144' title='bbox 752 2066 823 2108; x_wconf 88' lang='lat' dir='ltr'><strong>vero</strong></span> <span class='ocrx_word' id='word_1_145' title='bbox 845 2048 987 2129; x_wconf 87' lang='lat' dir='ltr'><strong>probum,</strong></span> <span class='ocrx_word' id='word_1_146' title='bbox 1013 2067 1073 2128; x_wconf 91' lang='lat' dir='ltr'><strong>quo</strong></span> <span class='ocrx_word' id='word_1_147' title='bbox 1095 2050 1285 2129; x_wconf 84' lang='lat' dir='ltr'><strong>proficientes</strong></span> 
     </span>
     <span class='ocr_line' id='line_1_19' title="bbox 274 2137 1285 2215; baseline 0.002 -19"><span class='ocrx_word' id='word_1_148' title='bbox 274 2138 429 2196; x_wconf 77' lang='lat' dir='ltr'><strong>veniamus</strong></span> <span class='ocrx_word' id='word_1_149' title='bbox 457 2142 487 2197; x_wconf 91' lang='lat' dir='ltr'><strong>et</strong></span> <span class='ocrx_word' id='word_1_150' title='bbox 516 2154 574 2214; x_wconf 91' lang='lat' dir='ltr'><strong>quo</strong></span> <span class='ocrx_word' id='word_1_151' title='bbox 603 2137 811 2215; x_wconf 86' lang='lat' dir='ltr'><strong>pervenientes</strong></span> <span class='ocrx_word' id='word_1_152' title='bbox 841 2154 1019 2197; x_wconf 88' lang='lat' dir='ltr'><strong>maneamus.</strong></span> <span class='ocrx_word' id='word_1_153' title='bbox 1069 2137 1197 2198; x_wconf 89' lang='lat' dir='ltr'><strong>Proinde</strong></span> <span class='ocrx_word' id='word_1_154' title='bbox 1225 2157 1285 2198; x_wconf 92' lang='lat' dir='ltr'><strong>uon</strong></span> 
     </span>
     <span class='ocr_line' id='line_1_20' title="bbox 274 2223 1285 2305; baseline 0.002 -20"><span class='ocrx_word' id='word_1_155' title='bbox 274 2225 399 2304; x_wconf 74' lang='lat' dir='ltr'><strong>quidem</strong></span> <span class='ocrx_word' id='word_1_156' title='bbox 427 2227 523 2284; x_wconf 90' lang='lat' dir='ltr'><strong>omnis</strong></span> <span class='ocrx_word' id='word_1_157' title='bbox 549 2224 637 2283; x_wconf 91' lang='lat' dir='ltr'><strong>homo</strong></span> <span class='ocrx_word' id='word_1_158' title='bbox 661 2223 754 2284; x_wconf 89' lang='lat' dir='ltr'><strong>malus</strong></span> <span class='ocrx_word' id='word_1_159' title='bbox 777 2227 836 2285; x_wconf 87' lang='lat' dir='ltr'><strong>erit</strong></span> <span class='ocrx_word' id='word_1_160' title='bbox 857 2224 967 2305; x_wconf 91' lang='lat' dir='ltr'><strong>bonus,</strong></span> <span class='ocrx_word' id='word_1_161' title='bbox 996 2242 1083 2285; x_wconf 91' lang='lat' dir='ltr'><strong>nemo</strong></span> <span class='ocrx_word' id='word_1_162' title='bbox 1106 2234 1205 2286; x_wconf 90' lang='lat' dir='ltr'><strong>tamen</strong></span> <span class='ocrx_word' id='word_1_163' title='bbox 1228 2229 1285 2288; x_wconf 90' lang='lat' dir='ltr'><strong>erit</strong></span> 
     </span>
     <span class='ocr_line' id='line_1_21' title="bbox 274 2313 1339 2393; baseline 0.004 -20"><span class='ocrx_word' id='word_1_164' title='bbox 274 2313 375 2373; x_wconf 72' lang='lat' dir='ltr'><strong>donum</strong></span> <span class='ocrx_word' id='word_1_165' title='bbox 408 2315 459 2391; x_wconf 92' lang='lat' dir='ltr'><strong>qui</strong></span> <span class='ocrx_word' id='word_1_166' title='bbox 490 2330 549 2372; x_wconf 91' lang='lat' dir='ltr'><strong>non</strong></span> <span class='ocrx_word' id='word_1_167' title='bbox 582 2320 645 2372; x_wconf 90' lang='lat' dir='ltr'><strong>erat</strong></span> <span class='ocrx_word' id='word_1_168' title='bbox 678 2313 783 2392; x_wconf 89' lang='lat' dir='ltr'><strong>malus;</strong></span> <span class='ocrx_word' id='word_1_169' title='bbox 815 2313 867 2372; x_wconf 92' lang='lat' dir='ltr'><strong>sed</strong></span> <span class='ocrx_word' id='word_1_170' title='bbox 902 2321 1010 2391; x_wconf 91' lang='lat' dir='ltr'><strong>quanto</strong></span> <span class='ocrx_word' id='word_1_171' title='bbox 1040 2315 1166 2393; x_wconf 87' lang='lat' dir='ltr'><strong>quisque</strong></span> <span class='ocrx_word' id='word_1_172' title='bbox 1197 2316 1285 2375; x_wconf 88' lang='lat' dir='ltr'><strong>citius</strong></span> <span class='ocrx_word' id='word_1_173' title='bbox 1304 2329 1339 2378; x_wconf 72' lang='lat'><strong>⁶20</strong></span> 
     </span>
     <span class='ocr_line' id='line_1_22' title="bbox 272 2400 1284 2482; baseline 0.002 -21"><span class='ocrx_word' id='word_1_174' title='bbox 272 2408 411 2461; x_wconf 86' lang='lat' dir='ltr'><strong>mutatur</strong></span> <span class='ocrx_word' id='word_1_175' title='bbox 433 2403 463 2459; x_wconf 92' lang='lat' dir='ltr'><strong>in</strong></span> <span class='ocrx_word' id='word_1_176' title='bbox 483 2400 598 2477; x_wconf 88' lang='lat' dir='ltr'><strong>melius,</strong></span> <span class='ocrx_word' id='word_1_177' title='bbox 621 2400 677 2460; x_wconf 86' lang='lat' dir='ltr'><strong>iroe</strong></span> <span class='ocrx_word' id='word_1_178' title='bbox 699 2403 730 2460; x_wconf 96' lang='lat' dir='ltr'><strong>in</strong></span> <span class='ocrx_word' id='word_1_179' title='bbox 754 2418 786 2460; x_wconf 93' lang='lat' dir='ltr'><strong>se</strong></span> <span class='ocrx_word' id='word_1_180' title='bbox 809 2402 880 2461; x_wconf 86' lang='lat' dir='ltr'><strong>iacit</strong></span> <span class='ocrx_word' id='word_1_181' title='bbox 902 2403 1056 2482; x_wconf 88' lang='lat' dir='ltr'><strong>nominari,</strong></span> <span class='ocrx_word' id='word_1_182' title='bbox 1079 2401 1158 2481; x_wconf 86' lang='lat' dir='ltr'><strong>quod</strong></span> <span class='ocrx_word' id='word_1_183' title='bbox 1181 2402 1284 2482; x_wconf 91' lang='lat' dir='ltr'><strong>adpre·</strong></span> 
     </span>
     <span class='ocr_line' id='line_1_23' title="bbox 278 2488 1285 2569; baseline 0.005 -21"><span class='ocrx_word' id='word_1_184' title='bbox 278 2488 394 2569; x_wconf 90' lang='lat' dir='ltr'><strong>hendit,</strong></span> <span class='ocrx_word' id='word_1_185' title='bbox 422 2489 548 2549; x_wconf 90' lang='lat' dir='ltr'><strong>celerius</strong></span> <span class='ocrx_word' id='word_1_186' title='bbox 576 2497 607 2549; x_wconf 90' lang='lat' dir='ltr'><strong>et</strong></span> <span class='ocrx_word' id='word_1_187' title='bbox 632 2491 797 2567; x_wconf 92' lang='lat' dir='ltr'><strong>posteriore</strong></span> <span class='ocrx_word' id='word_1_188' title='bbox 830 2492 964 2568; x_wconf 90' lang='lat' dir='ltr'><strong>cooperit</strong></span> <span class='ocrx_word' id='word_1_189' title='bbox 990 2489 1166 2550; x_wconf 84' lang='lat' dir='ltr'><strong>vocabulum</strong></span> <span class='ocrx_word' id='word_1_190' title='bbox 1192 2493 1285 2569; x_wconf 90' lang='lat' dir='ltr'><strong>prius.</strong></span> 
     </span>
     <span class='ocr_line' id='line_1_24' title="bbox 277 2575 1285 2661; baseline 0.004 -25"><span class='ocrx_word' id='word_1_191' title='bbox 277 2576 431 2657; x_wconf 90' lang='lat' dir='ltr'><strong>Scriptum</strong></span> <span class='ocrx_word' id='word_1_192' title='bbox 458 2584 504 2637; x_wconf 90' lang='lat' dir='ltr'><strong>est</strong></span> <span class='ocrx_word' id='word_1_193' title='bbox 530 2578 629 2655; x_wconf 90' lang='lat' dir='ltr'><strong>itaque</strong></span> <span class='ocrx_word' id='word_1_194' title='bbox 657 2575 693 2636; x_wconf 90' lang='lat' dir='ltr'><strong>de</strong></span> <span class='ocrx_word' id='word_1_195' title='bbox 717 2576 811 2657; x_wconf 87' lang='lat' dir='ltr'><strong>Cain,</strong></span> <span class='ocrx_word' id='word_1_196' title='bbox 833 2577 912 2656; x_wconf 91' lang='lat' dir='ltr'><strong>quod</strong></span> <span class='ocrx_word' id='word_1_197' title='bbox 935 2576 1101 2638; x_wconf 90' lang='lat' dir='ltr'><strong>condiderit</strong></span> <span class='ocrx_word' id='word_1_198' title='bbox 1123 2580 1285 2661; x_wconf 79' lang='lat' dir='ltr'><strong>civitatem3</strong></span> 
     </span>
     <span class='ocr_line' id='line_1_25' title="bbox 277 2664 1285 2746; baseline 0.004 -21"><span class='ocrx_word' id='word_1_199' title='bbox 277 2664 351 2725; x_wconf 68' lang='lat' dir='ltr'><strong>ribei</strong></span> <span class='ocrx_word' id='word_1_200' title='bbox 375 2672 473 2725; x_wconf 89' lang='lat' dir='ltr'><strong>autem</strong></span> <span class='ocrx_word' id='word_1_201' title='bbox 501 2674 649 2744; x_wconf 86' lang='lat' dir='ltr'><strong>tamquam</strong></span> <span class='ocrx_word' id='word_1_202' title='bbox 675 2668 853 2744; x_wconf 89' lang='lat' dir='ltr'><strong>peregrinus</strong></span> <span class='ocrx_word' id='word_1_203' title='bbox 881 2684 940 2726; x_wconf 92' lang='lat' dir='ltr'><strong>uon</strong></span> <span class='ocrx_word' id='word_1_204' title='bbox 964 2666 1104 2727; x_wconf 91' lang='lat' dir='ltr'><strong>condidit.</strong></span> <span class='ocrx_word' id='word_1_205' title='bbox 1150 2666 1285 2746; x_wconf 89' lang='lat' dir='ltr'><strong>Superna</strong></span> 
     </span>
     <span class='ocr_line' id='line_1_26' title="bbox 276 2753 1337 2837; baseline 0.002 -24"><span class='ocrx_word' id='word_1_206' title='bbox 276 2761 326 2813; x_wconf 91' lang='lat' dir='ltr'><strong>est</strong></span> <span class='ocrx_word' id='word_1_207' title='bbox 348 2755 427 2813; x_wconf 90' lang='lat' dir='ltr'><strong>enim</strong></span> <span class='ocrx_word' id='word_1_208' title='bbox 454 2762 624 2814; x_wconf 90' lang='lat' dir='ltr'><strong>sanctornm</strong></span> <span class='ocrx_word' id='word_1_209' title='bbox 647 2755 761 2833; x_wconf 89' lang='lat' dir='ltr'><strong>civitas,</strong></span> <span class='ocrx_word' id='word_1_210' title='bbox 789 2756 922 2833; x_wconf 86' lang='lat' dir='ltr'><strong>quamvis</strong></span> <span class='ocrx_word' id='word_1_211' title='bbox 941 2753 993 2836; x_wconf 75' lang='grc' dir='ltr'><strong>ΙΙιίι</strong></span> <span class='ocrx_word' id='word_1_212' title='bbox 1015 2756 1110 2833; x_wconf 90' lang='lat' dir='ltr'><strong>pariat</strong></span> <span class='ocrx_word' id='word_1_213' title='bbox 1133 2758 1225 2837; x_wconf 87' lang='lat' dir='ltr'><strong>cives,</strong></span> <span class='ocrx_word' id='word_1_214' title='bbox 1252 2758 1284 2818; x_wconf 92' lang='lat' dir='ltr'><strong>in</strong></span> <span class='ocrx_word' id='word_1_215' title='bbox 1303 2768 1337 2815; x_wconf 78' lang='lat'><strong>25</strong></span> 
     </span>
     <span class='ocr_line' id='line_1_27' title="bbox 277 2841 1285 2925; baseline 0.004 -24"><span class='ocrx_word' id='word_1_216' title='bbox 277 2841 388 2919; x_wconf 89' lang='lat' dir='ltr'><strong>quibus</strong></span> <span class='ocrx_word' id='word_1_217' title='bbox 414 2844 634 2923; x_wconf 86' lang='lat' dir='ltr'><strong>peregrinatur,</strong></span> <span class='ocrx_word' id='word_1_218' title='bbox 664 2842 758 2902; x_wconf 91' lang='lat' dir='ltr'><strong>donec</strong></span> <span class='ocrx_word' id='word_1_219' title='bbox 788 2844 873 2920; x_wconf 87' lang='lat' dir='ltr'><strong>regni</strong></span> <span class='ocrx_word' id='word_1_220' title='bbox 900 2845 964 2902; x_wconf 89' lang='lat' dir='ltr'><strong>eius</strong></span> <span class='ocrx_word' id='word_1_221' title='bbox 991 2851 1110 2922; x_wconf 92' lang='lat' dir='ltr'><strong>tempus</strong></span> <span class='ocrx_word' id='word_1_222' title='bbox 1142 2842 1285 2925; x_wconf 85' lang='lat' dir='ltr'><strong>adveniat,</strong></span> 
     </span>
     <span class='ocr_line' id='line_1_28' title="bbox 277 2930 1283 3010; baseline 0.004 -21"><span class='ocrx_word' id='word_1_223' title='bbox 277 2946 347 2989; x_wconf 92' lang='lat' dir='ltr'><strong>cum</strong></span> <span class='ocrx_word' id='word_1_224' title='bbox 377 2938 590 3009; x_wconf 84' lang='lat' dir='ltr'><strong>congregatura</strong></span> <span class='ocrx_word' id='word_1_225' title='bbox 618 2937 664 2990; x_wconf 89' lang='lat' dir='ltr'><strong>est</strong></span> <span class='ocrx_word' id='word_1_226' title='bbox 695 2947 798 2990; x_wconf 86' lang='lat' dir='ltr'><strong>omnes</strong></span> <span class='ocrx_word' id='word_1_227' title='bbox 826 2932 858 2989; x_wconf 90' lang='lat' dir='ltr'><strong>in</strong></span> <span class='ocrx_word' id='word_1_228' title='bbox 887 2932 949 2990; x_wconf 89' lang='lat' dir='ltr'><strong>suis</strong></span> <span class='ocrx_word' id='word_1_229' title='bbox 979 2930 1154 3010; x_wconf 91' lang='lat' dir='ltr'><strong>corporibus</strong></span> <span class='ocrx_word' id='word_1_230' title='bbox 1184 2950 1283 2993; x_wconf 91' lang='lat' dir='ltr'><strong>resur-</strong></span> 
     </span>
     <span class='ocr_line' id='line_1_29' title="bbox 276 3016 1284 3100; baseline 0.004 -23"><span class='ocrx_word' id='word_1_231' title='bbox 276 3026 395 3099; x_wconf 84' lang='lat' dir='ltr'><strong>gentes,</strong></span> <span class='ocrx_word' id='word_1_232' title='bbox 423 3017 540 3096; x_wconf 86' lang='lat' dir='ltr'><strong>quando</strong></span> <span class='ocrx_word' id='word_1_233' title='bbox 568 3020 612 3078; x_wconf 88' lang='lat' dir='ltr'><strong>eis</strong></span> <span class='ocrx_word' id='word_1_234' title='bbox 633 3020 813 3097; x_wconf 91' lang='lat' dir='ltr'><strong>promissum</strong></span> <span class='ocrx_word' id='word_1_235' title='bbox 836 3016 955 3079; x_wconf 86' lang='lat' dir='ltr'><strong>dabitur</strong></span> <span class='ocrx_word' id='word_1_236' title='bbox 976 3036 1118 3100; x_wconf 91' lang='lat' dir='ltr'><strong>regnum,</strong></span> <span class='ocrx_word' id='word_1_237' title='bbox 1140 3020 1193 3080; x_wconf 92' lang='lat' dir='ltr'><strong>ubi</strong></span> <span class='ocrx_word' id='word_1_238' title='bbox 1215 3039 1284 3081; x_wconf 90' lang='lat' dir='ltr'><strong>curn</strong></span> 
     </span>
     <span class='ocr_line' id='line_1_30' title="bbox 277 3105 1283 3189; baseline 0.005 -24"><span class='ocrx_word' id='word_1_239' title='bbox 277 3124 333 3165; x_wconf 93' lang='lat' dir='ltr'><strong>suo</strong></span> <span class='ocrx_word' id='word_1_240' title='bbox 364 3108 498 3185; x_wconf 89' lang='lat' dir='ltr'><strong>principe</strong></span> <span class='ocrx_word' id='word_1_241' title='bbox 530 3124 600 3185; x_wconf 88' lang='lat' dir='ltr'><strong>rege</strong></span> <span class='ocrx_word' id='word_1_242' title='bbox 633 3105 819 3167; x_wconf 86' lang='lat' dir='ltr'><strong>saeculorum</strong></span> <span class='ocrx_word' id='word_1_243' title='bbox 853 3108 917 3167; x_wconf 91' lang='lat' dir='ltr'><strong>sine</strong></span> <span class='ocrx_word' id='word_1_244' title='bbox 954 3106 1014 3167; x_wconf 87' lang='lat' dir='ltr'><strong>uilo</strong></span> <span class='ocrx_word' id='word_1_245' title='bbox 1051 3110 1194 3187; x_wconf 90' lang='lat' dir='ltr'><strong>temporis</strong></span> <span class='ocrx_word' id='word_1_246' title='bbox 1225 3110 1283 3189; x_wconf 84' lang='lat' dir='ltr'><strong>fine</strong></span> 
     </span>
     <span class='ocr_line' id='line_1_31' title="bbox 271 3193 1338 3272; baseline 0.007 -19"><span class='ocrx_word' id='word_1_247' title='bbox 271 3193 452 3272; x_wconf 87' lang='lat' dir='ltr'><strong>regnabunt.</strong></span> <span class='ocrx_word' id='word_1_248' title='bbox 495 3225 498 3233; x_wconf 70' lang='lat'><strong>,</strong></span> <span class='ocrx_word' id='word_1_249' title='bbox 939 3228 942 3232; x_wconf 37' lang='lat'><strong>²</strong></span> <span class='ocrx_word' id='word_1_250' title='bbox 1303 3211 1338 3261; x_wconf 83' lang='lat'><strong>³0</strong></span> 
     </span>
    </p>
   </div>
   <div class='ocr_carea' id='block_1_3' title="bbox 348 3348 914 3419">
    <p class='ocr_par' dir='ltr' id='par_1_3' title="bbox 348 3348 914 3419">
     <span class='ocr_line' id='line_1_32' title="bbox 348 3348 914 3419; baseline 0.011 -18"><span class='ocrx_word' id='word_1_251' title='bbox 348 3350 393 3418; x_wconf 80' lang='lat' dir='ltr'><strong>ra&gt;</strong></span> <span class='ocrx_word' id='word_1_252' title='bbox 410 3348 490 3404; x_wconf 70' lang='lat' dir='ltr'><strong>Rom.</strong></span> <span class='ocrx_word' id='word_1_253' title='bbox 510 3353 535 3416; x_wconf 83' lang='lat' dir='ltr'><strong>o,</strong></span> <span class='ocrx_word' id='word_1_254' title='bbox 550 3354 592 3403; x_wconf 76' lang='grc' dir='ltr'><strong>ιι.</strong></span> <span class='ocrx_word' id='word_1_255' title='bbox 647 3351 692 3419; x_wconf 79' lang='lat' dir='ltr'><strong>uo)</strong></span> <span class='ocrx_word' id='word_1_256' title='bbox 711 3348 779 3403; x_wconf 73' lang='lat' dir='ltr'><strong>Gen.</strong></span> <span class='ocrx_word' id='word_1_257' title='bbox 798 3355 824 3415; x_wconf 84' lang='lat'><strong>4,</strong></span> <span class='ocrx_word' id='word_1_258' title='bbox 839 3354 882 3403; x_wconf 81' lang='grc' dir='ltr'><strong>ιι.</strong></span> <span class='ocrx_word' id='word_1_259' title='bbox 911 3400 914 3407; x_wconf 90' lang='grc'>.</span> 
     </span>
    </p>
   </div>
   <div class='ocr_carea' id='block_1_4' title="bbox 281 3558 1287 3701">
    <p class='ocr_par' dir='ltr' id='par_1_4' title="bbox 281 3558 1287 3701">
     <span class='ocr_line' id='line_1_33' title="bbox 348 3558 1287 3646; baseline -0.002 -30.862"><span class='ocrx_word' id='word_1_260' title='bbox 348 3560 526 3629; x_wconf 80' lang='lat' dir='ltr'><strong>posterius</strong></span> <span class='ocrx_word' id='word_1_261' title='bbox 551 3558 797 3629; x_wconf 57' lang='lat' dir='ltr'><strong>renuerem</strong></span> <span class='ocrx_word' id='word_1_262' title='bbox 825 3560 963 3629; x_wconf 78' lang='lat' dir='ltr'><strong>posterior</strong></span> <span class='ocrx_word' id='word_1_263' title='bbox 986 3560 1083 3646; x_wconf 59' lang='lat' dir='ltr'><strong>n’obo</strong></span> <span class='ocrx_word' id='word_1_264' title='bbox 1103 3563 1112 3630; x_wconf 90' lang='grc' dir='ltr'><strong>ΙΙ</strong></span> <span class='ocrx_word' id='word_1_265' title='bbox 1134 3566 1165 3613; x_wconf 87' lang='grc'><strong>11</strong></span> <span class='ocrx_word' id='word_1_266' title='bbox 1189 3560 1287 3629; x_wconf 88' lang='lat' dir='ltr'><strong>inpud.</strong></span> 
     </span>
     <span class='ocr_line' id='line_1_34' title="bbox 281 3629 1183 3701; baseline 0.001 -14"><span class='ocrx_word' id='word_1_267' title='bbox 281 3631 581 3701; x_wconf 70' lang='lat' dir='ltr'><strong>VRGt2013inprud</strong></span> <span class='ocrx_word' id='word_1_268' title='bbox 600 3629 815 3701; x_wconf 73' lang='lat' dir='ltr'><strong>AFao¹e²pv</strong></span> <span class='ocrx_word' id='word_1_269' title='bbox 1181 3683 1183 3688; x_wconf 91' lang='lat'><em>.</em></span> 
     </span>
    </p>
   </div>
   <div class='ocr_carea' id='block_1_5' title="bbox 0 0 1646 4459">
    <p class='ocr_par' dir='ltr' id='par_1_5' title="bbox 0 0 1646 4459">
     <span class='ocr_line' id='line_1_35' title="bbox 0 0 1646 4459; baseline 0 0"><span class='ocrx_word' id='word_1_270' title='bbox 0 0 1646 4459; x_wconf 95' lang='lat' dir='ltr'><strong> </strong></span> 
     </span>
    </p>
   </div>
  </div>
 </body>
</html>
