3284 4459
573 477 614 516 nn
627 475 770 517 oxvmaua
782 477 836 516 mu
850 478 876 518 n.
890 477 939 518 xx
953 476 976 518 c.
992 480 1024 521 21.
1238 466 1301 529 457

298 614 496 681 consulebam
518 618 548 671 et
568 614 600 671 in
623 612 813 672 Hierusalem
840 614 1079 687 consolabimini,
1107 622 1137 675 ct
1159 616 1305 687 uidebitis,

299 709 330 761 ct
343 702 493 775 oouaeott
510 716 565 760 cor
583 708 713 759 uestrum
732 707 762 760 et
778 717 847 760 ossa
865 710 965 760 uestra
989 708 1022 761 ut
1044 703 1140 763 lrerba
1163 706 1304 765 exorien-

299 797 359 849 tur.
406 790 445 849 Et
471 796 671 862 coanoscetur
698 805 805 848 manus
834 790 955 848 Domini
980 792 1146 851 colentibus
1169 809 1249 866 eum,
1277 799 1307 853 ct

299 878 531 938 comminabitur
566 878 802 937 contumacibus.
857 878 940 937 Ecce
975 881 1053 938 enim
1090 879 1235 940 Dominus
1272 888 1305 940 ut

299 969 379 1040 iouis
401 968 506 1038 ueniet,
530 971 561 1024 et
581 972 617 1024 ut
638 971 796 1040 tempestas
819 983 932 1025 currus
955 969 1028 1043 eius,
1052 970 1182 1029 reddere
1204 972 1236 1029 in
1260 971 1340 1029 inu

299 1049 477 1128 diurnatione
499 1055 664 1113 uindictam
682 1060 712 1112 et
729 1057 925 1113 uastationem
945 1056 974 1113 in
994 1056 1119 1128 [lamma
1143 1059 1229 1129 ionis.
1267 1057 1304 1117 In

299 1147 370 1217 iane
392 1145 472 1203 enim
499 1142 621 1201 Domini
648 1143 836 1201 iudicabitur
863 1144 957 1202 omnis
987 1149 1073 1203 terra
1097 1151 1126 1203 et
1149 1147 1180 1204 in
1200 1147 1306 1218 plodio

298 1234 365 1291 cius
391 1232 487 1291 omnis
514 1246 606 1300 caro;
635 1232 722 1289 multi
747 1232 901 1289 uulnerati
926 1237 1017 1290 erunt
1044 1248 1063 1290 a
1091 1232 1226 1291 Domino.
1272 1232 1304 1291 lu

298 1317 444 1379 bonorum
472 1319 667 1395 promissione
695 1316 804 1377 llumen
838 1320 918 1395 pacis
941 1318 1074 1396 prolecto
1098 1319 1305 1380 abundantiam

298 1409 380 1486 pacis
402 1406 480 1467 illius
504 1405 645 1465 debemus
669 1408 812 1486 accipere,
836 1424 892 1484 qua
916 1408 1009 1467 maior
1032 1425 1097 1467 esse
1121 1425 1179 1466 non
1203 1411 1305 1487 possit..
1326 1422 1359 1469 10

298 1494 360 1555 Hac
379 1496 480 1572 utique
499 1496 529 1553 iu
549 1495 606 1554 tine
626 1493 801 1573 rigabimur3
825 1494 861 1554 de
885 1512 942 1572 qua
964 1497 994 1555 in
1019 1496 1206 1573 praecedenti
1230 1495 1305 1555 libro

298 1582 483 1643 abundanter
501 1581 591 1641 locuti
610 1601 721 1643 sumus.
766 1581 829 1642 Hoc
849 1582 958 1642 llumeu
978 1601 1009 1643 se
1029 1585 1059 1643 in
1083 1602 1134 1643 eos
1157 1584 1304 1644 declinare

298 1671 384 1752 dicit,
408 1668 515 1749 quibus
538 1678 648 1730 tanum
672 1670 884 1731 beatitudinem
907 1670 1076 1749 pollicetur,
1100 1681 1133 1732 ut
1155 1672 1303 1751 intellega-

299 1778 365 1819 mus
393 1762 423 1818 iu
451 1757 529 1818 illius
556 1758 705 1818 felicitatis
734 1762 868 1839 regione,
898 1777 971 1837 quae
996 1762 1026 1819 in
1050 1760 1138 1820 caelis
1163 1770 1221 1841 est,
1250 1760 1305 1821 hoc

298 1848 420 1907 flumine
453 1848 549 1907 omnia
582 1848 695 1925 satiari3
727 1848 777 1907 sed
812 1849 879 1925 quia
912 1856 942 1906 et
973 1851 1099 1909 terrenis
1130 1849 1306 1928 corporibus
1326 1862 1358 1911 15

299 1955 355 2015 pax
383 1935 615 2013 incorruptionis
643 1944 731 2012 atque
759 1935 977 1995 inmortalitatis
1000 1935 1068 1995 inde
1091 1938 1208 2018 induet,
1239 1937 1304 1997 ideo

298 2023 447 2083 declinare
480 2041 512 2082 se
538 2023 612 2083 dixit
640 2022 696 2082 hoc
728 2022 851 2101 flumen,
883 2033 916 2083 ut
943 2024 979 2082 de
1012 2027 1149 2102 supernis
1179 2026 1305 2103 quodam

299 2112 386 2172 modo
417 2114 504 2171 etiam
532 2112 672 2171 iuieriora
699 2111 857 2189 perfundat
886 2120 916 2171 et
939 2111 1073 2171 homiues
1097 2112 1232 2189 aequales
1257 2132 1306 2175 an·

299 2200 373 2279 gelis
400 2198 511 2259 reddat.
556 2198 739 2259 Hierusalem
767 2217 900 2279 quoqne,
928 2216 986 2259 uon
1018 2199 1095 2259 illam
1119 2219 1193 2278 quae
1217 2204 1308 2262 servit

300 2307 368 2349 cum
392 2288 459 2348 filiis
483 2289 559 2369 suis,
583 2287 634 2346 sed
658 2286 780 2348 liberam
803 2295 927 2347 matrem
950 2296 1080 2348 nostram
1103 2288 1307 2367 intellegamus
1326 2304 1359 2351 ao

300 2376 464 2437 secuudum
483 2375 647 2453 apostolum
666 2385 816 2435 aeternam
839 2378 869 2435 iu
894 2376 990 2435 caelis.
1036 2375 1079 2436 lbi
1101 2384 1169 2455 post
1192 2376 1306 2437 labores

300 2482 509 2526 aerumnarum
542 2481 740 2542 curarumque
772 2463 940 2525 mortalium
973 2462 1203 2545 corisolabimur‚
1219 2473 1305 2535 ‘tam-

300 2571 389 2633 quam
412 2552 526 2631 parvuli
554 2554 618 2612 eius
645 2555 675 2612 in
705 2555 816 2612 umeris
839 2552 1022 2630 genibusque
1045 2554 1161 2631 portati.
1206 2552 1306 2613 Rudes

300 2644 392 2705 euim.
410 2658 464 2701 nos
492 2649 523 2699 et
551 2658 641 2699 novos
670 2640 867 2701 blandissimis
895 2640 1048 2700 adiutoriis
1076 2639 1192 2701 insolita
1220 2640 1306 2701 nobis

301 2729 451 2789 beatitudo
478 2728 526 2788 illa
556 2730 706 2807 suscipiere
751 2727 794 2787 lbi
824 2728 998 2808 videbimus
1031 2738 1060 2788 et
1088 2727 1227 2807 gaudebit
1255 2748 1306 2789 cor
1325 2743 1359 2791 25

301 2828 446 2878 nostrum.
492 2816 553 2877 Nec
582 2819 728 2895 expressit
758 2816 829 2894 quid
861 2815 1035 2897 videbimus3
1066 2816 1116 2877 sed
1149 2816 1218 2895 quid
1249 2820 1306 2877 uisi

300 2902 416 2966 Deum?
449 2914 482 2965 ut
514 2905 670 2984 impleatur
701 2908 731 2965 in
764 2904 850 2964 nobis
883 2906 1060 2983 promissum
1093 2906 1306 2982 evangelicum:

300 2996 390 3055 Beati
415 2993 643 3065 mundicordes,
681 2994 824 3066 quoniam
860 2994 919 3067 ipsi
950 2990 1046 3051 Deum
1083 2993 1238 3066 videbunt,
1275 2998 1306 3051 et

301 3083 399 3143 omnia
422 3081 479 3161 illa,
502 3098 577 3157 quae
601 3097 680 3139 nuuc
704 3098 763 3138 uon
788 3078 928 3158 videmus,
952 3080 1107 3140 credentes
1130 3091 1228 3140 autem
1252 3100 1306 3159 pro

301 3169 420 3231 modulo
439 3170 608 3247 capacitatis
626 3167 770 3228 laumanao
788 3166 874 3245 longe
898 3169 995 3226 minus
1014 3186 1101 3245 quam
1125 3177 1195 3227 sunt
1218 3177 1305 3246 atque
1325 3184 1358 3232 30

301 3256 569 3336 incomparabiliter
592 3259 763 3334 cogitamus,
809 3256 849 3316 Et
871 3256 1020 3328 uidebitis,
1045 3257 1155 3334 iuquit,
1178 3263 1208 3316 et
1228 3274 1305 3331 pau-

302 3348 384 3407 debit
404 3363 460 3407 cor
482 3354 620 3405 uestrum.
666 3343 720 3403 llic
743 3342 873 3421 creditis,
896 3342 936 3401 ibi
959 3341 1102 3403 videbitis.

391 3433 447 3493 Sed
482 3434 619 3511 quoniam
648 3431 733 3491 dixit:
765 3432 805 3489 Et
829 3432 977 3506 pandebit
1008 3448 1062 3491 cor
1089 3439 1235 3508 uestrum,
1268 3451 1305 3493 ue

368 3555 395 3624 8)
414 3552 488 3607 usai.
508 3557 551 3620 66,
567 3558 599 3605 12
610 3568 670 3620 sqq,
722 3554 766 3620 21)
785 3550 846 3604 Gal.
866 3557 891 3618 4,
907 3557 948 3605 26.
1000 3554 1045 3620 28)
1063 3550 1112 3603 Mt.
1134 3555 1158 3618 5,
1174 3556 1197 3604 8.

298 3647 513 3656 ———-

370 3700 401 3749 17
417 3694 488 3749 dicit
496 3703 535 3748 uu
547 3696 557 3762 ll
571 3698 605 3745 28
618 3693 814 3746 mundicordes
824 3690 886 3762 c¹p¹
899 3692 1023 3761 (iteratque
1034 3708 1087 3746 ntes
1099 3692 1195 3760 optimi
1203 3692 1311 3761 Zycbac

296 3766 460 3831 ibinilaram
470 3766 504 3832 cs.
514 3765 559 3818 lib.
567 3768 605 3818 22
614 3781 635 3818 c.
643 3768 707 3830 29);
716 3763 821 3817 mundo
832 3762 928 3816 cordes
939 3762 1048 3830 RAu13
1057 3760 1155 3816 mundi
1166 3762 1257 3817 cordis
1266 3764 1309 3834 9¹3

297 3836 395 3892 mundi
414 3835 496 3889 corde
518 3833 636 3902 d¹u²e²;
655 3835 760 3887 mundo
779 3834 862 3888 corde
883 3834 1010 3902 G¹abpa
