3284 4459
538 523 1048 566 unc1v1ununnmu.x1v.c.aa2s.
1255 508 1299 573 53

288 667 320 721 et
339 659 475 740 babetur,
499 662 606 721 ceteris
625 657 763 720 omnibus
780 656 870 719 rebus
893 655 1087 737 excellentius
1107 675 1230 718 necesse
1252 664 1300 718 cst

289 757 426 829 ametur,
458 750 598 827 quoniam
628 756 752 827 propter
782 745 858 808 hanc
890 745 1046 807 amandum
1079 752 1125 806 est
1156 745 1299 825 quidquid

289 836 368 898 aliud
399 844 522 897 amatur.
566 836 662 897 Porro
688 838 714 896 si
740 843 855 896 tantum
885 842 1015 915 amatur,
1042 842 1185 913 quantum
1208 836 1301 895 amavi

290 926 378 1004 digna
410 932 457 986 est
486 920 561 1003 (non
592 927 670 985 enim
698 924 802 985 beatus
832 932 892 1006 est,
913 930 938 984 'a
965 940 1026 1002 quo
1047 925 1111 1002 ipsa
1133 921 1218 982 beata
1240 926 1299 984 vita

290 1032 350 1073 non
374 1022 489 1073 amatur
512 1018 547 1074 ut
569 1012 657 1092 digna
680 1006 753 1093 est):
783 1014 848 1073 {ieri
871 1030 930 1072 non
953 1019 1066 1091 potest,
1089 1020 1124 1072 ut
1145 1029 1225 1093 eam,
1248 1013 1335 1090 quio

290 1105 334 1162 sio
363 1109 457 1183 amat,
489 1120 548 1161 non
581 1110 730 1161 aeternam
761 1101 839 1161 velit.
884 1100 969 1161 Tunc
999 1101 1091 1178 igitur
1118 1098 1203 1160 beata
1233 1102 1300 1181 erit,

292 1189 408 1269 quaudo
431 1198 551 1250 aeterna
573 1191 638 1251 erit.

669 1376 787 1444 Carus
810 1377 928 1443 XXVI.

299 1508 386 1582 Quod
411 1505 547 1583 [elicitos
575 1510 608 1569 in
634 1509 785 1583 paradiso
813 1510 975 1568 vicentium
1001 1510 1067 1568 sinc
1093 1485 1300 1569 erubescendo

361 1599 497 1673 oppetita
518 1597 692 1671 oeneroodi
712 1594 849 1670 officium
869 1597 1027 1657 credendo
1047 1598 1089 1656 sit
1111 1598 1236 1673 implere
1320 1609 1354 1657 to

720 1687 863 1759 potuisse.

380 1804 502 1867 Vivebat
520 1808 619 1885 itaque
638 1804 727 1866 bomo
745 1808 776 1866 in
794 1805 931 1886 paradiso
954 1808 1032 1867 sicut
1054 1806 1178 1888 volebat,
1200 1826 1300 1886 quam·

292 1897 343 1957 diu
372 1895 430 1955 boc
457 1894 572 1955 volebat
601 1894 680 1973 quod
703 1893 783 1955 Deus
804 1896 946 1975 iusserat3
968 1895 1083 1955 vivebat
1105 1896 1208 1956 fruens
1230 1894 1301 1978 Deo,

291 2002 328 2045 cx
359 2001 419 2063 quo
449 1982 526 2043 bono
550 1991 614 2044 erat
635 1981 745 2063 bonus3
774 1980 889 2043 vivebat
918 1982 981 2043 sine
1004 1983 1063 2044 ulia
1084 1992 1229 2065 egestate,
1260 1986 1301 2045 ita

293 2089 412 2151 semper
430 2074 528 2131 vivere
547 2070 660 2131 babens
682 2073 713 2131 in
736 2077 891 2150 potestate.
937 2070 1028 2131 Cibus
1050 2072 1152 2134 aderat
1173 2090 1211 2132 ne
1235 2090 1300 2134 esu·
1322 2085 1354 2134 ro

291 2163 375 2241 ciret,
397 2167 487 2239 potus
511 2178 548 2220 ne
572 2160 679 2241 sitiret,
701 2159 813 2238 iignum
836 2161 912 2219 vitae
934 2177 973 2219 nc
995 2159 1078 2221 iilum
1101 2170 1221 2221 senecta
1243 2160 1300 2221 dis-

293 2249 431 2309 solveret.
475 2246 555 2308 Nihil
586 2248 786 2327 comptionis
816 2249 847 2307 in
878 2265 1003 2327 corpore
1032 2247 1078 2309 vei
1108 2267 1145 2309 ex
1174 2266 1301 2328 corpore

291 2337 366 2398 ullas
395 2335 544 2397 molestias
572 2335 639 2397 uitis
667 2338 733 2397 eius
760 2334 897 2396 sensibus
924 2336 1085 2415 ingerebat.
1129 2336 1234 2397 Nullus
1256 2340 1300 2397 in·

293 2428 442 2486 trinsecus
478 2422 617 2505 morbus,
648 2424 748 2485 nullus
778 2426 858 2486 ictus
888 2423 1077 2486 metuebatur
1108 2428 1301 2487 extrinsecus.

294 2513 415 2573 Summa
434 2514 465 2573 in
484 2530 573 2573 carue
592 2514 710 2593 sanitas,
732 2515 764 2572 in
783 2514 881 2573 animo
899 2520 961 2573 tota
980 2512 1184 2592 tranquillitas.
1217 2512 1302 2574 Sicut
1321 2527 1355 2575 20

292 2605 323 2662 in
344 2600 479 2681 paradiso
499 2600 598 2662 nullus
617 2609 716 2662 aestus
735 2601 907 2679 amingus,
930 2602 973 2661 sic
996 2603 1027 2661 in
1050 2604 1115 2661 eius
1137 2600 1302 2663 habitatore

292 2689 373 2751 nulla
402 2707 438 2750 ex
467 2688 627 2768 cupiditate
655 2689 701 2750 vel
724 2691 830 2749 timore
854 2685 1012 2750 accidebat
1027 2690 1120 2750 bonae
1144 2690 1302 2751 voluntatis

294 2778 427 2839 offensio.
474 2777 553 2837 Nihil
582 2780 701 2838 omnino
724 2778 823 2858 triste,
853 2776 926 2836 nihii
949 2785 1013 2838 erat
1034 2780 1164 2839 inaniter
1184 2779 1302 2840 laetum.

294 2865 441 2927 Gaudium
465 2882 568 2926 verum
590 2864 823 2945 perpetuabatur
845 2884 881 2924 ex
904 2863 975 2945 Deo,
996 2868 1027 2926 in
1051 2884 1140 2945 quem
1161 2866 1303 2946 flagrabat

292 2957 410 3017 coritas
440 2956 478 3015 de
505 2957 599 3015 corde
621 2970 703 3032 pero
731 2960 762 3014 et
786 2956 973 3015 conscientia
1001 2956 1081 3015 bono
1107 2963 1139 3016 et
1156 2958 1220 3029 fide
1242 2973 1302 3017 noo
1321 2969 1354 3018 aa

289 3048 374 3117 ficto,
399 3052 488 3121 atque
506 3044 585 3103 inter
607 3060 640 3103 se
663 3044 823 3120 coniugum
846 3040 903 3101 fida
926 3060 962 3102 ex
984 3040 1110 3103 honesto
1132 3061 1232 3105 amore
1256 3062 1301 3105 so·

293 3134 394 3212 cietas,
417 3148 543 3191 concors
567 3132 675 3191 mentis
699 3131 893 3209 corporisque
915 3130 1012 3209 vigilia
1034 3138 1065 3191 et
1086 3132 1215 3193 mandati
1237 3134 1302 3193 siue

295 3217 396 3280 labore
429 3218 572 3281 custodia.
626 3218 692 3278 Non
723 3217 867 3279 lassitudo
898 3218 1037 3298 iatigabat
1068 3222 1211 3302 otiosum,
1242 3238 1302 3281 non

294 3324 417 3370 somnus
447 3306 600 3387 premebat
629 3308 761 3367 invitum.
807 3306 842 3366 iu
870 3314 950 3367 tanta
977 3305 1116 3370 iaciiitate
1144 3326 1246 3369 rernm
1272 3316 1303 3369 et

295 3396 436 3456 felicitate
455 3394 609 3457 bominum
631 3394 709 3456 absit
729 3404 764 3455 nt
786 3396 974 3474 suspicemur
996 3413 1057 3457 non
1078 3399 1211 3475 potuisse
1233 3414 1301 3475 pro·
1320 3410 1355 3458 30

363 3530 409 3601 sc)
428 3536 452 3585 1.
471 3528 542 3585 mm.
562 3538 586 3599 1,
604 3535 629 3585 s.
669 3551 673 3562 ·

366 3722 399 3773 1⁸
416 3716 502 3799 ullas]
520 3714 613 3769 utullus
629 3717 671 3769 Vc
684 3717 693 3784 b
708 3719 741 3769 20
760 3713 858 3769 anima
874 3716 960 3785 oilil
979 3713 1021 3768 sic
1036 3717 1073 3781 Vr
1091 3712 1136 3767 ita
1148 3713 1305 3769 Arsace

294 3790 348 3859 ipo
365 3790 375 3858 11
392 3793 426 3841 m
442 3786 589 3842 acc1debat
608 3784 765 3841 vanuco
785 3784 848 3851 (leb.
863 3789 882 3839 9
899 3802 920 3839 c.
934 3788 952 3837 4
966 3788 1060 3852 οπως
1080 3784 1174 3837 acced
1192 3784 1269 3851 olpo
