3284 4459
583 486 623 526 nn
636 485 779 526 emnem
793 486 848 525 nm
861 486 886 525 n.
901 486 951 527 xm
965 485 988 527 c.
1002 488 1035 527 14.
1248 472 1314 537 439

309 621 420 681 iudicio
443 620 576 680 diahoins
606 629 636 681 et
659 638 727 680 enm
750 638 805 681 suo
828 622 962 699 principe
986 622 1087 681 civitas
1110 624 1227 681 inimica
1249 640 1315 700 pas-

309 727 379 770 sura
408 717 462 769 est.
508 708 583 768 Dicit
612 710 703 771 enim:
735 710 776 770 Et
802 710 953 783 diadolus,
986 713 1039 785 qui
1066 712 1230 771 seducebat
1257 727 1315 784 eos,

307 800 416 858 messus
444 800 543 858 estin
568 804 708 873 stupeum
735 800 814 873 ienis
842 804 872 858 et
892 800 1059 875 sulphuris,
1087 816 1144 873 quo
1166 805 1198 859 et
1219 800 1315 860 bestia

309 894 340 947 et
353 887 635 962 pseudoprophetu;
657 893 687 946 et
704 887 929 947 cruciabuntur
954 890 1003 948 die
1026 892 1056 947 et
1084 893 1172 947 noete
1194 890 1226 947 in
1248 905 1314 947 see·
1393 940 1395 944 .

308 978 381 1036 eulu
409 977 608 1036 saeculorum.
654 973 782 1034 Bestiam
810 973 885 1034 it'ene
913 974 1044 1052 intellegi
1073 976 1166 1053 ipsam
1196 976 1350 1053 impinmt

309 1064 458 1122 civitatem
487 1080 576 1140 supra
604 1062 740 1122 diximus.
785 1062 1046 1142 Pseudoprophete
1073 1080 1143 1122 vero
1173 1064 1237 1123 eius
1265 1072 1316 1124 aut

309 1150 509 1211 Antichristus
532 1159 578 1210 est
601 1158 651 1211 ent
674 1152 768 1228 imago
791 1149 848 1229 illa,
871 1151 900 1210 id
924 1160 970 1211 est
992 1152 1173 1230 figmentum,
1196 1150 1232 1210 de
1256 1170 1315 1231 quo

309 1237 352 1298 ihi
375 1237 466 1299 ioenti
485 1256 596 1298 sumus.
641 1238 712 1299 Post
735 1238 807 1298 haee
830 1242 926 1317 ipsum
951 1241 1142 1299 novissimum
1164 1239 1315 1319 iudicium,

309 1327 389 1405 quod
412 1328 470 1387 erit
491 1329 521 1386 in
545 1327 674 1387 secunda
693 1330 911 1388 resurrectione
936 1337 1129 1408 mortuorum,
1153 1345 1227 1406 qnae
1251 1345 1315 1387 eor·

308 1432 415 1494 porum
445 1424 506 1495 est,
536 1416 756 1493 recapitulando
786 1434 909 1476 narrans
937 1434 996 1494 qno
1025 1416 1111 1476 modo
1139 1414 1195 1475 sibi
1225 1416 1367 1476 inerit10

309 1502 484 1565 revelatum:
507 1504 548 1564 Et
565 1507 635 1576 vidi,
657 1506 762 1583 inquit,
785 1507 926 1566 tironum
943 1521 1086 1582 maenum
1104 1512 1135 1566 et
1151 1506 1315 1565 candidum

309 1599 341 1653 et
365 1594 517 1655 sedentem
541 1610 635 1670 super
662 1610 742 1668 eum,
769 1596 857 1653 euius
885 1611 905 1654 a
929 1592 1014 1669 faeie
1037 1592 1121 1669 sepit
1147 1596 1264 1653 caetum
1287 1599 1317 1654 et

309 1688 410 1755 terra,
437 1688 467 1741 et
489 1684 572 1741 meus
600 1698 703 1742 eorum
727 1684 864 1742 iuventus
886 1700 946 1743 iton
969 1690 1020 1743 est.
1067 1681 1133 1742 Non
1156 1682 1209 1742 ait:
1231 1679 1316 1762 „Vidi

310 1768 451 1830 thronum
478 1787 616 1847 magnum
643 1777 673 1829 et
701 1768 857 1829 candidum
885 1780 916 1830 et
942 1769 1095 1831 sedentem
1125 1788 1315 1848 supereum,

309 1865 341 1917 et
360 1855 395 1916 ab
414 1859 479 1917 eius
497 1858 571 1917 faeie
590 1858 666 1936 sugit
684 1856 797 1919 eaelum
816 1865 846 1917 et
870 1853 974 1936 terra“,
999 1860 1136 1937 quoniam
1160 1876 1219 1918 non
1243 1866 1314 1917 tune
1336 1868 1369 1917 15

310 1946 494 2025 factumest,
516 1945 619 2026 idest,
642 1953 797 2024 antequem
818 1955 897 2007 esset
915 1946 951 2007 de
975 1948 1047 2006 vivis
1071 1954 1100 2006 et
1124 1948 1247 2007 mortuis
1271 1948 1314 2006 iu-

291 2034 455 2113 ,dieatum3
483 2033 535 2093 sed
558 2052 627 2094 eum
650 2052 682 2093 se
705 2034 812 2093 vidisse
837 2034 909 2095 dixit
931 2036 962 2093 in
985 2034 1092 2094 throno
1115 2034 1276 2115 sedentem,
1300 2052 1316 2093 a

311 2125 397 2183 cuins
427 2122 500 2181 faeie
529 2124 604 2201 fugit
632 2122 744 2182 caelum
772 2132 804 2182 et
831 2131 926 2203 terra,
960 2123 1012 2183 sed
1035 2131 1145 2202 postea.
1191 2121 1315 2181 Peracto

311 2213 420 2289 qnippe
449 2210 574 2290 indicio,
604 2218 676 2271 tune
708 2228 773 2271 esse
800 2210 916 2271 desinet
943 2211 999 2271 hoe
1031 2209 1144 2271 eaelum
1179 2219 1209 2270 et
1243 2210 1315 2270 haee

311 2308 399 2377 terra,
423 2297 540 2376 qnando
567 2301 689 2378 incipiet
716 2316 781 2359 esse
810 2298 922 2359 caelum
946 2316 1055 2359 novum
1078 2306 1108 2359 et
1130 2306 1210 2358 terra
1232 2315 1314 2357 nova.
1334 2310 1368 2358 20

310 2386 471 2447 Mutatione
496 2404 622 2465 namque
646 2405 756 2468 rernm,
779 2405 839 2447 non
862 2390 942 2447 omni
965 2387 1051 2448 modo
1075 2388 1197 2447 interitu
1221 2394 1315 2446 trans·

310 2475 365 2535 ibit
397 2474 444 2535 hic
477 2475 613 2536 mundus.
668 2474 751 2537 Unde
789 2483 819 2536 et
855 2475 1003 2555 apostolus
1040 2474 1124 2535 dicit:
1162 2475 1318 2535 Praeterit

310 2566 390 2624 enim
405 2567 511 2640 tipum
529 2566 620 2625 tutus
637 2567 749 2639 mundi,
772 2567 837 2625 voto
859 2581 910 2624 vos
933 2567 997 2626 stite
1019 2565 1221 2624 sollieitudine
1243 2579 1315 2623 esse.

310 2651 419 2730 Figura
437 2670 508 2730 ergo
526 2654 677 2731 praeterit,
700 2670 760 2712 non
779 2660 892 2713 nature.
938 2651 1012 2713 Cum
1030 2669 1101 2729 ergo
1120 2669 1152 2711 se
1171 2649 1315 2711 lohannes

311 2741 420 2801 vidisse
449 2740 572 2801 dixisset
598 2740 750 2801 sedentem
778 2758 868 2818 super
898 2740 1055 2823 threnum,
1085 2741 1170 2800 euius
1194 2756 1210 2799 a
1233 2740 1316 2819 secie,
1335 2750 1369 2799 25

310 2829 390 2908 qnod
413 2837 515 2908 postea
538 2829 672 2889 intusum
695 2838 755 2908 est,
781 2830 857 2907 ingit
879 2828 992 2889 caelum
1015 2836 1045 2888 et
1069 2838 1161 2889 terre:
1184 2828 1224 2888 Et
1245 2830 1315 2906 vidi,

310 2919 422 2997 inquit,
443 2924 577 2979 mortuos
599 2935 724 2992 meeum
747 2925 777 2978 et
795 2920 935 2993 pusillos,
962 2925 992 2979 et
1014 2919 1115 2993 aperti
1135 2923 1206 2977 sunt
1228 2916 1317 2987 titre

309 3012 341 3067 et
367 3008 446 3066 elius
472 3006 550 3066 litter
577 3013 702 3082 apertus
729 3012 786 3079 est,
813 3008 869 3080 qui
895 3012 939 3067 est
960 3008 1040 3066 ettae
1062 3008 1317 3078 uniuscuiusque

311 3100 342 3155 et
367 3096 498 3155 iudicati
522 3100 593 3154 sunt
619 3096 731 3155 mortui
756 3110 796 3154 ece
823 3096 897 3170 ipsis
918 3095 1079 3168 seripturis
1102 3094 1248 3153 librorum
1270 3109 1315 3152 se-

310 3183 443 3243 eundum
463 3179 552 3257 saeta
574 3199 640 3242 suu.
685 3179 790 3241 Libros
815 3181 890 3241 dixit
911 3198 977 3241 esse
1000 3188 1118 3259 apertos
1141 3188 1171 3240 et
1193 3179 1315 3259 librnm3
1334 3192 1376 3241 ee

382 3306 426 3375 13)
444 3304 530 3373 Apoe.
546 3308 588 3370 20,
605 3308 638 3356 10
648 3321 687 3371 sq.
726 3305 771 3369 23)
791 3310 814 3355 1.
831 3300 890 3355 Cor.
907 3307 930 3369 7,
942 3307 974 3354 31
984 3318 1024 3371 eq.
1063 3306 1107 3371 30)
1124 3302 1210 3370 Apoc.
1226 3305 1321 3367 20,12.

381 3441 397 3489 tt
420 3435 541 3505 sulpuris
564 3437 611 3491 Re
632 3438 642 3505 ΙΙ
664 3437 693 3490 et
715 3432 784 3487 best.
804 3435 865 3490 ΒΑ
887 3434 945 3488 rell.
966 3436 1047 3501 (424,
1064 3436 1099 3501 2;
1121 3436 1188 3499 442,
1206 3436 1270 3502 22);
1294 3434 1323 3487 ei

307 3523 360 3561 om.
379 3524 396 3561 v
417 3509 426 3576 ΙΙ
448 3513 465 3560 4
488 3506 603 3576 -phetee
622 3507 651 3560 ei
668 3507 770 3574 Au(t);
793 3504 908 3574 phetes
932 3504 1048 3575 (phete)
1067 3506 1116 3560 Rp
1141 3505 1246 3570 (omisso
1270 3506 1322 3572 οι),

307 3580 343 3645 cf.
358 3580 421 3643 424,
435 3581 452 3631 3
465 3578 475 3647 fl
488 3581 518 3632 et
534 3579 617 3631 noete
631 3576 712 3632 BG*
728 3579 803 3643 (424,
817 3579 860 3643 3);
880 3590 913 3629 ue
925 3592 953 3629 n.
969 3576 1018 3629 Au
1032 3578 1109 3644 (528,
1121 3579 1169 3634 19)
1184 3576 1192 3644 ii
1207 3579 1222 3629 6
1238 3590 1323 3645 supra

308 3648 367 3701 iem
388 3647 509 3702 diximus
526 3648 688 3719 viPseudo
706 3662 770 3701 vero
788 3646 927 3716 propheta
946 3649 984 3716 uli
998 3651 1030 3700 21
1049 3645 1262 3701 interiturarum
1279 3648 1323 3716 π(

307 3724 344 3858 ἒξ
373 3721 402 3771 et
422 3734 474 3773 om.
498 3719 550 3788 Ap
571 3720 580 3788 ii
603 3717 674 3773 dicit
695 3717 880 3787 RGnabppn
910 3716 951 3771 eii
973 3717 1040 3772 Aee
1061 3718 1071 3788 ΙΙ
1093 3723 1126 3771 et
1151 3732 1167 3770 a
1191 3717 1269 3771 euius
1292 3734 1322 3784 v,
