3284 4459
342 522 408 585 452
743 533 764 576 e
778 533 944 575 nunusrnu

341 680 401 732 tam
431 688 591 749 numquam
621 668 736 748 habuit,
768 669 916 747 acceperit
943 676 1128 747 potestatem.
1175 668 1239 728 Non
1269 670 1348 728 enirn

342 760 458 838 quando
491 759 527 819 de
560 757 641 818 eaelo
668 760 745 837 ignis
772 756 880 818 cecidit
910 766 940 817 et
971 766 1081 817 tantam
1110 757 1247 817 lamiliam
1279 776 1348 816 curn

342 851 431 908 tantis
449 845 590 926 gregibus
607 863 748 925 pecorum
772 848 868 904 sancti
891 844 942 904 lob
965 863 1024 905 uno
1047 847 1160 924 impetu
1184 844 1349 923 absumpsit

342 944 372 996 et
401 934 489 996 turbo
516 938 639 995 inruens
668 942 698 994 et
725 933 845 994 domum
874 934 1004 993 deiciens
1031 932 1107 993 lilios
1135 936 1200 995 eins
1230 933 1348 1006 occidit,

307 1024 543 1104 ephantasurata
571 1023 706 1102 luerunt3
735 1039 809 1100 quae
841 1030 939 1082 tamen
962 1021 1084 1082 luerunt
1107 1040 1197 1101 opera
1221 1029 1349 1099 satanae,

342 1115 391 1173 cui
414 1112 492 1172 lleus
516 1112 637 1173 dederat
664 1110 739 1171 hanc
765 1117 952 1189 potestatem.
997 1109 1123 1189 Propter
1147 1110 1216 1189 qnid
1241 1110 1348 1169 horurn

342 1219 413 1280 ergo
445 1201 521 1262 dicta
555 1203 614 1260 sint
636 1198 767 1277 prodigia
796 1206 828 1258 et
856 1200 938 1275 signa
961 1198 1120 1276 mendacii,
1153 1207 1225 1259 tunc
1247 1201 1348 1277 potius

342 1288 501 1369 apparebit.
548 1288 605 1349 Sed
628 1295 751 1366 propter
774 1285 926 1364 quodlibet
954 1286 1060 1346 luorum
1084 1286 1195 1347 dictum
1220 1289 1271 1367 sit,
1302 1305 1347 1346 se-

342 1378 490 1439 ducentur
513 1379 555 1437 eis
579 1378 670 1455 signis
693 1383 782 1454 atque
805 1374 960 1455 prodigiis,
990 1377 1041 1452 qrri
1065 1375 1167 1435 seduci
1191 1374 1347 1435 merebun-

290 1478 323 1525 ιο
342 1477 406 1546 tur,
435 1484 494 1543 pro
517 1483 551 1526 eo
581 1466 664 1540 quod
689 1465 891 1537 dilectionem,
920 1464 1029 1541 inquit,
1057 1466 1195 1524 veritatis
1217 1481 1277 1524 non
1300 1482 1347 1525 re-

341 1561 495 1632 ceperunt,
518 1560 552 1613 ut
569 1555 647 1613 salvi
660 1555 779 1624 fierent.
826 1550 887 1610 Nec
908 1550 1051 1611 dubitarit
1069 1551 1219 1630 apostolus
1239 1552 1348 1612 addere

342 1642 511 1703 aedicere:
539 1643 612 1702 Ideo
639 1643 734 1700 mittet
761 1642 819 1701 iilis
843 1641 924 1699 Beue
947 1643 1152 1714 operationem
1175 1644 1292 1701 erroris
1315 1649 1350 1700 ut

341 1734 471 1791 credant
488 1732 655 1790 mendacio.
688 1728 766 1787 lleus
780 1731 859 1788 eninr
879 1730 986 1807 mittet,
1010 1730 1078 1806 quia
1096 1728 1176 1787 lleus
1199 1728 1347 1789 diabolum

341 1820 439 1878 lacere
457 1820 513 1878 iste
528 1819 687 1897 permittet,
711 1818 789 1877 iusto
808 1820 872 1895 ipse
895 1815 1013 1897 iudicio,
1037 1819 1169 1895 quamvis
1194 1818 1282 1876 laciat
1298 1817 1348 1877 ille

289 1920 322 1966 15
341 1909 443 1984 iniquo
461 1906 647 1984 malignoque
666 1904 798 1965 oonsilio.
849 1906 886 1965 Ut
903 1906 1086 1985 iudicentur,
1110 1908 1215 1984 inquit,
1238 1923 1348 1978 omnes,

341 1998 395 2069 qui
416 2012 475 2055 non
493 1996 692 2056 crediderunt
714 1996 845 2066 veritati,
868 1995 924 2053 sed
945 2002 1163 2053 consenserunt
1185 1996 1347 2068 iniquitati.

341 2083 469 2142 Proinde
487 2083 608 2142 iudicati
627 2080 808 2141 seducentur
833 2089 862 2141 et
886 2080 1000 2141 seducti
1024 2081 1242 2153 iudicabuntur.
1289 2081 1347 2141 Sed

340 2170 462 2231 iudicati
492 2170 673 2231 seducentur
701 2169 758 2229 illis
787 2170 903 2229 iudiciis
927 2168 979 2228 liei
1003 2168 1118 2229 occulte
1142 2171 1241 2247 iustis,
1269 2172 1348 2229 iuste

341 2260 474 2340 occultis,
498 2257 605 2338 quibus
624 2257 660 2316 ab
679 2259 764 2317 initio
783 2260 897 2336 peccati
916 2258 1066 2318 rationalis
1085 2264 1238 2317 creaturae
1263 2276 1347 2319 nurn-

288 2361 321 2408 20
341 2367 428 2427 quam
447 2348 577 2409 iudicare
596 2347 733 2424 cessarit3
758 2346 872 2405 seducti
896 2352 993 2405 autern
1017 2345 1227 2406 iudicabuntur
1251 2350 1347 2406 novis·

341 2440 414 2497 simo
438 2437 651 2513 manifestoque
675 2433 784 2494 iudicio
807 2452 862 2513 per
881 2433 1031 2494 Christum
1055 2433 1161 2515 lesuin,
1185 2437 1348 2495 iustissime

340 2525 549 2604 iudicaturum,
571 2525 763 2584 iniustissime
787 2523 956 2581 iudicatum.

739 2693 855 2758 Oneon
874 2693 942 2757 XX.

372 2808 453 2879 Quid
475 2808 552 2865 idem
576 2808 727 2880 apostolus
750 2807 903 2879 inprime
927 2806 970 2864 nd
991 2806 1108 2864 eosdem
1132 2808 1259 2881 epistula
1284 2810 1323 2867 de

288 2906 321 2953 25
541 2896 766 2953 resurrectione
787 2899 974 2952 mortuorum
997 2894 1143 2953 docuerit.

431 3015 488 3076 Sed
521 3015 569 3074 lric
602 3014 752 3093 apostolus
782 3016 875 3074 tacuit
901 3014 937 3074 de
966 3018 1185 3076 resurrectione
1217 3028 1348 3077 mortuo-

341 3123 421 3185 runt;
444 3104 479 3165 ad
503 3103 622 3163 eosdem
645 3113 744 3162 utitem
766 3102 900 3162 scribens
924 3105 953 3163 in
977 3103 1101 3181 epistula
1124 3107 1231 3182 prima:
1256 3108 1314 3167 Nol
1336 3140 1347 3149 -

341 3211 419 3272 mus,
446 3195 556 3272 inquit,
585 3195 731 3265 incerere
753 3208 816 3264 vos,
842 3190 972 3266 fratres,
1001 3194 1039 3252 de
1062 3194 1290 3268 dormientibus,
1314 3203 1349 3255 ut

341 3300 401 3343 non
424 3282 653 3354 contristemini,
681 3282 762 3339 sieut
784 3286 812 3339 et
835 3283 943 3354 ceteri,
967 3282 1020 3354 qui
1041 3298 1122 3355 spem
1144 3299 1204 3341 non
1227 3284 1347 3343 nudent.

289 3383 322 3430 30
343 3371 419 3430 Nam
441 3372 469 3430 si
490 3370 651 3441 credimus,
674 3368 756 3441 quod
778 3367 863 3427 Iesus
886 3375 1020 3428 mortuus
1043 3376 1087 3428 est
1109 3376 1138 3429 et
1160 3374 1348 3431 resurrexit:

342 3463 385 3519 itu
403 3465 433 3519 et
451 3457 533 3518 Deus
551 3473 608 3526 eos,
632 3458 686 3530 qui
702 3456 891 3515 dormierunt
910 3474 968 3532 per
988 3457 1099 3529 Iesum,
1123 3458 1256 3518 adducet
1279 3476 1348 3519 oum

342 3550 401 3607 illo,
446 3546 512 3605 Hoc
531 3548 608 3604 enim
630 3545 711 3603 codis
730 3544 858 3602 dicimus
882 3547 913 3603 in
936 3545 1026 3604 cerdo
1045 3544 1174 3618 Domini,
1197 3549 1270 3621 quic
1293 3564 1347 3607 nos

342 3636 485 3711 viventes,
516 3635 570 3706 qui
595 3633 706 3704 reliqui
737 3647 840 3690 sumus
868 3634 898 3690 in
931 3635 1089 3692 aduentum
1121 3634 1256 3714 Domini,
1287 3652 1346 3695 non

410 3782 442 3864 1¹2
458 3777 487 3828 et
501 3776 592 3829 dicere
606 3794 622 3830 o
635 3780 644 3844 ΙΙ
659 3782 692 3829 25
707 3779 785 3830 mort.
802 3779 862 3831 doc.
873 3781 983 3848 pqu;
1003 3781 1062 3835 doc.
1077 3785 1158 3836 mori.
1172 3786 1207 3853 sp
1221 3784 1324 3851 Hoffm.
1340 3786 1349 3852 ΙΙ

339 3871 371 3917 31
392 3879 454 3915 cum
473 3878 505 3916 eo
525 3861 610 3917 noE⁰
