3284 4459
547 541 586 581 nu
601 539 745 581 urridens
758 540 812 580 mm
826 539 852 580 m
865 541 951 582 xum.
965 539 990 582 c.
1001 541 1036 581 u.
1226 523 1291 589 317

677 717 795 788 (incur
818 721 902 788 XLI.

287 853 330 912 lie
354 854 632 928 pbilosopbieomm
659 853 834 928 opinionum
856 852 1093 912 dissensionibus
1115 857 1146 911 et
1167 854 1292 912 cononi·

364 957 473 1000 eorum
496 941 581 1016 opud
601 942 760 1000 ecclesiam
783 940 952 1000 concordiis
973 942 1208 1016 scripturorum.

374 1061 413 1123 Ut
436 1072 534 1123 autem
556 1063 615 1122 iam
638 1065 834 1141 cognitionem
859 1063 1029 1122 omittamus
1051 1061 1206 1143 historiae,
1235 1063 1294 1142 ipsi

287 1150 464 1232 philosophi,
488 1148 630 1229 aquibus
649 1150 685 1211 ad
707 1153 763 1211 ista
785 1152 936 1229 progressi
960 1168 1072 1230 sumus,
1095 1153 1147 1230 qui
1169 1169 1229 1210 non
1251 1152 1327 1211 via

286 1239 396 1301 dentur
424 1238 571 1298 laborasse
599 1240 630 1298 in
659 1238 765 1299 studiis
793 1241 871 1317 suis,
900 1238 958 1298 nisi
985 1246 1018 1299 ut
1044 1239 1212 1298 invenirent
1234 1255 1293 1317 quo

286 1328 374 1388 modu
402 1328 560 1388 vivendum
587 1334 666 1388 esset
692 1325 913 1386 adcommodato
940 1325 975 1387 ad
1004 1324 1215 1388 beatitudinem
1246 1344 1292 1387 ca·

286 1414 478 1496 pessendam,
505 1431 559 1474 cur
587 1412 793 1475 dissenserunt
821 1422 852 1475 et
874 1431 890 1474 a
913 1415 1061 1493 magistris
1089 1414 1241 1494 discipuli,
1263 1423 1294 1476 et

277 1506 366 1564 inter
384 1521 416 1563 se
436 1501 638 1581 condiscipuli,
662 1503 719 1562 nisi
737 1504 806 1581 quia
829 1511 863 1562 ut
884 1501 1019 1562 homines
1042 1502 1178 1563 humanis
1201 1504 1292 1564 sensi·

287 1591 344 1651 bus
371 1598 403 1651 et
429 1590 565 1650 humanis
592 1588 867 1651 ratiocinationibus
893 1593 949 1651 ista
979 1587 1193 1669 quaesierunt?
1237 1588 1345 1678 Ubito

287 1681 421 1758 quamvis
449 1695 513 1738 esse
544 1679 673 1756 potuerit
695 1686 726 1738 et
747 1679 878 1739 studium
901 1677 1058 1758 gloriandi,
1085 1697 1144 1758 quc
1169 1681 1293 1758 quisque

287 1767 345 1828 alio
369 1768 530 1845 sapientior
551 1773 581 1826 et
599 1768 713 1827 acutior
735 1767 829 1827 rideri
852 1769 934 1846 cupit
957 1784 1012 1828 nec
1035 1769 1198 1827 sententiae
1222 1785 1293 1846 quo·

287 1855 354 1916 dam
379 1854 465 1914 modo
484 1853 619 1914 addictus
639 1853 759 1934 alienae,
782 1854 834 1914 sed
858 1857 906 1916 sui
928 1854 1072 1934 dogmatis
1095 1863 1126 1916 et
1147 1857 1294 1934 opinionis

286 1946 437 2017 inventor,
465 1950 563 2002 tamen
593 1949 627 2002 ut
656 1941 814 2002 nonnullos
844 1941 888 2002 rel
912 1945 1000 2003 etiam
1023 1942 1167 2022 plurimos
1191 1960 1294 2004 eorum

287 2031 380 2092 luisse
404 2029 576 2111 concedam,
604 2048 678 2108 qrros
702 2049 718 2090 a
741 2033 802 2090 suis
830 2029 1002 2091 ductoribus
1025 2029 1070 2091 vel
1092 2030 1226 2091 discendi
1249 2049 1294 2090 so·
1315 2045 1347 2092 rs

287 2122 341 2180 ciis
365 2136 446 2179 amor
479 2120 610 2178 veritatis
633 2116 799 2197 abruperit,
827 2126 861 2179 ut
883 2136 938 2198 pro
961 2136 994 2178 ea
1017 2127 1180 2198 certarent,
1207 2137 1295 2198 quam

287 2210 442 2268 veritatem
469 2214 620 2286 putarent,
649 2208 708 2266 sive
737 2205 785 2266 illa
815 2215 907 2286 esset,
937 2208 996 2265 sive
1021 2224 1081 2267 nnn
1103 2213 1196 2266 esset:
1224 2206 1294 2285 quid

287 2298 348 2375 agit
379 2304 430 2356 aut
460 2312 518 2374 quc
546 2292 591 2353 vel
619 2312 691 2374 qua,
723 2301 756 2354 ut
785 2292 821 2354 ad
854 2292 1066 2354 beatitudinem
1090 2297 1295 2386 «perveniatur,

287 2384 414 2445 humana
435 2401 465 2442 se
484 2383 610 2461 porrigit
628 2381 794 2462 infelicitas,
818 2383 845 2442 si
862 2381 958 2442 diuina
982 2399 1041 2442 non
1064 2381 1146 2442 ducit
1168 2385 1295 2442 auctori·

287 2467 355 2532 tas?
392 2469 524 2548 Denique
547 2479 684 2530 auctores
708 2473 816 2550 nostri,
844 2473 875 2530 in
903 2468 1010 2549 quibus
1034 2487 1092 2529 non
1116 2470 1227 2530 frustra
1250 2488 1294 2530 sa·
1314 2481 1348 2531 tu

237 2601 248 2622 .
288 2577 406 2621 crarum
434 2558 599 2618 litterarum
627 2558 727 2637 ligitur
754 2565 784 2618 et
812 2559 988 2618 terminatur
1021 2575 1132 2639 canon,
1160 2556 1236 2617 absit
1263 2565 1296 2620 ut

287 2649 366 2708 inter
394 2665 425 2706 se
454 2644 550 2724 aliqua
578 2649 692 2706 ratione
720 2646 904 2706 dissentiant.
949 2644 1032 2706 Unde
1061 2663 1120 2706 non
1149 2648 1296 2720 inmerito,

288 2752 356 2795 cum
384 2733 434 2795 illa
462 2734 640 2814 scriberent,
663 2735 707 2794 eis
730 2731 823 2793 licum
847 2730 893 2794 rel
915 2750 969 2812 per
992 2751 1044 2794 eos
1066 2732 1213 2813 locutum,
1236 2751 1296 2795 non

287 2825 375 2902 pauci
398 2823 428 2883 in
457 2821 564 2883 scholis
592 2833 679 2901 atque
708 2824 867 2901 gymnasiis
889 2820 1025 2900 litigiosis
1048 2821 1296 2901 disputationibus

288 2910 414 2991 garruli,
450 2910 503 2974 sed
533 2913 566 2973 in
597 2911 677 2992 agris
708 2918 796 2991 atque
828 2909 953 2972 urbibus
986 2929 1054 2972 cum
1086 2911 1180 2972 doctis
1208 2919 1349 2989 atquem

287 2999 416 3060 indoctis
440 3007 485 3058 tot
507 3000 640 3077 tantique
664 2998 764 3076 populi
788 2995 988 3057 crediderunt.
1034 2996 1094 3076 lpsi
1117 3016 1187 3058 sane
1210 3001 1297 3078 pauci

288 3105 354 3149 esse
379 3086 561 3167 debuerunt,
588 3104 625 3147 ne
649 3084 838 3146 multitudine
862 3083 1030 3166 vilesceret,
1053 3085 1130 3163 quod
1155 3085 1296 3164 religione

289 3193 392 3236 carum
411 3192 476 3234 csse
496 3182 662 3254 oporteret;
683 3191 738 3233 nec
757 3182 856 3234 tamen
874 3174 915 3232 ita
937 3175 1032 3252 pauci,
1056 3180 1089 3233 ut
1111 3192 1215 3234 eorum
1238 3191 1297 3233 non

288 3265 327 3323 sit
350 3261 483 3323 miranda
501 3264 666 3323 consensio.
710 3259 813 3340 Neque
837 3262 915 3320 enlm
939 3262 970 3320 in
993 3259 1180 3321 multitudine
1204 3260 1296 3339 philo·

289 3350 461 3430 sophorum,
486 3351 537 3429 qul
559 3348 659 3410 labore
683 3351 771 3409 etiam
794 3348 938 3409 litterario
962 3358 1152 3408 monumenta
1174 3365 1297 3408 suorum
1316 3359 1350 3408 ³0

288 3438 459 3517 dogmatum
488 3437 689 3519 reliquerunt,
722 3437 805 3497 lacile
837 3439 904 3516 quis
931 3438 1092 3516 invenerit,
1122 3437 1201 3495 inter
1223 3454 1299 3513 quos

290 3534 397 3587 cuncta
417 3544 491 3604 quae
511 3543 632 3587 sensere
651 3527 839 3606 conveniant3
859 3523 937 3604 qnod
957 3523 1113 3584 ostendere
1133 3521 1189 3583 hoc
1207 3542 1298 3602 opere

289 3613 409 3693 longum
433 3621 485 3674 est.
1098 3611 1102 3617 ’

380 3701 453 3773 Quis
481 3711 579 3763 autem
609 3710 706 3762 sectae
734 3697 893 3760 cuiuslibet
920 3707 1024 3758 auctor
1051 3701 1094 3758 sic
1122 3700 1220 3758 estin
1244 3698 1298 3759 hac

290 3789 491 3852 daemonicola
518 3791 635 3851 ciuitate
662 3787 855 3866 adprobatus,
885 3793 918 3846 ut
945 3787 1038 3845 ceteri
1060 3785 1298 3867 inprobarentur,

363 3953 398 4001 24
415 3946 498 4000 scolis
512 3946 701 4012 RnFuaep
715 3947 724 4014 ΙΙ
738 3951 771 3996 25
785 3944 845 3998 urb.
861 3945 1011 4013 RFGpp3
1029 3944 1060 3996 in
1072 3943 1132 3996 urb.
1148 3945 1197 3998 Aa
1212 3944 1299 4000 rollo

1134 4133 1247 4160 Α
