3284 4459
373 476 438 541 578
777 488 977 531 suuunsumn

374 624 422 686 dic
444 626 606 686 constituta
627 632 681 685 est.
727 623 785 684 Sed
813 623 980 685 libellorum
1003 623 1168 684 dandorum
1191 623 1234 685 ibi
1256 643 1386 686 consue-

373 713 445 774 tudo
463 731 523 773 non
542 722 588 773 est
610 712 656 773 vel
677 715 777 792 potius
800 730 860 771 non
879 712 948 792 luit3
971 730 1039 773 nam
1061 712 1187 773 fortasse
1212 731 1293 773 nunc
1317 732 1387 775 esse

373 804 431 861 iam
458 802 565 880 coepit.
610 799 685 861 Cum
712 802 791 861 enim
818 818 915 879 nuper
943 800 1004 861 illic
1026 818 1176 882 essemus,
1203 798 1387 883 Petroniam,

374 889 565 951 clarissimam
583 890 731 969 feminam,
754 907 828 967 quae
848 888 889 949 ibi
907 888 1081 949 mirabiliter
1104 907 1141 949 ex
1164 906 1270 968 magno
1293 900 1386 969 atque

339 977 529 1059 adiuturno,
559 980 592 1039 in
614 996 673 1057 qno
696 978 880 1037 medicorum
904 978 1048 1038 adiutoria
1071 986 1180 1038 cuncta
1202 978 1387 1059 defecerant,

373 1066 515 1146 languere
534 1074 634 1127 sanata
651 1074 708 1148 est,
729 1065 840 1126 hortati
858 1082 970 1146 sumus,
993 1065 1109 1126 volente
1132 1066 1302 1145 supradicto
1327 1066 1386 1127 leci

374 1157 523 1235 episcopo,
545 1163 580 1217 ut
602 1154 733 1215 libellum
756 1153 854 1235 daret,
876 1157 928 1232 qui
949 1156 1129 1215 recitaretur
1150 1156 1182 1214 in
1205 1154 1332 1236 populo,
1355 1164 1386 1215 et

374 1242 633 1305 cboedientissime
662 1244 768 1323 paruit.
814 1241 846 1301 ln
876 1260 935 1321 quo
962 1244 1062 1321 posuit
1089 1244 1192 1322 etiam,
1224 1241 1304 1321 quod
1336 1242 1386 1303 hic

374 1334 501 1393 reticere
523 1350 583 1392 nnn
605 1348 742 1411 possum,
770 1333 903 1409 quamvis
926 1328 962 1390 ad
985 1348 1032 1411 ea,
1055 1348 1130 1410 qnae
1153 1330 1210 1391 hcc
1234 1349 1311 1410 opus
1335 1350 1385 1393 ur-

323 1432 356 1481 10
374 1427 461 1501 gent,
488 1420 629 1480 festinare
656 1417 823 1496 compellar.
868 1417 892 1478 l
920 1418 1046 1498 quodam
1078 1416 1187 1479 ludaen
1215 1418 1290 1479 dixit
1329 1420 1386 1481 sibi

374 1509 466 1569 luisse
488 1524 678 1588 persuasum,
706 1515 739 1567 ut
767 1506 888 1567 anulum
912 1505 1061 1586 capillacio
1084 1506 1202 1568 vinculo
1224 1510 1387 1590 insereret,

374 1615 434 1676 quo
464 1595 520 1657 sub
550 1598 630 1656 omni
659 1603 741 1655 veste
771 1596 805 1655 ad
843 1594 920 1654 nuda
949 1596 1084 1674 corporis
1114 1597 1300 1673 cingeretur:
1332 1599 1386 1676 qui

374 1684 480 1745 anulus
507 1683 631 1743 haberet
658 1682 714 1743 suh
743 1700 858 1761 gemma
880 1682 1007 1762 lapidem
1029 1685 1061 1743 ln
1084 1682 1206 1743 renibus
1229 1686 1386 1746 inventum

374 1770 466 1832 boris.
512 1770 575 1832 Hoc
597 1770 711 1849 alligata
740 1773 824 1849 quasi
855 1770 985 1831 remedio
1009 1769 1044 1830 ad
1069 1773 1163 1831 sancti
1187 1775 1328 1851 martyris
1352 1773 1385 1833 li·

324 1870 356 1921 11
374 1861 453 1920 mina
479 1859 622 1920 veniebat.
668 1857 726 1920 Sed
749 1859 881 1939 prolecta
904 1877 920 1919 a
944 1857 1134 1940 Carthagine,
1166 1878 1234 1921 cum
1257 1862 1289 1921 in
1313 1880 1384 1921 cun-

375 1948 445 2008 llnic
463 1946 594 2009 lluminis
611 1946 760 2027 Bagradas
782 1949 813 2008 in
837 1966 890 2007 sua
913 1948 1101 2025 possessione
1125 1950 1292 2030 mansisset,
1316 1968 1383 2010 sur·

374 2053 447 2114 gens
477 2044 510 2098 ut
538 2039 597 2097 iter
625 2045 781 2116 perageret
809 2044 877 2096 ante
907 2034 998 2115 pedes
1026 2052 1097 2096 suos
1125 2035 1207 2096 illum
1235 2038 1384 2099 iacentem

375 2124 495 2185 anulum
522 2124 595 2185 vidit
621 2132 652 2186 et
677 2123 858 2203 capillacium
889 2141 1008 2203 zonam,
1036 2140 1093 2203 qua
1117 2124 1214 2185 luerat
1236 2124 1385 2207 alligatus,

374 2215 479 2274 mirata
505 2215 665 2291 temptavit.
711 2211 804 2284 Quam
832 2229 900 2272 cum
928 2213 1047 2272 omnino
1076 2214 1139 2272 suis
1166 2211 1252 2273 nodis
1276 2214 1384 2274 firmis·

322 2311 356 2362 10
375 2303 466 2381 simis,
493 2301 571 2362 sicut
597 2308 673 2377 erat,
702 2300 896 2376 comperisset
922 2300 1086 2376 astrictam,
1114 2301 1268 2378 crepuisse
1293 2312 1383 2381 atque

375 2388 513 2450 exiluisse
542 2388 663 2448 anulum
691 2390 838 2466 suspicata
866 2396 924 2461 est3
952 2388 1003 2466 qui
1031 2389 1120 2448 etiam
1146 2390 1210 2468 ipse
1239 2407 1309 2450 cum
1340 2393 1383 2451 in-

374 2479 553 2557 tegerrimus
576 2478 682 2537 luisset
703 2477 850 2555 inventus,
874 2476 991 2536 luturae
1015 2475 1119 2536 salutis
1141 2476 1270 2555 quodam
1293 2479 1383 2539 modo

374 2568 482 2644 pignus
504 2563 540 2625 de
563 2572 645 2625 tante
675 2563 817 2624 miracula
842 2582 874 2623 se
898 2565 1047 2642 accepisse
1070 2567 1269 2644 praesumpsit
1293 2575 1383 2646 atque

374 2652 445 2713 illud
476 2652 624 2713 vinculum
652 2652 769 2712 solvens
796 2651 883 2711 simul
911 2669 979 2712 cum
1006 2650 1111 2712 eodem
1138 2653 1226 2713 anulo
1255 2657 1383 2733 proiecit

321 2749 356 2800 25
374 2741 406 2801 ln
428 2739 547 2800 flumen.
592 2738 658 2799 Non
680 2738 803 2799 credant
825 2739 895 2820 hoc,
918 2741 969 2817 qui
992 2741 1080 2800 etiam
1103 2739 1260 2802 [luminum
1283 2741 1382 2804 lesum

374 2844 429 2906 per
447 2830 562 2906 integra
583 2828 684 2887 matris
702 2827 852 2906 virginalia
877 2829 995 2887 enirnm
1010 2827 1088 2888 etad
1112 2826 1274 2907 discipulus
1297 2834 1383 2892 ostiis

375 2915 483 2975 clausis
501 2918 668 2994 ingressum
686 2915 777 2976 luisse
797 2934 857 2975 nun
880 2916 1019 2995 credunt3
1042 2914 1094 2975 sed
1112 2916 1169 2977 hoc
1188 2926 1269 2978 certe
1293 2937 1381 2997 quae·

375 3012 442 3063 rant
464 3012 504 3084 et,
526 3005 552 3063 si
574 3019 677 3062 verum
704 3004 880 3083 invenerint,
901 3002 950 3064 illa
973 3002 1104 3065 credant.
1149 3002 1318 3066 Clarissima
1341 3008 1382 3067 le-

377 3093 454 3152 mina
477 3099 532 3171 est,
554 3089 692 3151 nobiliter
715 3099 795 3171 nata,
817 3091 957 3152 nobiliter
980 3100 1086 3172 nupta,
1109 3090 1279 3172 Carthagini
1300 3093 1382 3155 hahi-

323 3189 359 3241 11
376 3188 433 3260 tat;
460 3178 555 3258 ampla
582 3180 697 3258 civitas,
724 3179 818 3258 ampla
846 3197 973 3258 persona
1002 3197 1066 3239 rem
1090 3189 1267 3258 quaerentes
1290 3181 1383 3243 latere

375 3285 435 3328 non
464 3269 542 3328 sinit
586 3265 696 3345 Martyr
724 3276 805 3327 certe
833 3270 910 3346 ipse,
937 3285 996 3346 quc
1020 3268 1187 3345 inpetrante
1210 3268 1258 3329 illa
1283 3280 1383 3331 sanata

376 3364 436 3436 est,
462 3357 493 3416 in
520 3355 613 3415 illium
636 3357 837 3432 permanentis
859 3357 981 3434 virginis
1005 3354 1144 3436 credidit;
1171 3358 1202 3417 in
1225 3375 1308 3439 eum,
1332 3361 1383 3437 qui

376 3445 459 3503 ostiis
486 3441 595 3503 clausis
621 3441 656 3503 ad
685 3442 846 3521 discipulus
874 3445 1027 3523 ingressus
1054 3452 1114 3525 est,
1141 3443 1280 3527 credidit,
1302 3454 1378 3527 post·

443 3614 475 3661 11
495 3608 607 3679 cingulo
621 3627 637 3663 c
650 3610 660 3677 ΙΙ
674 3615 707 3662 12
726 3608 855 3679 quodni!
869 3614 902 3663 16
918 3610 1062 3678 usgradae
1076 3610 1149 3675 RA;
1167 3608 1293 3679 bagrada
1307 3612 1385 3677 adp;

371 3679 507 3802 33⁸2?
525 3696 551 3743 ις
574 3679 701 3748 bagrada
717 3696 736 3749 g
754 3680 765 3747 l
784 3684 819 3731 20
843 3682 904 3733 erat
922 3681 982 3735 ΒΑ
1000 3680 1071 3745 rell.;
1093 3679 1220 3736 memte
1240 3682 1251 3749 ΙΙ
1271 3685 1305 3734 21
1327 3696 1387 3733 cre·
