3284 4459
751 493 773 535 Ε.
787 492 951 536 cucusum

754 712 869 780 Cleua
892 712 947 779 XI.

345 845 392 905 Dc
412 844 476 918 cop
499 850 528 904 et
546 842 669 918 Mcpoc,
692 860 768 917 pecs
790 844 835 902 ad
851 844 1093 917 persequendam
1116 844 1274 905 ecclesium
1298 842 1357 903 Det

442 935 557 992 solutus
576 948 674 1008 prope
694 934 787 1005 finem
809 933 928 991 saeculi
948 931 1086 992 diabolus
1110 932 1256 992 incitabit.

434 1056 475 1116 Et
501 1072 569 1115 cum
593 1057 676 1128 finiti
700 1053 832 1134 suerint,
863 1054 973 1133 inquit,
1001 1057 1081 1117 mille
1109 1058 1197 1135 anni,
1223 1058 1355 1116 soluetur

310 1151 472 1205 teutanes
495 1147 533 1206 dc
555 1145 694 1204 custodia
716 1159 786 1217 cua,
809 1148 840 1203 et
860 1144 957 1203 cecicit
979 1145 1022 1203 ad
1042 1144 1233 1205 seducendas
1255 1146 1354 1205 natio·
1459 1156 1460 1221 Ῑ

345 1250 407 1307 nec,
425 1234 642 1308 quaeserunt
661 1238 807 1305 quattuor
825 1233 946 1305 aepulis
964 1237 1077 1304 terrac,
1099 1232 1163 1307 Gap
1182 1238 1211 1293 et
1229 1230 1354 1307 Mapop,
1459 1228 1460 1307 ἦ

345 1328 375 1382 et
396 1322 499 1382 trahet
520 1337 571 1382 cos
594 1322 625 1380 in
648 1320 770 1393 bellum,
793 1335 1088 1393 quorumnumcrus
1111 1327 1156 1381 cst
1178 1326 1213 1380 ut
1234 1322 1355 1381 turena
1459 1338 1460 1353 ¹

345 1412 447 1471 maras.
493 1408 536 1469 la
554 1406 611 1467 hoc
630 1425 700 1485 ergo
724 1415 795 1467 tunc
818 1405 950 1487 seducet,
972 1416 1006 1468 ut
1028 1409 1059 1467 in
1083 1406 1271 1468 bochellum
1296 1416 1354 1469 tra·
1459 1426 1460 1477 3

346 1497 404 1559 hat
449 1496 522 1556 Nam
541 1503 571 1555 et
589 1502 675 1555 antea
699 1494 793 1554 modis
816 1493 925 1572 quibus
948 1504 1064 1574 poterat
1086 1514 1141 1575 per
1164 1495 1238 1556 mala
1261 1496 1354 1557 multa

295 1599 328 1647 10
347 1594 377 1645 et
399 1587 478 1645 varia
505 1582 673 1644 seducebat.
718 1583 825 1643 licebit
852 1591 950 1643 autem
978 1584 1090 1645 dictum
1118 1593 1164 1645 cst
1191 1586 1245 1665 „in
1269 1603 1353 1663 aper·

345 1683 405 1734 tam
428 1673 666 1752 persecutionem
694 1670 730 1731 de
758 1669 879 1731 latebris
903 1681 1039 1751 erumpet
1061 1666 1230 1735 odiorum.“
1275 1672 1354 1737 llaec

347 1763 426 1822 enim
449 1762 506 1822 erit
529 1761 685 1820 novissima
708 1761 887 1839 persecutio,
910 1762 1068 1820 novissimo
1092 1762 1254 1823 inminente
1278 1761 1352 1822 iudi·
1459 1790 1460 1795 ¹

346 1851 408 1929 cio,
440 1866 528 1927 quam
560 1856 662 1908 sancta
690 1846 813 1908 ecclesia
840 1854 902 1908 tutu
935 1855 1083 1909 terrarum
1111 1848 1182 1909 orbe
1215 1851 1354 1931 patietur,
1459 1908 1460 1913 ,

348 1940 484 1997 universa
513 1935 626 1997 scillcet
652 1938 754 1996 civitas
781 1934 890 1995 Christi
918 1934 954 1995 ab
984 1938 1122 1997 universa
1154 1937 1262 1998 diaboli
1285 1940 1353 1999 civi·
1459 1946 1460 1957 ¹

295 2037 327 2085 15
347 2033 422 2106 tate,
452 2032 688 2105 quantacumque
716 2025 774 2084 erit
801 2032 927 2102 utraque
960 2042 1051 2103 super
1080 2033 1198 2087 terram.
1244 2024 1354 2087 Gentes

347 2116 456 2194 quippe
483 2115 571 2193 istac,
603 2130 676 2192 quas
704 2110 831 2191 appellat
854 2109 916 2190 Gog
939 2120 969 2173 ct
991 2112 1107 2194 Magug,
1134 2131 1194 2174 non
1217 2115 1260 2174 sic
1284 2123 1354 2174 sunt
1459 2176 1460 2187 p

347 2201 544 2282 accipiendae,
565 2210 715 2280 tamquam
733 2201 793 2260 sint
815 2199 905 2279 aliqui
925 2202 955 2260 in
979 2200 1075 2279 aliqua
1098 2211 1181 2281 parte
1205 2211 1354 2263 terrerum
1459 2208 1460 2221 ¹

347 2290 464 2351 barbari
487 2290 650 2368 constituti,
674 2290 734 2349 sive
759 2306 833 2366 quos
857 2288 975 2366 quidam
999 2292 1188 2368 suspicantur
1212 2289 1300 2351 Getas
1324 2300 1354 2351 et

347 2378 523 2458 Massagetas
545 2386 667 2457 propter
694 2375 807 2437 litteras
835 2375 942 2437 horum
965 2379 1117 2439 nominum
1140 2380 1264 2460 primas,
1292 2381 1353 2440 sive

293 2479 328 2527 20
347 2467 460 2547 aliquos
497 2465 568 2526 alios
604 2465 782 2543 alienigenas
819 2472 850 2525 ct
881 2482 897 2523 a
931 2464 1062 2525 Romanu
1094 2468 1160 2528 iure
1193 2469 1352 2529 seiunctos.
1459 2532 1460 2535 ,

347 2554 422 2616 Toto
454 2572 580 2633 namque
612 2552 684 2614 orbe
718 2561 866 2613 terrarum
897 2554 1052 2632 significati
1089 2563 1158 2615 sunt
1195 2557 1245 2617 isti
1277 2573 1353 2637 esse,
1459 2572 1460 2637 ᾗ

348 2660 416 2703 cum
439 2643 550 2704 dictum
574 2650 619 2703 eet
641 2644 779 2701 actiones
806 2658 885 2717 qaue
911 2648 983 2702 sunt
1009 2645 1040 2703 in
1064 2650 1208 2717 quattuor
1231 2647 1353 2719 annulis
1459 2662 1460 2685 ¹

347 2739 460 2805 terrae,
483 2747 590 2810 easque
609 2728 735 2789 subiecit
758 2746 824 2789 esse
850 2730 914 2804 Gap
937 2736 966 2790 ct
983 2729 1105 2807 napae.
1152 2731 1285 2802 Quocum
1308 2734 1353 2793 ln·

347 2821 589 2898 terpretationcm
619 2818 771 2877 nominum
803 2835 868 2877 esse
907 2819 1104 2896 comperimus
1137 2818 1200 2898 Gcg
1232 2829 1353 2901 tectum,
1459 2814 1460 2849 ³

293 2918 328 2968 25
346 2906 450 2985 Magog
472 2905 508 2966 de
532 2914 624 2985 tect03
647 2912 795 2982 tamquam
818 2905 923 2966 dumus
946 2908 1061 2985 etipse
1086 2908 1136 2985 qui
1158 2908 1293 2986 procedit
1315 2908 1352 2969 de

347 2994 442 3055 domo.
488 2993 597 3055 Gentes
629 3011 699 3071 ergo
729 3001 813 3074 sunt,
844 2995 874 3053 in
906 2993 1014 3073 quibus
1042 2994 1189 3055 diabolum
1219 2995 1352 3057 velutin
1459 3070 1460 3073 Ἴ

347 3083 451 3162 abysso
475 3084 612 3162 superius
641 3080 883 3160 intellegebamus
906 3082 1066 3157 inclusum,
1094 3084 1211 3163 etipse
1234 3084 1270 3144 de
1294 3084 1352 3145 illis
1459 3104 1460 3167 ᾗ

347 3171 474 3251 quodam
504 3169 591 3232 modo
620 3187 686 3230 sese
715 3169 841 3230 efferens
870 3179 898 3229 et
928 3170 1107 3252 procedens3
1135 3179 1169 3232 ut
1198 3171 1263 3233 illae
1293 3175 1353 3234 sint

346 3267 467 3341 tectum,
489 3260 552 3338 ipse
576 3258 612 3319 de
636 3264 723 3318 tecto.
769 3256 800 3317 Si
824 3265 921 3318 autem
945 3265 1105 3339 utrumque
1129 3260 1293 3321 reseramus
1316 3262 1353 3322 ad

291 3360 328 3408 30
347 3356 465 3428 gentes,
492 3365 552 3407 nun
575 3364 667 3407 tenum
689 3345 797 3406 horum
820 3345 855 3405 ad
879 3345 956 3425 illas,
980 3345 1104 3407 alterum
1128 3347 1162 3407 ad
1187 3347 1352 3411 diabolum:

345 3445 377 3497 et
394 3443 506 3497 tectum
524 3437 604 3515 ipsae
625 3442 704 3514 sunt,
728 3434 796 3512 quia
818 3435 849 3494 in
872 3436 916 3494 eis
939 3452 1018 3497 nunc
1040 3435 1203 3497 includitur
1225 3444 1257 3499 et
1279 3455 1352 3517 quo·

417 3593 444 3654 8)
463 3590 548 3658 Apcc.
568 3593 611 3655 20,
631 3594 645 3641 t
665 3604 704 3655 sq.

345 3704 557 3716 .....---—-——

422 3776 436 3823 i
456 3786 503 3825 ees
519 3772 599 3839 pEn
616 3775 626 3841 ΙΙ
646 3778 678 3827 10
697 3774 764 3842 quia
782 3774 810 3827 in
829 3793 848 3843 p
866 3778 875 3845 ll
894 3784 927 3831 26
946 3780 1067 3846 igiturc
