3284 4459
336 459 401 525 230
740 471 762 512 s.
776 471 939 513 socnsmm

742 653 936 756 ΟΑΡυτΙΧΙ.

367 785 413 845 Be
434 785 604 845 substantio
622 785 730 859 populi
751 783 817 856 Dei,
840 763 919 857 qnae
940 786 1129 859 susceptione
1151 787 1256 843 cornis
1279 785 1311 843 in

405 872 522 932 Christo
546 878 599 945 cst,
621 874 676 947 oni
696 874 777 932 solus
799 873 930 931 eruendi
950 873 989 931 ob
1013 870 1121 945 inferis
1144 875 1275 931 animam

624 976 711 1020 suom
733 959 841 1019 boboit
858 965 1044 1034 potestatem.

299 1095 315 1142 5
422 1082 493 1143 Post
522 1082 595 1143 baec
628 1091 727 1141 autem
758 1081 932 1160 prophetata
967 1081 1000 1142 ad
1034 1082 1213 1161 precandum
1247 1083 1342 1142 Deum
1455 1091 1456 1138 1

335 1170 479 1251 propbeta
498 1172 692 1250 convertitur;
716 1169 816 1230 sedet
839 1171 901 1248 ipsa
925 1172 1054 1248 precatio
1078 1171 1264 1249 prophetatio
1288 1180 1343 1232 est.
1455 1217 1456 1234 t

341 1261 437 1335 Usque
454 1277 521 1334 quo,
545 1259 679 1337 Domine,
703 1261 815 1318 avertis
835 1261 865 1318 in
885 1261 998 1330 finem?
1021 1257 1197 1318 subauditur
1218 1261 1343 1338 „taciem
1455 1327 1456 1332 η

335 1341 450 1427 tuam“‚
485 1349 562 1407 sicut
599 1345 667 1405 alibi
699 1345 821 1405 dicitur:
868 1347 931 1418 Ono
968 1365 1061 1421 osque
1090 1349 1203 1408 avertis
1229 1346 1345 1421 sociem
1455 1385 1456 1408 r

335 1446 418 1498 tuom
445 1454 465 1495 o
488 1437 554 1496 me?
598 1434 671 1495 Nam
698 1433 764 1494 ideo
793 1433 912 1512 quidam
941 1434 1057 1494 codices
1080 1434 1128 1495 bic
1152 1453 1211 1494 non
1234 1435 1345 1496 babent
1455 1469 1456 1482 κ

286 1536 316 1583 ιο
335 1527 457 1598 evertis,
476 1523 527 1583 sed
545 1517 738 1604 „averteris“;
763 1540 938 1600 quamquam
957 1525 1051 1602 possit
1069 1521 1213 1601 intellegi:
1235 1524 1343 1603 „Aver-
1455 1515 1456 1524 ’

336 1615 374 1672 tis
401 1610 632 1672 misericordiam
660 1619 754 1691 tuam,
786 1627 874 1688 quam
903 1613 1063 1691 promisisti
1092 1605 1211 1671 David“.
1257 1607 1343 1681 Quod

336 1709 434 1760 autem
462 1700 547 1760 dixit:
580 1700 617 1758 In
642 1701 751 1773 finem,
780 1698 850 1777 quid
878 1706 923 1758 est
956 1701 1012 1759 nisi
1046 1717 1141 1778 usqne
1169 1701 1199 1759 in
1233 1697 1345 1759 linem?

337 1788 394 1860 Oui
423 1788 490 1848 linis
518 1786 732 1864 intellegendus
764 1795 810 1846 est
837 1785 973 1846 ultimum
1002 1796 1134 1866 tempus,
1166 1787 1282 1865 quando
1313 1791 1343 1848 in

337 1876 487 1939 Christum
509 1874 606 1935 lesum
631 1877 718 1934 etiam
741 1892 814 1953 gens
838 1874 885 1934 illa
909 1883 954 1935 est
977 1875 1140 1954 creditura,
1163 1885 1230 1935 ante
1254 1895 1344 1954 quem

286 1976 317 2023 15
337 1965 424 2024 tinem
443 1963 490 2023 illa
509 1963 574 2023 lieri
593 1962 777 2042 oportebant,
800 1980 876 2041 quae
895 1965 1033 2041 superins
1057 1981 1231 2023 aerumnosa
1254 1963 1344 2024 delle-
1455 1951 1456 1978 ¹

336 2055 385 2112 vit.
431 2051 558 2131 Propter
576 2068 651 2129 quae
671 2059 700 2110 et
715 2051 761 2111 bic
786 2052 935 2129 sequitur:
958 2052 1144 2112 Ercordescit
1165 2055 1245 2112 sicut
1265 2056 1345 2127 ionis
1455 2107 1456 2110 ,

336 2144 386 2201 iro
418 2147 486 2201 tuo:
516 2146 660 2200 memento
690 2155 768 2214 quoe
797 2145 842 2199 est
871 2156 937 2199 meo
966 2137 1143 2200 substantio}
1189 2139 1267 2200 Nihil
1296 2139 1344 2200 bic
1455 2143 1456 2172 ³

336 2229 442 2289 melius
461 2245 548 2306 qnam
567 2229 630 2306 ipse
648 2225 732 2287 lesus
754 2226 935 2305 intellegitur
958 2227 1121 2287 substantia
1145 2227 1246 2306 populi
1269 2231 1344 2309 eius,

336 2336 372 2377 ex
396 2334 455 2396 quo
482 2325 587 2376 natura
614 2325 659 2374 est
686 2317 783 2375 carnis
811 2317 883 2374 eine.
929 2315 995 2377 Non
1018 2319 1096 2376 enim
1119 2333 1209 2389 onoc,
1240 2319 1345 2395 inquit,
1388 2361 1390 2366 -
1455 2349 1456 2368 r

284 2417 318 2467 20
337 2407 519 2467 constituisti
546 2420 646 2487 omncs
670 2407 750 2475 tilios
772 2405 931 2465 bominum.
976 2402 1039 2463 Nisi
1062 2406 1141 2464 enim
1164 2413 1242 2464 esset
1265 2423 1344 2476 rmus
1455 2403 1456 2420 ¹

337 2493 414 2554 lilius
437 2492 564 2553 bominis
592 2490 754 2551 substantia
777 2490 880 2572 lsrael,
907 2509 961 2570 per
989 2510 1078 2570 quem
1101 2492 1193 2552 tilium
1216 2492 1345 2553 bominis
1455 2519 1456 2546 r

337 2580 534 2641 liberarentur
564 2578 649 2639 multi
676 2579 728 2638 lrlii
759 2579 925 2659 hominum,
958 2598 1030 2640 vane
1059 2582 1161 2659 utique
1190 2582 1343 2642 constituti

337 2676 438 2730 essent
470 2684 572 2727 omnes
600 2667 651 2726 lilii
678 2667 840 2728 bominum.
890 2667 974 2728 Nunc
1002 2686 1072 2728 vero
1100 2670 1195 2728 omnis
1223 2669 1344 2746 qrrirlern
1455 2643 1456 2688 ³

337 2757 463 2817 bumana
487 2766 591 2816 natura
613 2773 668 2833 per
690 2763 844 2834 peccatum
872 2758 960 2834 primi
983 2755 1109 2816 bominis
1133 2758 1164 2817 in
1186 2751 1344 2817 vanitatem
1455 2753 1456 2798 l

285 2858 318 2906 25
338 2845 374 2905 de
402 2846 524 2904 veritate
553 2843 688 2922 conlapsa
717 2851 775 2923 est,
810 2852 933 2922 propter
960 2844 1038 2923 quod
1069 2843 1140 2904 dicit
1167 2842 1241 2904 alius
1268 2845 1344 2924 psal-

340 2951 418 2993 mus:
450 2932 544 2993 Homo
573 2935 702 2992 oonitoti
730 2935 836 2992 similis
860 2931 964 3006 fectus
992 2938 1049 3012 est,
1081 2935 1145 2993 dies
1173 2934 1238 2994 cios
1266 2938 1346 2994 velot

338 3023 446 3082 umbro
467 3027 682 3097 proetereunt;
710 3020 843 3080 sednon
867 3038 939 3079 vanc
963 3019 1041 3080 licus
1065 3023 1219 3081 constituit
1242 3039 1344 3082 omnes

338 3107 413 3168 filios
446 3108 611 3188 bominum,
644 3109 711 3186 qnia
744 3116 774 3168 et
806 3107 914 3168 multos
948 3125 963 3167 a
994 3111 1120 3168 vanitate
1153 3107 1259 3169 liberat
1291 3129 1345 3188 per

338 3196 529 3257 mediatorem
547 3195 653 3275 lesum,
677 3204 706 3255 et
724 3214 800 3275 quos
817 3194 984 3256 liberandos
1008 3215 1066 3256 non
1091 3214 1156 3256 esse
1179 3200 1347 3278 praescivit,

286 3297 320 3347 to
338 3285 374 3345 ad
394 3285 550 3345 utilitatem
569 3282 788 3344 liberandorum
807 3292 837 3344 et
856 3287 1103 3363 comparationem
1122 3283 1246 3345 dirarum
1266 3288 1345 3346 inter

409 3435 1345 3504 mmmmmmnmmmmmmwmmt

410 3591 427 3640 t
445 3584 627 3654 subceptione
641 3585 680 3651 F3
699 3599 749 3654 per
767 3581 973 3652 susceptionem
990 3582 1058 3652 spo3
1077 3597 1129 3652 per
1143 3583 1349 3637 successionem

336 3659 423 3730 pont
437 3673 492 3724 quo
506 3671 594 3724 usque
604 3656 806 3724 RAGobepp3
820 3669 909 3722 usque
924 3669 979 3720 quo
990 3653 1036 3706 Fo
1046 3655 1054 3722 ll
1066 3659 1098 3706 15
1113 3654 1281 3723 oportebant
1291 3656 1347 3710 ΕΑ

340 3727 740 3796 (Neue-Wop.³IIl,659sq.);
751 3724 1088 3794 oportebatFGobeopo
1097 3726 1105 3792 ll
1117 3730 1149 3778 16
1159 3723 1322 3779 exardescet
1330 3741 1351 3780 c
