3284 4459
584 476 624 516 un
638 476 781 518 crmrnru
794 477 848 517 nur
861 477 888 519 u.
903 478 966 518 m.
980 478 1004 519 o.
1017 481 1036 520 a.
1107 447 1110 453 ¹
1245 464 1312 530 355

303 609 483 690 doctrinam,
510 611 574 670 aine
602 610 648 671 his
671 619 770 672 autem
793 629 855 672 non
877 621 975 690 potest
997 631 1063 673 esse
1086 612 1145 674 nlla
1168 613 1311 696 doctrina,

304 715 338 758 ac
361 716 416 778 per
438 698 494 758 hoc
514 716 569 758 nec
588 701 691 780 virtus,
714 717 789 778 quae
813 702 916 778 utique
940 700 1071 762 discitur.
1108 701 1187 762 Bene
1211 711 1312 764 autem

303 804 440 868 currere,
463 786 621 866 pulchrum
648 806 714 848 esse
738 807 877 869 corpore,
899 787 1012 849 viribus
1033 791 1204 868 ingentibus
1226 810 1310 870 prae-

303 875 400 935 valere
423 884 455 935 et
477 883 575 935 cetera
598 875 687 937 huius
710 876 789 936 modi
812 877 881 937 talia
904 886 987 960 sunt,
1018 885 1052 938 ut
1075 886 1105 939 et
1127 882 1221 940 virtus
1245 883 1310 940 sine

302 963 350 1023 his
377 981 442 1023 esse
470 965 564 1042 possit
593 971 624 1024 ct
650 966 713 1043 ipsa
746 967 810 1024 sine
839 967 962 1046 virtute3
999 965 1076 1026 bona
1104 977 1173 1028 sunt
1202 976 1345 1051 tamen,5

303 1060 333 1112 ct
357 1051 520 1112 secundum
547 1054 620 1113 istos
647 1055 735 1114 etiam
763 1055 826 1131 ipsa
848 1062 972 1132 propter
994 1072 1027 1114 se
1049 1057 1113 1134 ipsa
1136 1055 1229 1135 diligit
1251 1059 1310 1118 rir-

302 1147 361 1221 tus,
383 1143 537 1220 utiturque
559 1139 618 1200 illis
641 1150 672 1201 et
693 1142 812 1222 fruitur,
836 1144 914 1202 sicut
936 1145 1077 1204 virtutem
1099 1144 1192 1205 decet.

391 1228 474 1289 Hanc
500 1231 589 1289 vitam
616 1227 731 1291 beamur
759 1233 848 1291 etiam
881 1231 1020 1292 socialem
1047 1231 1205 1309 perhibent
1233 1251 1309 1314 esse,

303 1335 378 1396 quae
410 1319 571 1378 amicorum
595 1317 675 1378 'hona
706 1328 830 1398 propter
857 1337 889 1380 se
919 1321 982 1398 ipsa
1012 1318 1116 1398 diligat
1147 1323 1224 1381 sicut
1255 1339 1309 1382 sua

303 1408 405 1484 eisque
432 1414 555 1486 propter
581 1407 662 1484 ipsos
689 1405 746 1467 lroc
773 1407 843 1467 velit
871 1407 950 1486 quod
978 1406 1047 1478 sibi;
1076 1410 1137 1469 sive
1166 1411 1198 1468 in
1220 1409 1363 1471 domolo

304 1496 377 1575 sint,
407 1497 485 1555 sicut
508 1496 616 1554 coniux
638 1502 670 1555 et
691 1494 777 1555 liberi
799 1504 830 1556 et
854 1498 1033 1575 quicumque
1056 1497 1224 1580 domestici,
1247 1500 1310 1558 sive

302 1585 334 1643 in
357 1581 436 1663 loco,
463 1582 515 1644 ubi
537 1582 642 1644 domus
666 1591 712 1644 est
734 1586 812 1664 eius,
840 1587 929 1644 sicuti
951 1594 997 1644 est
1019 1584 1107 1666 urbs,
1129 1594 1164 1646 ut
1186 1595 1255 1647 sunt
1277 1586 1309 1647 hi

303 1673 355 1750 qui
387 1673 466 1732 cives
492 1679 649 1751 vocantur,
681 1673 742 1732 sive
773 1675 805 1731 in
838 1672 910 1732 orba
938 1680 1014 1753 toto,
1048 1681 1083 1734 ut
1111 1683 1182 1735 sunt
1205 1685 1309 1753 gentes

302 1778 376 1838 quas
405 1761 432 1820 ai
460 1761 586 1820 societas
612 1759 740 1822 humana
770 1763 935 1842 coniungit,
963 1763 1078 1821 sivein
1102 1764 1166 1840 ipso
1190 1764 1310 1846 mundo,

302 1851 354 1926 qui
385 1857 526 1909 censetur
553 1850 671 1908 nomine
702 1847 776 1909 caeli
803 1857 834 1910 et
861 1857 973 1929 terrae,
1001 1852 1080 1911 sicut
1111 1869 1177 1912 esse
1207 1853 1311 1913 dicunt
1330 1862 1363 1912 15

302 1937 387 2018 deos,
416 1955 491 2015 quos
513 1935 616 1997 volunt
639 1938 748 1997 amicos
771 1954 838 1998 esse
860 1938 973 1998 homini
995 1940 1133 2019 sapienti,
1156 1958 1232 2018 quos
1255 1959 1310 2002 nos

301 2026 474 2086 familiarius
511 2023 629 2103 angelos
667 2025 800 2086 dicimus.
847 2024 888 2086 lle
920 2025 1066 2086 bonorum
1098 2037 1197 2089 autem
1229 2036 1260 2090 et
1292 2049 1310 2089 e

302 2116 452 2175 contrario
470 2114 614 2174 malorum
634 2113 741 2174 tinibus
760 2123 870 2192 negant
892 2114 951 2174 ullo
975 2114 1061 2175 modo
1084 2134 1150 2176 esse
1173 2115 1309 2178 dubitan-

302 2202 372 2264 dum
396 2209 426 2264 ct
448 2201 524 2264 hanc
547 2204 626 2264 inter
644 2219 676 2262 sc
695 2211 726 2262 et
744 2220 835 2262 novos
853 2202 1042 2263 Academicos
1065 2203 1221 2265 adfirmant
1242 2224 1309 2265 esse

302 2290 484 2371 distantiam,
516 2308 572 2351 nec
605 2308 708 2351 eorum
740 2293 866 2352 interest
898 2293 1069 2371 quicquam,
1105 2295 1167 2352 sive
1200 2291 1309 2372 Cynico
1327 2305 1363 2355 20

302 2381 364 2439 sire
396 2378 452 2440 alio
486 2377 618 2458 quolibet
647 2379 748 2439 habitu
782 2386 813 2439 et
839 2382 920 2440 victu
946 2382 977 2439 in
1005 2379 1052 2440 his
1079 2379 1201 2461 linibus,
1233 2399 1310 2459 quos

302 2485 389 2527 veros
406 2476 520 2548 putant,
542 2469 668 2546 quisque
687 2466 919 2547 philosophetur.
964 2467 1124 2529 lintribus
1142 2487 1232 2547 porro
1251 2469 1309 2529 illis

301 2557 378 2616 ritae
401 2555 570 2636 generibus,
592 2559 696 2636 otioso,
719 2565 840 2617 actuoso
864 2564 894 2616 et
917 2555 995 2635 quod
1019 2575 1056 2617 ex
1078 2565 1205 2636 utroque
1230 2576 1308 2618 com·

301 2639 431 2725 positum
459 2653 518 2726 est,
544 2644 601 2706 hoc
628 2647 749 2705 tertium
779 2644 835 2704 sibi
863 2643 979 2723 placere
1002 2645 1184 2706 adseverant.
1229 2646 1309 2707 llaec

302 2735 431 2794 sensisse
454 2741 542 2810 atque
566 2732 702 2793 docuisse
725 2733 917 2793 Academicos
940 2740 1056 2794 veteres
1074 2732 1166 2794 Varro
1189 2734 1362 2816 adamitae

301 2829 423 2883 auctore
450 2821 609 2900 Antiocho,
639 2823 777 2900 magistro
802 2820 955 2882 Ciceronis
977 2830 1008 2882 et
1030 2840 1098 2903 suo,
1126 2841 1214 2902 quem
1238 2843 1309 2884 sane

302 2908 406 2972 Cicero
425 2911 457 2969 in
475 2908 610 2988 pluribus
629 2911 720 2970 luisse
740 2909 873 2970 Stoicum
897 2927 985 2988 quam
1008 2920 1139 2971 vaterem
1157 2911 1308 2972 Academi-

302 3016 371 3059 cum
394 2998 456 3057 vult
483 2997 584 3058 videri.
631 2997 688 3058 Sed
712 2997 782 3076 qnid
806 2997 844 3059 ad
866 3016 934 3080 nos,
962 3000 1013 3076 qui
1035 3002 1134 3078 potius
1157 3000 1193 3059 de
1217 2998 1308 3061 rebus

302 3088 375 3166 ipsis
401 3084 533 3146 iudicare
562 3085 717 3168 debemus,
749 3104 838 3166 quam
864 3104 1051 3166 pro-,magno
1078 3087 1115 3148 de
1139 3087 1308 3149 hominibus

303 3174 374 3254 quid
398 3176 524 3254 quisque
547 3177 674 3236 senserit
696 3170 796 3237 scire?
1327 3189 1361 3240 ³⁰

374 3329 419 3397 28)
436 3325 523 3382 Aoed.
541 3345 582 3397 pr.
602 3335 627 3395 2,
645 3333 679 3382 21
698 3344 739 3397 sq.

301 3550 439 3672 RAdbse
457 3543 520 3614 ipae
537 3541 609 3596 Bab
629 3543 783 3609 (354,11);
805 3555 836 3594 ae
854 3539 946 3608 ipsam
964 3539 1131 3609 Adreypo
1151 3540 1161 3608 l
1182 3537 1311 3606 diligitur

367 3633 385 3669 a

1045 3821 1099 3873 23*
