3284 4459
340 482 360 547 6
740 496 761 539 s.
775 494 939 537 sucosam

341 632 496 710 damnavit,
518 647 578 691 non
601 628 650 690 illa
672 637 786 691 tautum
809 631 988 710 invenimus,
1011 648 1086 708 quae
1109 630 1145 691 ad
1169 629 1349 709 voluptatem

340 721 493 799 pertinent
524 720 636 798 carnis,
668 719 756 778 sicuti
785 725 856 778 sunt
888 717 1114 793 fornicationes,
1145 719 1350 803 inmunditiae,

340 808 465 887 luxuria,
488 805 655 887 ebrietates,
679 807 898 885 comisationes3
920 824 1025 866 verum
1047 809 1135 867 etiam
1158 806 1215 888 illa,
1238 807 1349 886 quibus

341 897 430 957 animi
453 898 521 956 vitia
540 895 779 956 demonstrantur
801 912 818 953 a
840 893 988 973 voluptate
1012 897 1110 955 carnis
1132 895 1235 955 aliena.
1273 896 1347 967 Quis

308 986 422 1045 oenirn
445 986 627 1063 servitutem,
649 1000 724 1062 quae
747 981 835 1043 idolis
858 981 1028 1063 exhibetur,
1050 985 1199 1064 veneficia,
1221 986 1349 1046 inimici·

342 1074 407 1152 tias,
429 1074 645 1155 contentionsa,
663 1070 884 1151 aemulationes,
906 1072 1116 1153 animositates,
1138 1070 1350 1155 dissensiones,

341 1160 493 1241 haereses,
523 1159 646 1220 invidias
667 1177 733 1220 ¹non
761 1161 862 1239 potius
889 1158 1040 1239 intellegat
1066 1162 1156 1220 animi
1183 1163 1253 1221 vitia
1283 1180 1349 1222 esse

342 1267 429 1328 quam
467 1244 586 1309 carnis?
635 1246 758 1318 Quando
789 1246 909 1326 quidem
931 1247 997 1308 fieri
1019 1256 1132 1329 potest,
1162 1257 1196 1309 ut
1226 1258 1350 1330 propter

341 1336 534 1405 idololatriam
562 1336 607 1396 vel
635 1335 767 1397 haeresis
794 1334 919 1395 alicuius
946 1354 1080 1395 errorem
1107 1354 1124 1396 a
1150 1336 1350 1416 voluptatibus

290 1436 323 1485 10
343 1427 477 1504 corporis
496 1432 694 1504 temperetur3
717 1431 867 1484 ettamen
891 1425 978 1484 etiam
1001 1432 1074 1484 tunc
1096 1424 1194 1507 homo,
1217 1428 1350 1504 quamvis

343 1515 440 1573 carnis
461 1512 599 1573 libidines
622 1514 774 1573 continere
797 1519 885 1590 atque
910 1510 1048 1572 cohibere
1071 1512 1222 1595 videatur,
1244 1531 1349 1574 secun·

342 1601 412 1662 dum
436 1619 554 1662 carnem
574 1602 671 1660 uivere
695 1600 750 1661 hac
773 1599 933 1679 apostolica
956 1602 1132 1662 auctoritate
1154 1604 1350 1684 convincitur,

342 1698 372 1750 et
394 1691 426 1749 in
449 1707 498 1769 eo,
521 1688 601 1768 quod
623 1688 752 1750 abstinet
774 1707 791 1749 a
813 1687 1014 1767 voluptatibus
1036 1692 1147 1769 earnm,
1176 1688 1350 1751 damnabilia

343 1795 432 1856 opera
452 1779 549 1838 carnis
567 1796 655 1857 agere
675 1778 902 1837 demonstratur.
948 1775 1021 1846 Quis
1044 1778 1213 1839 inimicitias
1236 1796 1295 1839 non
1318 1780 1350 1839 in

289 1876 324 1927 15
343 1868 440 1926 animo
462 1862 590 1927 habeat?
617 1874 668 1926 aut
698 1866 764 1943 quis
786 1867 827 1924 ita
849 1864 1002 1946 loquatur,
1027 1874 1063 1925 ut
1084 1867 1204 1926 inimico
1227 1884 1281 1927 suo
1304 1866 1350 1925 vel

343 1972 431 2033 quem
454 1962 539 2033 putat
556 1956 709 2014 inimicum
732 1952 823 2013 dicat:
845 1952 967 2033 ,bialum
990 1948 1138 2034 carnem,“
1158 1972 1193 2015 ac
1216 1972 1276 2015 non
1298 1972 1350 2033 po·

342 2044 416 2103 tius:
447 2041 579 2123 „Malum
607 2044 736 2103 animum
766 2040 858 2100 babes
885 2040 1027 2101 adversus
1055 2036 1143 2103 me“?
1195 2041 1351 2103 Postremo

343 2132 421 2191 sicut
439 2130 634 2211 carnalitates,
657 2137 691 2191 ut
708 2132 749 2190 ita
767 2129 871 2209 dicam,
894 2131 920 2189 si
939 2130 1005 2208 quis
1024 2129 1164 2209 audisset,
1187 2148 1246 2190 non
1265 2130 1350 2191 dubi-

342 2226 421 2280 taret
438 2220 520 2279 carni
538 2217 679 2298 tribuere,
701 2220 742 2278 ita
760 2234 848 2277 nemo
871 2215 985 2278 dubitat
1007 2218 1207 2279 animositates
1230 2218 1266 2280 ad
1290 2220 1351 2279 ani·

291 2318 325 2367 no
344 2324 425 2367 mum
456 2308 617 2385 pertinere.
667 2304 728 2366 Cur
764 2324 836 2385 ergo
868 2305 940 2365 haec
975 2308 1073 2365 omnia
1104 2314 1135 2365 et
1165 2306 1213 2367 his
1245 2306 1351 2367 similia

340 2395 447 2471 ,doctor
474 2396 607 2473 gentium
633 2396 664 2455 in
693 2393 750 2457 tide
773 2402 804 2454 et
831 2395 953 2454 veritate
984 2411 1073 2472 opera
1095 2396 1193 2455 carnis
1216 2394 1352 2477 appellat,

343 2484 401 2543 nisi
432 2484 501 2561 quia
533 2501 568 2542 eo
600 2481 757 2543 locutionis
784 2481 887 2561 modo,
916 2499 975 2560 quo
1004 2488 1100 2542 totum
1130 2484 1352 2561 significatura

342 2578 435 2653 parte,
457 2573 556 2649 ipsum
578 2570 729 2631 bominem
749 2568 812 2630 rult
834 2571 954 2630 nomine
977 2572 1084 2629 carnis.
1097 2568 1249 2648 intellegi?

746 2792 865 2861 Garun
888 2794 948 2860 ΙΙΙ.

291 2952 325 3001 nu
372 2943 498 3002 Peccata·
519 2956 644 3001 cansam
667 2958 708 3001 etc
730 2942 842 3012 animo,
865 2957 925 3001 non
948 2957 989 3001 ex
1010 2956 1107 3001 corne
1125 2943 1273 3017 prodisse,
1297 2947 1327 3002 et

415 3031 641 3106 corruptionem
664 3046 705 3089 etc
722 3036 853 3105 peccato
876 3034 1067 3089 connectam
1089 3046 1150 3090 non
1169 3046 1280 3106 pecco·

653 3124 717 3177 tum
738 3134 811 3192 esse,
834 3118 889 3178 sed
905 3133 1044 3193 poenam.

434 3258 519 3329 Quod
539 3259 564 3317 si
582 3258 738 3336 quisquam
757 3255 829 3317 dicit
847 3274 967 3317 carnem
985 3274 1103 3317 causam
1127 3276 1194 3318 esse
1215 3260 1247 3320 in
1270 3258 1354 3319 malis

346 3346 479 3409 moribus
506 3362 761 3425 quorumcumque
789 3346 942 3425 vitiorum,
969 3362 1004 3404 eo
1034 3342 1113 3423 quod
1128 3349 1235 3406 anima
1265 3365 1353 3408 carne

293 3448 327 3495 30
346 3436 450 3496 allecta
473 3436 516 3493 sic
535 3434 613 3513 vivit,
634 3432 769 3511 proiecto
793 3450 853 3491 non
876 3433 1045 3492 universam
1067 3432 1195 3494 bominis
1217 3443 1355 3497 naturam

346 3522 502 3602 diligenter
520 3521 653 3582 advertit.
695 3518 772 3581 Nam
789 3537 920 3596 „coeptu
938 3519 1057 3599 quidem
1076 3524 1277 3599 corruptibile
1300 3525 1354 3585 ad·

417 3696 433 3743 3
453 3691 547 3745 comis.
568 3694 604 3755 Vt
625 3690 734 3745 comiss.
754 3693 889 3759 (comens,
907 3689 1032 3757 comens.)
1049 3688 1108 3743 rell.
1126 3689 1165 3756 vll
1180 3690 1213 3740 10
1231 3683 1356 3753 corporis

345 3779 400 3819 anes
418 3764 562 3833 <632‚10);
581 3761 672 3815 carnis
690 3763 729 3831 ull
744 3766 776 3815 tu
796 3760 944 3813 adversum
961 3760 1001 3829 ol
1015 3763 1048 3813 18
1067 3756 1226 3811 dubitasset
1242 3757 1304 3811 obv

428 4091 578 4163 A
