3284 4459
539 519 842 563 oummnacnumu.
856 520 932 561 xxn.
946 518 1015 563 on.
1219 504 1284 569 583

691 719 807 788 (iarun
830 720 868 787 X.

280 855 401 927 Quanto
433 853 556 927 abactae
587 852 775 912 honorentur
806 856 971 929 martyres,
1007 851 1062 924 qai
1092 850 1159 910 ideo
1191 852 1295 909 matta·

338 943 418 1001 mira
441 940 590 1014 obtinent,
612 945 648 999 at
668 940 751 1000 Deae
773 956 863 999 aeras
886 940 1014 1013 colatur,
1037 953 1128 1011 qaam
1151 939 1223 999 dae·

387 1044 498 1102 mones,
520 1030 576 1103 aas·
597 1028 633 1088 ob
656 1030 715 1089 boc
736 1029 887 1102 quaedam
906 1024 1037 1101 faciant,
1059 1032 1095 1085 at
1117 1028 1176 1101 ipsi

618 1118 664 1177 ait
685 1132 749 1178 esse
771 1116 948 1177 credantur.
1304 1126 1321 1174 a

366 1238 421 1299 Hic
449 1238 526 1300 torte
554 1239 663 1300 dicturi
691 1248 761 1299 sunt
788 1240 875 1299 etiam
906 1236 977 1297 deos
1000 1254 1071 1298 suos
1094 1236 1189 1315 aliqua
1212 1239 1287 1298 mira

278 1329 394 1388 iecisse.
439 1324 529 1408 Bene,
552 1329 578 1387 si
595 1329 652 1387 iam
671 1329 817 1406 incipiunt
839 1325 911 1386 deos
935 1342 1005 1387 suos
1027 1327 1138 1386 nostris
1161 1328 1286 1386 mortuis

277 1415 447 1477 hominibus
474 1433 654 1495 comparare.
699 1415 743 1475 An
772 1414 872 1475 dicent
900 1415 988 1475 etiam
1018 1432 1050 1475 se
1078 1412 1187 1474 habere
1214 1413 1286 1475 deos

278 1524 313 1565 ex
341 1502 510 1565 bominibus
538 1505 679 1581 mortuis,
709 1505 786 1564 sicut
813 1501 986 1584 Herculem,
1016 1503 1093 1563 sicut
1119 1501 1286 1584 Romulum,

278 1596 357 1654 sicut
388 1592 460 1653 alios
493 1592 615 1673 multos,
647 1610 721 1670 quos
750 1593 781 1651 in
812 1591 936 1651 deorum
964 1609 1121 1651 numerum
1148 1599 1285 1670 receptos
1305 1604 1337 1653 10

278 1676 461 1761 opinantur?
498 1679 556 1740 Sed
576 1679 662 1740 nobis
685 1689 829 1759 martyres
853 1696 912 1739 non
936 1690 1006 1740 sum
1028 1678 1081 1761 dii,
1101 1680 1170 1758 quia
1192 1696 1285 1740 unum

277 1769 464 1848 eundemque
488 1768 582 1828 Deum
610 1777 640 1829 et
662 1777 797 1828 nostrum
821 1770 931 1828 scimus
955 1775 984 1828 et
1007 1776 1178 1847 martyrum.
1223 1766 1285 1827 Nec

278 1866 377 1918 tamen
395 1855 555 1937 miraculis,
577 1874 652 1935 quae
670 1874 725 1936 per
748 1857 905 1916 memorias
929 1863 1099 1918 nostrorum
1122 1863 1284 1935 martyrum

278 1947 365 2027 fiunt,
393 1944 453 2006 ubo
480 1945 567 2004 modo
598 1952 668 2004 siunt
695 1944 889 2024 comparanda
917 1944 1072 2025 miracula,
1103 1962 1178 2023 quae
1209 1945 1285 2005 iacta

277 2052 332 2113 per
363 2032 471 2113 templa
500 2032 695 2112 perhibentur
727 2031 855 2093 iliorum.
900 2030 1009 2093 Verum
1037 2035 1063 2093 si
1090 2050 1149 2111 qua
1179 2033 1285 2095 similia
1305 2046 1336 2095 15

278 2122 429 2203 videntur,
458 2124 535 2182 sicut
562 2140 579 2181 a
606 2120 705 2199 Moyse
734 2123 809 2199 magi
837 2120 1011 2203 Pharaonis,
1043 2123 1086 2181 sic
1113 2138 1217 2181 eorum
1244 2121 1284 2181 dii

278 2212 348 2272 victi
371 2217 442 2270 sunt
459 2228 475 2269 a
494 2209 672 2289 martyribus
692 2212 809 2270 nostris.
856 2208 1004 2269 Fecerunt
1026 2218 1124 2270 autem
1147 2208 1195 2269 illa
1218 2208 1284 2270 dac·

279 2316 383 2359 mones
413 2315 449 2357 eo
477 2298 554 2358 tastu
581 2300 705 2377 inpurae
735 2297 908 2377 superbiae,
940 2315 998 2375 quo
1029 2315 1132 2357 eorum
1155 2295 1196 2356 dii
1219 2315 1284 2358 csse

278 2385 449 2465 voluerunt3
478 2386 588 2446 iaciunt
616 2393 714 2447 autem
741 2388 797 2447 ista
825 2394 970 2465 martyres
1000 2384 1046 2445 vel
1073 2387 1172 2463 potius
1206 2384 1284 2445 Deus

278 2483 329 2535 aut
352 2473 578 2553 cooperantibus
597 2482 648 2535 aut
670 2473 823 2535 orantibus
846 2476 899 2555 eis,
921 2481 955 2533 ut
977 2472 1050 2533 fides
1072 2472 1120 2533 illa
1143 2473 1285 2554 proficiat,
1304 2487 1337 2536 20

279 2580 336 2643 qua
356 2580 407 2623 eos
426 2580 486 2623 non
505 2563 576 2623 deos
595 2570 714 2623 nostros
733 2581 808 2642 esse,
832 2563 995 2623 sedunum
1014 2560 1108 2621 Deum
1131 2560 1285 2621 nobiscum

278 2651 388 2712 habere
408 2650 571 2712 credamus.
617 2650 749 2734 Denique
770 2651 812 2711 illi
830 2649 938 2711 talibus
961 2649 1017 2710 diis
1040 2650 1102 2710 suis
1125 2658 1155 2709 et
1177 2649 1286 2729 templa

279 2739 506 2801 aedificaverunt
525 2748 554 2801 et
573 2747 741 2800 statuerunt
758 2758 834 2821 aras,
856 2747 887 2799 et
905 2737 1073 2799 sacerdotes
1091 2740 1286 2800 instituerunt

279 2838 310 2888 et
336 2828 478 2889 sacrificia
507 2828 668 2910 iecerunty
685 2846 739 2888 nos
768 2836 867 2888 autem
891 2825 1068 2906 martyribus
1092 2828 1202 2888 nostris
1226 2845 1285 2887 non

279 2915 387 2995 templa
411 2918 488 2977 sicut
511 2915 581 2997 diis,
604 2916 655 2977 sed
680 2919 836 2976 memorias
859 2917 938 2975 sicut
959 2914 1127 2976 hominibus
1150 2918 1284 2997 mortuiS,
1303 2927 1336 2977 ab

279 3021 406 3083 quorum
435 3002 511 3083 apud
541 3004 634 3066 Deum
663 3007 764 3065 vivunt
787 3006 923 3084 spiritus,
951 3003 1143 3085 fabricamus3
1165 3022 1221 3064 nec
1244 3003 1285 3063 ibi

279 3094 420 3171 erigimus
448 3091 564 3173 altaria,
595 3095 627 3152 in
654 3092 762 3171 quibus
789 3093 989 3153 sacrificemus
1012 3091 1203 3173 martyribus,
1233 3090 1284 3151 sed

280 3183 331 3241 arni
349 3180 410 3240 Deo
429 3189 459 3240 et
477 3188 639 3259 martyrum
658 3188 688 3240 et
705 3188 823 3261 nostro,
846 3181 882 3241 ad
906 3179 983 3259 quod
1008 3181 1185 3241 sacrificium
1208 3182 1286 3241 sicut

278 3269 413 3329 homines
441 3268 509 3349 Dei,
537 3270 588 3346 qui
615 3266 757 3328 mundum
784 3270 815 3328 in
844 3270 908 3329 eius
932 3268 1118 3328 confessione
1141 3270 1285 3348 vicerunt,

279 3375 333 3416 suo
360 3356 426 3417 loco
454 3365 484 3416 et
511 3356 615 3416 ordine
645 3358 847 3437 nominantur,
878 3374 937 3415 non
960 3365 1059 3416 tamen
1082 3374 1098 3415 a
1122 3357 1284 3436 sacerdote,
1304 3369 1337 3418 30

280 3446 331 3523 qui
350 3445 504 3525 sacrificat,
527 3447 710 3506 invocantur.
747 3444 807 3505 Deo
827 3447 945 3525 quippe,
964 3462 1024 3505 non
1042 3446 1114 3524 ipsis
1133 3446 1286 3526 sacrificat,

353 3602 394 3662 16)
413 3595 499 3650 Exod.
518 3602 543 3653 8.

351 3798 385 3845 26
403 3790 571 3846 fabricamus
589 3808 639 3847 om.
659 3791 687 3847 R
