3284 4459
556 513 596 552 nu
611 512 752 553 ouvruarn
765 512 818 552 nni
831 512 858 554 u
872 513 935 553 xvl.
950 512 973 553 o.
987 514 1007 554 s.
1218 498 1280 562 137

277 664 389 726 manus,
408 656 511 707 venter
525 656 623 707 autem
638 664 725 726 rantis,
743 656 773 707 et
791 646 882 725 pedes
901 646 969 726 duo,
988 649 1065 707 sicut
1084 649 1136 708 tini
1154 646 1281 728 hornini3

277 743 306 796 et
333 734 444 795 tamdiu
472 736 556 815 vixit,
583 744 616 795 ut
643 734 751 795 multos
781 734 816 794 ad
840 753 909 796 eum
931 733 1090 796 videndum
1113 735 1188 795 sama
1211 754 1280 796 con·

276 822 414 888 traheret.
461 821 533 894 Quis
556 833 653 884 autem
684 841 786 884 omnes
809 840 1040 885 commemorare
1064 826 1157 903 possit
1178 824 1280 886 buma-

277 929 330 971 nos
353 911 431 972 ietus
458 911 544 990 longe
573 910 730 973 dissimiles
752 911 812 993 bis,
840 930 875 971 ex
899 911 1007 991 quibus
1031 930 1083 972 cos
1105 921 1190 973 natos
1213 931 1279 973 esse

277 1002 475 1060 certissimum
494 995 560 1060 est?
593 999 676 1060 Sicut
696 1018 765 1078 ergo
784 999 857 1059 baec
881 1019 916 1060 ex
939 999 987 1059 ilio
1012 1018 1072 1060 uno
1096 1003 1197 1079 negari
1221 1019 1279 1060 non
1299 1017 1315 1063 5

276 1098 400 1167 possunt
418 1091 562 1167 originem
582 1090 700 1169 ducere,
723 1091 762 1148 ita
782 1106 985 1167 quaecumque
1004 1095 1109 1167 gentes
1131 1091 1162 1148 in
1185 1088 1279 1149 diver·

277 1175 411 1237 sitatibus
430 1195 589 1256 corporum
609 1174 644 1236 ab
668 1179 775 1237 usitato
799 1186 921 1237 naturae
945 1194 1045 1258 cursu,
1068 1194 1156 1254 quem
1179 1176 1281 1256 plores

277 1274 306 1326 et
337 1283 430 1344 prope
462 1283 564 1325 omnes
592 1272 709 1345 tenent,
740 1265 818 1326 velut
845 1264 1026 1325 exorbitasse
1056 1264 1228 1345 traduntur,
1256 1267 1281 1325 si

276 1353 444 1414 defiuitione
479 1353 526 1413 itta
564 1353 772 1434 includuntur,
804 1362 838 1414 ut
869 1352 1019 1412 rationalia
1050 1353 1183 1412 animalia
1222 1355 1281 1415 sint

277 1451 364 1520 atque
394 1441 540 1521 mortalia,
567 1441 603 1500 ab
627 1441 731 1501 eodem
753 1445 817 1520 ipso
842 1459 900 1501 uno
924 1443 1018 1519 primo
1042 1450 1125 1520 patre
1149 1443 1279 1501 omnium
1301 1458 1334 1506 ιο

276 1533 399 1608 stirpem
416 1529 534 1591 trahere
553 1530 751 1590 confitendum
776 1537 831 1611 est,
853 1532 878 1589 si
901 1539 998 1589 tamen
1021 1547 1090 1590 vera
1113 1539 1183 1590 suut
1205 1547 1281 1608 quae

279 1619 315 1678 de
346 1617 462 1678 illarum
495 1621 647 1679 nationum
679 1621 817 1678 varietate
851 1627 881 1678 et
912 1626 992 1677 tauta
1019 1620 1098 1678 inter
1130 1636 1161 1678 se
1192 1627 1280 1697 atque

279 1704 433 1767 nobiscum
451 1705 620 1767 diversitate
643 1707 809 1768 traduntur.
855 1705 929 1765 Nam
951 1713 981 1766 et
1004 1708 1104 1766 simias
1127 1715 1157 1767 et
1180 1724 1280 1766 cerco-

275 1794 409 1874 pithecos
439 1804 470 1855 et
498 1794 635 1874 sphingas
670 1797 695 1856 si
731 1796 914 1855 nesciremus
943 1812 1001 1854 non
1036 1794 1171 1855 homines
1205 1812 1280 1876 esse,

276 1882 326 1943 sed
347 1881 464 1964 bestias,
486 1892 608 1962 possent
625 1883 667 1943 itti
685 1882 818 1944 historici
837 1883 873 1943 de
892 1900 945 1942 sua
964 1885 1134 1944 curiositate
1154 1882 1279 1962 glorian·
1300 1896 1334 1946 15

275 1981 321 2031 tes
345 1970 424 2032 velut
446 1979 549 2050 gentes
571 1970 683 2049 aliquas
713 1970 864 2032 bominum
889 1970 973 2030 nobis
996 1973 1129 2050 inpunita
1154 1973 1279 2032 vanitate

275 2061 403 2121 mentiri.
450 2058 507 2119 Sed
538 2061 563 2119 si
586 2059 720 2119 homines
743 2066 826 2140 sunt,
852 2059 888 2119 de
912 2058 1020 2137 quibus
1042 2059 1091 2119 iila
1115 2061 1188 2119 mira
1211 2077 1280 2120 con-

276 2149 386 2227 scripta
414 2157 495 2207 sunt:
524 2147 608 2230 quid,
638 2150 664 2208 si
690 2156 848 2227 propterea
871 2147 949 2207 Deus
978 2146 1069 2208 voluit
1097 2149 1184 2208 etiam
1207 2164 1280 2207 nou·

275 2236 370 2296 nutias
398 2244 501 2314 gentes
528 2239 569 2295 ita
596 2254 713 2315 creare,
740 2253 777 2296 ne
800 2238 831 2294 iu
854 2235 900 2295 bis
923 2238 1077 2317 monstris,
1104 2253 1179 2314 quae
1203 2235 1280 2314 apud

275 2342 329 2384 nos
362 2330 480 2402 oportet
511 2343 548 2384 ex
579 2323 747 2384 bominibus
779 2326 875 2404 nasci,
912 2326 977 2384 eius
1005 2326 1191 2404 sapientiam,
1223 2341 1280 2404 qua
1299 2339 1335 2387 20

275 2421 411 2474 naturam
441 2412 525 2490 tingit
553 2411 727 2492 humanam,
756 2411 836 2471 votuit
865 2421 959 2472 artem
989 2413 1152 2490 cuiuspiam
1182 2413 1281 2472 minus

274 2501 400 2580 perfecti
430 2501 559 2581 opificis,
588 2509 761 2579 putaremus
791 2496 930 2579 errasse?
969 2498 1034 2559 Nou
1064 2502 1163 2578 itaque
1195 2497 1281 2561 nobis

274 2588 369 2649 videri
392 2586 479 2648 debet
502 2587 679 2669 absurdum,
709 2596 756 2669 ut,
785 2605 873 2667 quem
901 2587 936 2647 ad
960 2587 1079 2647 modum
1101 2590 1133 2647 in
1156 2586 1281 2666 singuiis

275 2676 443 2755 quibusque
466 2675 603 2755 gentibus
631 2676 773 2756 quaedam
801 2685 931 2736 monstra
955 2685 1023 2736 suut
1046 2674 1210 2756 bominum,
1239 2678 1281 2736 ita

274 2768 305 2824 in
324 2765 463 2824 universo
482 2783 590 2844 genere
610 2765 737 2826 humano
752 2763 894 2842 quaedam
912 2772 1043 2824 monstra
1061 2766 1280 2842 sintgentium.
1300 2778 1335 2827 ab

275 2851 465 2931 Quapropter
494 2861 529 2914 ut
560 2855 644 2914 istam
678 2855 882 2931 quaestionem
913 2851 1103 2931 pedetemtim
1136 2861 1281 2930 cauteque

275 2939 464 3002 concludam:
496 2949 547 3000 aut
578 2941 638 3023 itta,
671 2959 744 3020 quae
778 2941 845 3001 talia
877 2939 913 3000 de
941 2939 1116 3018 quibusdam
1143 2938 1281 3018 gentibus

274 3031 387 3108 scripta
421 3037 504 3109 sunt,
536 3032 654 3089 omniuo
683 3029 761 3089 nulia
789 3038 874 3106 sunt3
907 3037 957 3088 aut
986 3031 1011 3087 si
1035 3035 1117 3109 sunt,
1147 3026 1282 3089 homines

272 3134 335 3178 nou
359 3124 440 3197 sunt3
465 3127 515 3178 aut
539 3135 573 3177 ex
597 3116 687 3178 Adam
711 3124 788 3197 sunt,
812 3119 837 3176 si
860 3116 994 3176 homines
1018 3126 1095 3177 sunt

345 3338 362 3386 4
382 3347 416 3385 ex
434 3347 484 3386 om.
500 3330 541 3387 R¹
554 3332 564 3402 t
578 3335 593 3382 6
609 3337 672 3400 post
689 3331 827 3402 originem
844 3333 876 3387 iu
893 3333 950 3387 cod.
964 3333 993 3386 A
1006 3350 1108 3405 magua
1121 3342 1160 3390 est
1172 3337 1284 3403 bama,

270 3419 344 3472 quae
354 3402 475 3470 pertinet
487 3417 571 3470 usque
584 3403 621 3456 od
635 3407 699 3468 160,
710 3405 727 3456 7
740 3403 749 3472 ΙΙ
763 3407 797 3456 20
811 3404 922 3471 oportet
936 3402 1179 3476 nnosaoeqpr
1193 3407 1285 3490 μίαν»

270 3477 304 3528 iu
319 3473 376 3528 cod.
395 3474 427 3539 V,
441 3473 520 3526 cuius
533 3474 671 3540 scripturo
684 3474 728 3528 bie
738 3491 842 3542 parum
855 3474 979 3528 dilueida
992 3481 1039 3541 est,
1053 3478 1164 3543 oportet
1176 3477 1286 3533 vedum

269 3545 407 3614 seriptum
425 3543 537 3611 snisoe);
554 3545 635 3614 patet
652 3561 684 3611 o;
701 3545 816 3612 sortasse
834 3545 989 3616 legendum:
1007 3548 1126 3616 apparet
