3284 4459
546 533 588 574 un
601 532 745 573 crvmamr
757 533 811 573 nm
824 533 852 575 1..
866 534 929 575 xx1.
943 533 967 576 c.
982 535 1002 575 e.
1218 520 1284 583 499

275 688 381 730 narum
405 676 436 729 et
458 669 650 749 magicarum,
680 668 710 729 id
733 676 779 728 est
801 686 855 747 per
878 667 1013 749 homines
1037 669 1285 751 daemonicarum,

275 761 384 819 artium
413 766 443 817 et
469 760 602 835 ipsorum
630 774 743 835 perse
770 759 852 835 ipsos
879 755 1056 818 daemonum
1083 758 1174 818 multa
1197 760 1284 819 mira-

275 846 355 925 cula3
378 863 453 924 quae
476 847 502 905 si
525 862 632 923 negare
653 844 841 924 noluerimus,
865 845 959 905 eidem
983 846 1040 923 ipsi
1064 848 1114 906 cui
1135 847 1285 907 credimus

275 951 428 995 sacrarum
455 931 620 993 litterarum
648 932 868 993 adversabimur
895 935 1020 993 veritati.
1066 933 1124 993 Aut
1152 952 1223 1013 ergo
1253 936 1284 995 in

276 1023 398 1083 lucerna
430 1020 477 1081 illa
511 1020 714 1081 mechanicum
746 1021 856 1099 aliquid
889 1019 925 1081 de
958 1020 1053 1099 lapide
1086 1020 1203 1083 asbesto
1235 1034 1318 1083 arse

275 1111 403 1172 bumana
434 1108 534 1169 molita
566 1115 613 1169 est
641 1117 692 1169 aut
723 1117 786 1168 arte
821 1111 932 1187 magica
969 1110 1077 1169 lactum
1110 1118 1169 1189 est,
1205 1110 1284 1189 quod

276 1199 411 1259 homines
434 1197 484 1256 illo
507 1198 688 1257 mirarentur
710 1199 740 1256 in
764 1197 887 1277 templo,
917 1205 968 1257 aut
990 1196 1114 1258 daemon
1138 1200 1284 1277 quispiam

276 1286 333 1348 sub
352 1288 470 1347 nomine
489 1284 613 1344 Veneris
630 1292 710 1344 tanta
734 1303 765 1344 se
789 1286 919 1345 efficacia
942 1288 1148 1366 praesentarit,
1172 1296 1205 1347 ut
1227 1287 1284 1347 boc

275 1375 319 1436 ibi
345 1373 513 1455 prodigium
541 1380 572 1434 et
599 1381 754 1451 appareret
781 1372 950 1434 bominibus
978 1381 1008 1433 et
1035 1374 1146 1434 diutius
1169 1392 1283 1453 perma-

276 1470 370 1523 neret.
414 1461 592 1522 lnliciuntur
619 1469 717 1522 autem
745 1461 903 1521 daemones
926 1462 962 1521 ad
985 1460 1207 1523 inhabitandum
1230 1481 1284 1541 per
1304 1475 1337 1525 ιο

276 1559 437 1625 creaturas,
461 1567 533 1629 quas
553 1567 612 1609 non
631 1551 697 1628 ipsi,
720 1549 772 1610 sed
795 1548 875 1609 [leus
898 1550 1037 1628 condidit,
1060 1550 1284 1611 delectabilibus

275 1657 331 1720 pro
356 1657 410 1699 sua
428 1638 598 1698 diversitate
616 1637 750 1718 diversis,
772 1656 832 1697 non
856 1646 889 1698 ut
911 1637 1046 1699 animalia
1069 1637 1152 1720 cibis,
1176 1640 1227 1700 sed
1251 1648 1285 1700 ut

276 1730 399 1808 spiritus
422 1728 528 1805 signis,
552 1744 626 1802 quae
651 1728 794 1803 cuiusque
818 1725 1006 1786 delectationi
1030 1736 1208 1809 congruunt,
1230 1747 1285 1807 per

276 1817 356 1877 varia
379 1832 487 1894 genera
510 1812 639 1892 lapidum
658 1813 827 1893 herbarum,
850 1814 998 1892 lignorum
1021 1815 1198 1895 animalium,
1222 1834 1283 1877 car·

276 1906 389 1965 minum
408 1905 529 1964 rituum.
574 1900 613 1963 Ut
631 1909 730 1963 autem
747 1901 917 1962 inliciantur
941 1902 976 1963 ab
1000 1903 1178 1979 bominibus,
1200 1906 1284 1983 prius
1304 1916 1338 1967 15

277 2011 328 2054 eos
358 1992 415 2070 ipsi
447 1992 626 2050 astutissima
659 1989 814 2049 calliditate
845 1989 1004 2069 seducunt,
1036 1990 1082 2050 rel
1113 1992 1284 2072 inspirando

277 2098 382 2141 eorarm
410 2077 551 2139 cordibus
577 2082 658 2138 virus
687 2077 835 2138 occultum
859 2078 904 2138 vel
928 2081 1016 2138 etiam
1040 2078 1191 2140 fallacibus
1214 2083 1283 2140 ami·

276 2171 355 2230 citiis
377 2166 554 2247 apparendo,
577 2184 740 2244 eorumque
762 2184 873 2245 paucos
897 2166 1057 2245 discipulos
1080 2184 1150 2227 suos
1173 2168 1285 2228 iaciunt

276 2257 532 2337 plurimorumque
551 2255 696 2316 doctores.
732 2253 836 2333 Neque
854 2257 934 2315 enim
951 2257 1057 2334 potuit,
1079 2257 1137 2315 nisi
1154 2258 1283 2335 primum

276 2348 351 2424 ipsis
373 2342 557 2423 docentibus,
579 2343 654 2402 disci
677 2342 746 2421 quid
771 2344 898 2420 quisque
921 2342 1038 2403 illorum
1062 2351 1190 2422 appetat,
1213 2344 1283 2422 quid
1304 2358 1338 2405 ιι)

276 2432 443 2513 exhorreat,
466 2449 525 2509 quo
543 2433 686 2490 invitetur
704 2432 832 2506 nomine,
856 2448 915 2509 quo
934 2441 1069 2511 cogatur,
1092 2431 1171 2491 unde
1195 2433 1283 2510 magi·

276 2540 328 2583 cae
360 2529 439 2581 artes
469 2536 631 2597 eartrmque
659 2518 787 2578 artifices
814 2521 985 2581 extiterunt.
1034 2518 1157 2579 Maxime
1186 2527 1284 2581 autem

275 2608 431 2689 possident
461 2606 550 2667 corda
582 2606 763 2687 mortalium,
795 2624 854 2685 qua
880 2609 1067 2686 potissimum
1096 2610 1284 2686 possessione

277 2697 456 2777 gloriantur,
484 2713 552 2755 curn
580 2712 612 2754 se
640 2695 851 2774 transfigurant
877 2697 909 2755 in
937 2695 1056 2773 angelos
1079 2694 1162 2755 lucis.
1209 2695 1285 2756 Sunt

278 2804 349 2865 ergo
377 2785 454 2845 lacta
481 2801 585 2844 eorum
612 2782 754 2864 plurima,
783 2801 859 2862 quae
888 2792 997 2863 quanto
1025 2784 1117 2862 magis
1142 2783 1284 2844 mirabilia
1304 2796 1337 2845 25

278 2874 470 2946 confitemur,
497 2878 578 2932 tanto
611 2873 726 2931 cautius
758 2873 850 2933 vitare
882 2871 1038 2951 debemus;
1071 2870 1123 2932 sed
1154 2872 1189 2932 ad
1219 2872 1285 2954 boc,

279 2961 357 3022 unde
381 2978 461 3020 nunc
483 2962 607 3039 agimus,
630 2958 716 3019 nobis
738 2962 827 3020 etiarn
850 2962 913 3039 ipsa
936 2960 1104 3039 proliciunt.
1151 2959 1183 3020 Si
1205 2963 1284 3021 enim

278 3048 350 3109 baec
392 3044 529 3109 inmundi
573 3043 729 3104 daemones
771 3052 910 3125 possunt,
956 3052 1065 3124 quanto
1104 3046 1288 3123 potentiores

277 3142 348 3197 sunt
379 3135 473 3195 sancti
505 3132 614 3211 angeli,
646 3142 754 3211 quanto
785 3135 935 3212 potentior
961 3133 1009 3193 bis
1036 3131 1173 3193 omuibus
1200 3132 1287 3211 deus,

279 3223 333 3301 qui
355 3229 506 3282 tantorum
533 3216 744 3280 miraculorum
773 3219 930 3279 effectores
955 3220 1042 3279 etiam
1065 3220 1146 3297 ipsos
1169 3218 1288 3297 angelos
1306 3231 1338 3281 tt]

280 3308 365 3371 lecit!

371 3397 465 3468 Qunam
491 3395 613 3457 obrem
636 3397 661 3455 si
684 3402 728 3455 tot
750 3403 781 3456 ct
803 3403 884 3456 tanta
907 3394 1039 3475 mirifica,
1062 3412 1137 3473 quae
1160 3390 1288 3474 μηχανή-

281 3509 358 3566 ματα
386 3484 546 3566 appellant,
579 3483 632 3543 Dei
661 3492 796 3543 creatura
826 3482 978 3543 utentibus
1008 3482 1144 3543 humenis
1174 3482 1288 3543 artibus

280 3576 366 3654 liunt,
388 3582 422 3634 ut
444 3590 478 3632 ea
502 3574 553 3651 qui
576 3573 715 3631 nesciunt
736 3573 896 3650 opinentur
919 3589 985 3631 esse
1008 3571 1104 3632 diuina
1130 3565 1224 3653 (uude
1247 3571 1287 3631 la·
1330 3583 1333 3589 ’

280 3672 362 3724 ctum
390 3670 449 3741 est,
477 3670 510 3721 ut
536 3662 567 3719 in
596 3658 723 3737 quodam
745 3658 855 3737 templo
878 3657 1024 3737 lapidibus
1047 3658 1233 3737 magnetibus
1256 3660 1287 3721 in
1307 3670 1338 3719 ³5
1391 3684 1393 3688 ·

347 3773 392 3841 ιι)
411 3776 435 3825 2.
455 3770 514 3824 Cor.
535 3775 578 3837 11,
593 3776 634 3823 14.

348 3901 382 3949 29
400 3894 542 3964 potentior
560 3894 603 3947 esb
621 3892 665 3945 bis
684 3908 702 3946 o
