3284 4459
548 521 589 560 nn
603 519 1000 564 crvrrsrnnnrrtxucoe.
1216 511 1279 576 111

273 653 414 714 dixerunt
436 655 510 715 istos
533 661 564 716 et
584 653 661 721 tilios
683 654 749 735 Dei3
778 655 859 735 quod
880 656 1001 736 quidem
1023 675 1082 718 non
1105 675 1209 721 omnes
1231 676 1280 720 co·

272 742 354 803 dices
386 740 513 824 hahent,
545 760 613 802 nam
647 743 766 821 quidam
798 745 857 805 nisi
888 743 966 809 tilios
991 744 1045 806 Dei
1076 764 1136 806 non
1163 746 1281 808 hahent.

272 829 377 909 Aquila
396 838 505 912 autem,
525 849 612 909 quem
631 833 826 910 interpretem
845 832 946 894 ludaei
964 835 1073 895 ceteris
1089 842 1283 915 anteponunt,

272 936 334 979 non
356 918 477 997 angelos
500 918 568 999 Dei,
595 937 651 980 nec
673 919 749 981 filios
772 919 839 995 Dei,
869 920 920 982 sed
944 920 1020 982 hhos
1043 922 1167 984 deorum
1188 925 1280 985 inter·

271 1013 408 1087 pretatus
432 1014 486 1069 est„
531 1006 698 1086 Utrumque
726 1016 825 1070 autem
855 1026 960 1070 verum
981 1018 1036 1072 est.
1080 1009 1154 1071 Nam
1176 1020 1207 1071 et
1228 1011 1282 1072 iiiii
1300 1021 1325 1074 ὁ.

271 1095 326 1156 Dei
353 1104 453 1178 erant,
480 1095 536 1157 sub
564 1113 623 1176 quo
653 1103 738 1176 patre
766 1115 889 1158 suorum
916 1105 1034 1176 patrum
1062 1101 1150 1160 ctiam
1174 1099 1282 1161 iratres

271 1191 371 1265 erant3
398 1192 430 1245 et
456 1182 508 1244 tilii
535 1183 679 1265 deornm,
707 1187 847 1264 quoniam
872 1185 931 1246 diis
957 1188 1049 1264 geniti
1078 1196 1180 1266 erant,
1212 1206 1282 1248 cum

272 1271 382 1352 quihus
400 1280 431 1334 et
448 1273 505 1351 ipsi
524 1272 565 1332 dii
588 1282 673 1334 erant
695 1275 776 1334 iuxta
799 1273 872 1336 iilud
894 1272 1013 1353 psalmi:
1035 1275 1102 1348 Eoo
1125 1277 1206 1336 dici:
1228 1277 1284 1336 bo·

272 1364 344 1424 estc
357 1364 458 1435 etfilit
470 1361 596 1422 Excelsa·
608 1379 716 1424 omncs.
752 1361 859 1422 Merito
877 1363 958 1422 enim
976 1362 1141 1424 creduutnr
1162 1372 1280 1442 septua-

272 1452 353 1530 ginta
381 1451 562 1528 interpretes
591 1452 743 1530 accepisse
770 1449 978 1529 propheticum
1005 1452 1157 1532 spiritum,
1185 1460 1232 1532 ut,
1256 1454 1282 1513 si
1301 1464 1335 1514 ιο

272 1537 343 1618 quid
377 1539 442 1599 eius
473 1539 650 1598 auctoritate
683 1545 832 1599 mutarent
863 1546 952 1616 atque
983 1538 1070 1600 aliter
1100 1557 1189 1618 quam
1217 1548 1283 1602 erat

272 1626 352 1707 quod
366 1625 640 1708 interpretabantur
653 1626 795 1705 dicerent,
818 1643 916 1705 neque
935 1627 992 1688 boc
1009 1626 1151 1688 divinitus
1168 1628 1281 1690 dictum

273 1732 340 1776 esse
359 1712 555 1776 dubitaretur.
591 1713 732 1785 Quamvis
753 1713 810 1774 hoc
832 1716 863 1776 in
882 1713 1018 1776 Hebraeo
1036 1733 1103 1776 esse
1125 1715 1281 1796 perhibea-

272 1812 323 1866 tur
350 1801 535 1882 ambIguum,
561 1811 596 1863 ut
618 1810 650 1864 et
671 1801 723 1863 tilii
745 1802 799 1863 Dei
825 1811 858 1864 et
883 1803 936 1864 iiiii
965 1803 1090 1864 deorum
1112 1813 1215 1883 posset
1236 1807 1280 1866 in·

272 1893 441 1972 terpretari.
1300 1904 1336 1956 16·

362 1977 540 2040 Omittamus
566 1981 658 2059 igitur
686 1997 788 2041 earum
811 1980 1028 2060 scripturarum
1051 1980 1177 2062 fabulas,
1205 1999 1280 2059 quac

272 2066 456 2148 apocryphae
488 2076 712 2149 nuncupantur,
743 2085 779 2130 eo
812 2068 892 2148 quod
919 2086 1022 2131 earum
1053 2069 1170 2130 occulta
1197 2071 1285 2148 origo·

273 2175 332 2218 non
361 2155 468 2218 claruit
495 2155 642 2236 patribus,
670 2175 687 2217 a
714 2155 824 2235 quihus
850 2174 946 2236 usque
974 2155 1009 2217 ad
1037 2173 1093 2219 nos
1119 2159 1280 2219 auctoritas

273 2246 424 2306 veracium
442 2247 658 2325 scripturarum
676 2246 843 2306 certissima
860 2252 892 2306 et
913 2247 1068 2306 notissima
1091 2247 1280 2306 successione

272 2335 417 2415 pervenit.
461 2331 495 2394 ln
522 2332 570 2394 his
597 2344 696 2394 autem
724 2332 900 2414 apocryphis
926 2335 986 2395 etsi
1012 2335 1162 2395 invenitur
1184 2333 1334 2412 eliquato

272 2425 382 2484 veritas
389 2468 398 2503 ,
420 2429 519 2482 umen
541 2431 664 2501 propter
686 2421 778 2483 multa
800 2421 872 2482 falsa
894 2421 975 2483 nulia
998 2429 1045 2483 est
1066 2423 1207 2482 canonica
1230 2440 1279 2482 au·

272 2513 405 2572 ctoritas.
442 2508 603 2589 Scripsisse
633 2509 753 2589 quidem
776 2509 918 2571 nonnulla
940 2507 1039 2570 divine
1060 2508 1145 2571 illum
1166 2508 1281 2592 Enoch,

272 2600 433 2678 septimum
459 2595 496 2658 ab
523 2597 627 2677 Adam,
655 2615 763 2677 negare
790 2616 851 2658 non
873 2616 1046 2678 possumus,
1073 2615 1141 2658 cum
1169 2597 1225 2658 hoc
1247 2600 1278 2658 in

272 2685 400 2767 epistula
423 2688 564 2746 canonica
586 2685 673 2746 ludas
696 2685 847 2766 apostolus
870 2686 957 2747 dicat.
1003 2685 1062 2746 Sed
1085 2703 1144 2746 non
1168 2686 1280 2750 irustra

272 2793 333 2836 non
361 2781 431 2835 sunt
459 2774 490 2834 in
518 2791 554 2834 eo
581 2792 694 2834 canone
721 2776 951 2855 scripturarum,
979 2777 1030 2853 qui
1053 2773 1226 2835 servabatur
1248 2777 1279 2834 in
1298 2787 1333 2837 25

272 2863 384 2944 templo
401 2861 529 2922 Hebraei
546 2861 648 2942 populi
666 2861 889 2926 succedentium
909 2862 1059 2940 diligentia
1083 2861 1279 2943 sacerdotum,

272 2953 331 3013 nisi
363 2953 432 3029 quia
463 2949 501 3011 ob
532 2951 737 3029 antiquitatem
765 2957 921 3028 suspectae
949 2950 1017 3010 iidei
1043 2950 1172 3010 iudicata
1201 2960 1280 3029 sunt,

272 3058 328 3101 nee
352 3045 454 3100 utrum
480 3037 553 3100 haec
583 3047 697 3117 essent,
719 3055 794 3118 quae
817 3037 867 3099 ilie
889 3039 1074 3120 scripsisset,
1096 3046 1213 3117 poterat
1235 3041 1278 3099 in·

272 3129 382 3208 veniri,
404 3144 464 3187 non
488 3126 594 3188 talibus
616 3125 852 3206 proferentibus,
874 3128 926 3205 qui
948 3144 983 3186 ea
1005 3143 1059 3204 per
1082 3128 1190 3187 seriem
1213 3144 1279 3188 sue·

272 3217 417 3278 cessionis
439 3217 644 3294 reperirentur
666 3215 723 3276 rite
746 3232 890 3276 servasse.
933 3213 1018 3275 Unde
1040 3211 1102 3294 ilia,
1126 3232 1200 3292 quae
1223 3214 1280 3275 sub
1298 3228 1333 3278 30

271 3308 338 3367 eius
361 3304 480 3364 nomine
507 3303 700 3382 proferuntur
714 3349 716 3353 .
729 3308 761 3363 et
783 3305 937 3363 continent
957 3303 1030 3362 istas
1053 3302 1089 3362 de
1113 3301 1280 3381 gigantibus

271 3391 395 3472 fabulaS,
418 3391 496 3470 quod
520 3409 579 3451 non
597 3389 755 3450 habuerint
777 3390 912 3451 homines
933 3396 1044 3474 patres,
1065 3398 1147 3492 recte
1171 3407 1187 3450 a
1209 3408 1279 3470 pru·

343 3526 434 3598 mro.
453 3529 539 3593 ece
577 3523 674 3593 adv.
694 3529 735 3581 14.

179 3691 180 3712 t
343 3657 418 3711 'idrs
434 3613 1282 3742 V1t1o²cdehisA3diisFr3oiioo13odis1t23ootisep

179 3721 180 3744 ¹
270 3737 305 3784 14
318 3730 417 3800 posset
431 3701 605 3797 VGaepre3
618 3733 734 3811 possent
747 3731 854 3797 RAb¹3
868 3731 977 3800 possint
984 3703 1049 3784 ’Fe’
1061 3732 1071 3800 ΙΙ
1084 3735 1118 3783 22
1134 3729 1230 3783 diuine
1242 3731 1280 3798 Fi

270 3801 387 3855 diuinae
406 3800 547 3868 VRAer3
566 3799 665 3854 dimne
685 3801 799 3870 Gobpu
