3284 4459
739 477 760 520 8.
773 477 940 520 tuentum

737 677 856 744 Garun
873 678 945 745 XV.

386 811 434 871 An
457 810 604 870 credibile
627 809 669 868 cit
686 807 783 883 primi
802 810 920 868 soeculi
939 811 1022 868 uiros
1042 825 1138 882 usque
1161 810 1205 869 ud
1225 825 1293 869 eom

457 904 594 977 oetatem,
617 913 678 970 quo
698 897 778 968 filios
799 913 965 970 generasse
986 894 1174 971 reseruntur,
1198 915 1218 958 o

651 985 813 1044 concubitu
837 986 1028 1045 continuisse.

303 1121 319 1170 t
426 1109 510 1170 Dicet
538 1125 608 1188 ergo
636 1107 754 1186 aliquis:
780 1105 885 1188 „Itane
912 1107 1093 1169 credendum
1121 1117 1168 1169 est
1194 1109 1344 1170 hominem

337 1197 413 1270 tilios
436 1205 646 1276 generaturum
674 1213 729 1256 nec
756 1194 913 1264 habentem
935 1198 1120 1274 propositum
1143 1199 1344 1258 continentiae
1454 1188 1457 1197 '

338 1293 458 1348 centurn
485 1295 515 1347 et
543 1283 681 1365 amplius,
711 1283 757 1342 vel
789 1283 952 1344 seeundum
979 1283 1130 1345 Hebraeos
1160 1303 1220 1346 non
1250 1285 1345 1347 murlto
1454 1344 1457 1355 ,

339 1377 450 1455 minus,
478 1374 507 1435 id
541 1381 587 1434 est
613 1374 773 1450 octoginta,
803 1374 1001 1454 septuaginta,
1032 1375 1182 1452 sexaginta
1210 1392 1345 1434 annosa
1454 1416 1457 1447 ;

339 1461 554 1525 concumbendi
585 1479 674 1540 opere
706 1461 853 1539 vaenisse,
885 1468 936 1520 aut
962 1462 988 1520 si
1015 1479 1075 1522 nou
1107 1471 1239 1543 vacaret,
1271 1461 1347 1522 nihil
1453 1466 1457 1523 ἶ

287 1563 321 1612 10
338 1551 430 1631 prolis
457 1552 578 1629 gignere
612 1543 789 1628 potuisse?“
832 1547 912 1609 Haec
942 1551 1075 1628 quaestio
1103 1549 1220 1610 duobus
1247 1550 1346 1610 modis
1453 1542 1457 1551 '

339 1639 470 1700 solvitur.
514 1639 573 1698 but
591 1639 669 1696 enim
688 1645 769 1697 tanto
788 1638 884 1696 serior
901 1637 958 1697 tuit
979 1639 1170 1718 proportione
1193 1638 1347 1720 pubertas,
1453 1666 1457 1705 2

340 1735 449 1808 quanto
467 1729 542 1786 vitae
557 1726 649 1786 totins
667 1727 760 1784 maior
778 1726 941 1805 annositas3
964 1734 1024 1807 aut,
1047 1727 1125 1804 quod
1144 1729 1237 1806 magis
1259 1727 1347 1787 video

339 1834 405 1877 esse
424 1813 573 1888 credibile,
596 1831 655 1873 non
669 1812 718 1872 hic
736 1815 926 1892 primogeniti
947 1813 999 1873 tilii
1022 1817 1243 1875 commemorati
1265 1824 1346 1894 sunt,

340 1905 392 1966 sed
422 1921 496 1981 quos
526 1902 723 1963 successionis
746 1901 819 1961 ordo
842 1900 995 1982 poscebat,
1024 1911 1057 1963 ut
1078 1905 1285 1982 perveniretur
1308 1904 1346 1964 ad

288 2004 320 2054 15
339 1993 415 2073 Noe,
439 2009 455 2051 a
478 2009 536 2070 qno
559 2006 666 2050 rursus
688 1989 724 2049 ad
747 1988 892 2049 Abraham
914 1989 1048 2050 videmus
1070 2008 1137 2051 esse
1159 1999 1346 2073 perventum,

340 2100 374 2142 ac
397 2078 502 2140 deinde
527 2096 620 2157 usque
643 2077 679 2137 ad
702 2087 818 2138 certum
841 2077 997 2138 articulum
1020 2081 1178 2160 temporis,
1202 2089 1346 2158 quantum

340 2167 495 2248 oportebat
517 2168 628 2246 signari
645 2167 732 2226 etiam
755 2164 995 2244 generationibus
1018 2170 1254 2228 commemoratis
1277 2187 1346 2229 cur·

340 2274 406 2317 sum
433 2255 660 2334 gloriosissimae
691 2255 817 2315 civitatis
846 2256 877 2314 in
903 2253 960 2314 hoc
988 2256 1099 2316 mundo
1127 2258 1347 2335 peregrinantis

340 2354 371 2407 et
393 2361 551 2423 supernam
568 2344 693 2422 patriam
715 2344 905 2420 requirentis.
951 2342 1037 2414 Quod
1059 2345 1138 2404 enim
1162 2346 1263 2423 negari
1285 2363 1347 2406 non

288 2446 322 2496 20
340 2441 447 2512 potest,
469 2433 552 2510 prior
570 2429 707 2491 omnibns
726 2429 797 2490 Cain
816 2447 852 2491 ex
871 2432 1078 2491 coniunctione
1097 2435 1187 2492 maris
1209 2442 1240 2494 et
1262 2433 1347 2494 lemi-

341 2540 395 2582 nae
419 2527 579 2581 natusest.
623 2519 725 2597 Neque
745 2521 823 2579 enim
842 2519 892 2580 illo
911 2527 979 2580 nato
998 2519 1121 2581 dixisset
1142 2521 1243 2598 Adam,
1266 2521 1347 2600 quod

340 2609 449 2670 dixisse
479 2608 600 2686 legitur:
632 2610 791 2682 Aequent
815 2610 964 2668 bominem
989 2626 1048 2684 per
1070 2609 1180 2683 Deum,
1207 2611 1266 2670 nisi
1287 2609 1349 2671 illis

341 2697 457 2758 duobus
475 2699 538 2774 ipse
557 2697 663 2757 inisset
685 2695 772 2756 homo
796 2695 943 2756 nascendo
966 2696 1083 2756 additus
1105 2699 1227 2776 primns.
1260 2697 1348 2760 Hunc

342 2795 462 2847 secutus
485 2784 566 2865 Abel,
588 2801 677 2863 quem
699 2785 792 2843 maior
815 2784 907 2845 irater
929 2785 1046 2866 occidit,
1067 2785 1348 2864 praefigurationem

289 2873 487 2952 sequendam
514 2873 730 2952 peregrinantis
758 2873 883 2933 civitatis
911 2871 977 2946 Dei,
1009 2873 1088 2952 quod
1123 2873 1159 2934 ab
1188 2876 1287 2953 impiis
1317 2885 1350 2937 et

343 2963 469 3040 quodam
497 2960 583 3020 modo
611 2962 782 3039 terrigenis,
809 2960 840 3020 id
868 2970 914 3020 cst
942 2969 1091 3020 terrenam
1114 2963 1259 3041 originem
1281 2963 1347 3024 dili·
1458 2968 1459 2995 i

342 3048 480 3130 gentibus
508 3057 538 3109 et
566 3057 702 3109 terrenae
730 3049 856 3108 civitatis
885 3057 1004 3109 terrena
1031 3048 1170 3110 felicitate
1194 3051 1348 3129 gaudenti·
1458 3122 1459 3133 ,

341 3138 408 3219 bus,
430 3139 652 3218 persecutiones
670 3138 786 3215 iniquas
804 3155 927 3215 passura
945 3137 1049 3211 lucrat,
1072 3139 1186 3216 primus
1209 3139 1348 3202 ostendit.

343 3227 401 3288 Sed
425 3234 497 3305 quot
520 3243 664 3285 annorum
688 3233 751 3285 erat
773 3224 878 3306 Adam,
907 3243 976 3286 cum
998 3243 1050 3285 eos
1073 3228 1188 3307 genuit,
1216 3245 1275 3287 non
1298 3246 1347 3308 ap·
1458 3290 1459 3305 ,

289 3329 325 3377 30
343 3323 435 3395 paret.
471 3313 583 3374 Exinde
601 3313 777 3392 digeruntur
795 3314 1002 3391 generationes
1020 3313 1092 3374 aliae
1115 3314 1152 3374 de
1171 3313 1251 3396 Cain,
1275 3315 1349 3377 aliae

413 3429 457 3496 ee)
476 3427 543 3482 Gen.
563 3434 587 3496 t,
604 3435 627 3481 1.

340 3521 554 3531 ——-·-—-

412 3557 428 3605 9
450 3551 579 3606 nocuisse
597 3550 803 3606 Beneuen
821 3553 868 3618 (ci.
888 3553 904 3605 t.
920 3555 938 3606 3
956 3557 1055 3620 c.17);
1077 3552 1220 3608 nocuisset
1239 3556 1276 3621 νς
1297 3571 1350 3609 ua-

341 3639 419 3677 casse
435 3621 496 3690 nc²3
512 3622 660 3677 uacauisse
676 3621 816 3690 G¹ob¹pu
830 3624 840 3691 l
854 3627 888 3675 24
901 3624 1137 3693 praefiguratione
1150 3624 1273 3692 quadem
1286 3626 1350 3680 obe

341 3700 376 3819 {g
394 3692 688 3819 &pritepmisklgem
712 3693 787 3761 quod
809 3696 884 3747 esset
904 3693 939 3747 ab
960 3695 1133 3764 medem
1156 3711 1228 3764 qnae
1247 3695 1321 3765 ebp
1338 3697 1349 3770 η
