3284 4459
573 490 614 532 nn
628 489 771 531 omniun
783 488 838 530 εει
851 490 877 529 n.
891 490 977 530 xum
992 489 1015 530 o.
1028 492 1061 532 ss.
1252 475 1318 542 339

308 645 362 692 sus
390 634 421 687 et
446 642 502 705 per
529 623 667 702 angelum
694 621 849 704 liberatus,
876 623 928 685 uhi
956 625 1049 703 fugati
1076 633 1165 704 atque
1191 625 1319 706 dispersi

308 715 347 776 de
377 711 588 792 Hierosolymis
618 713 740 790 iratres,
769 710 820 771 uhi
850 710 969 792 Saulus,
1000 715 1050 789 qui
1077 722 1179 793 postea
1209 714 1317 776 Paulus

309 802 461 883 apostolus
485 802 580 862 lactus
603 808 662 881 est,
690 796 824 860 vastabat
846 799 1013 879 ecclesiam,
1038 800 1088 862 uhi
1111 804 1174 881 ipse
1198 821 1317 882 quoque

309 894 369 952 iam
387 889 484 968 iidem,
506 906 594 968 quam
612 887 856 968 persequebatur,
880 889 1088 970 evangelizans,
1112 890 1208 969 qualia
1230 893 1316 952 iacie-

310 979 373 1060 hat,
397 986 442 1038 est
464 995 582 1058 passim,
610 979 671 1037 sive
693 993 748 1056 per
770 975 908 1037 Iudaeam
940 979 1001 1038 sire
1023 996 1078 1056 per
1104 978 1175 1039 alias
1203 989 1352 1061 gemens

310 1083 496 1146 quaecumque
538 1064 687 1126 Christum
728 1065 964 1125 ferventissimus
1004 1062 1213 1145 praedicabat?
1257 1066 1318 1129 Cur

310 1173 382 1234 ergo
408 1156 452 1214 eis
480 1172 496 1214 a
523 1151 640 1213 Nerone
668 1152 783 1212 videtur
810 1152 1000 1233 ordiendum,
1028 1172 1098 1214 cum
1127 1155 1163 1216 ad
1191 1153 1317 1217 Neronis

311 1253 444 1322 tempora
462 1243 541 1302 inter
560 1243 758 1302 atrocissimas
780 1243 1014 1321 persecutiones,
1037 1240 1073 1302 de
1097 1242 1206 1321 quibus
1230 1246 1317 1305 nimis

310 1331 431 1410 longum
453 1339 499 1391 est
521 1338 628 1391 cuncta
651 1328 763 1408 dicere,
793 1328 918 1389 ecclesia
941 1329 1103 1390 crescendo
1126 1329 1317 1411 pervenerit?

311 1417 396 1490 Quod
420 1420 446 1478 si
468 1437 485 1478 a
506 1416 627 1497 regibus
649 1417 740 1478 laetas
768 1419 1001 1497 persecutiones.
1014 1420 1046 1478 in
1068 1435 1193 1480 numero
1216 1423 1370 1483 existi-10

311 1515 392 1568 mant
409 1524 475 1567 esse
494 1505 617 1566 dehere:
640 1523 691 1565 rex
712 1505 768 1565 luit
787 1504 929 1586 llerodes,
953 1509 1003 1585 qui
1022 1508 1110 1567 etiam
1129 1516 1197 1587 post
1215 1526 1315 1570 ascen·

311 1613 377 1656 sum
406 1594 521 1655 Domini
549 1595 749 1673 gravissimam
777 1593 855 1654 lecit.
901 1593 1012 1654 Deinde
1042 1596 1112 1673 quid
1136 1597 1317 1675 respondent

311 1687 398 1744 etiam
430 1682 466 1743 de
499 1681 624 1762 loliano,
655 1699 744 1761 quem
772 1699 831 1742 non
860 1692 1017 1743 numerant
1043 1685 1073 1743 in
1104 1681 1227 1763 decem?
1271 1687 1316 1746 An

311 1774 384 1852 ipse⁴
398 1789 458 1832 non
481 1778 526 1833 est
550 1770 702 1830 ecclesiam
726 1778 912 1849 persecutus,
935 1772 986 1849 qui
1005 1769 1188 1833 Christianos
1210 1772 1315 1834 libera·

311 1860 354 1920 les
373 1855 485 1920 litteras
504 1858 611 1918 docere
631 1876 664 1918 ac
683 1856 798 1918 discere
821 1855 937 1919 vetuit?
974 1858 1036 1919 Sub
1060 1878 1117 1938 quo
1141 1858 1315 1922 Valentinia-
1336 1871 1369 1920 16

311 1967 368 2009 nus
400 1950 505 2027 maior,
537 1949 588 2025 qui
618 1955 687 2025 post
723 1965 791 2006 eum
823 1949 930 2006 tertius
956 1948 1117 2026 imperator
1147 1948 1216 2030 huit,
1248 1950 1317 2010 lidei

311 2035 492 2097 Christianae
524 2036 677 2096 consessor
708 2037 805 2095 extitit
835 2033 997 2115 militiaque
1029 2038 1161 2114 privatus
1193 2045 1251 2118 est,
1283 2049 1317 2100 ut

310 2127 442 2186 omittam
461 2141 536 2202 quae
555 2123 631 2202 apud
651 2122 835 2183 Antiochiam
855 2123 951 2183 lacere
976 2133 1123 2204 coeperat,
1147 2127 1203 2185 nisi
1227 2129 1316 2187 unius

310 2213 473 2274 fidelissimi
490 2220 521 2272 ct
539 2213 768 2272 constantissimi
786 2213 911 2291 iuveniS,
934 2214 985 2289 qui
1007 2211 1118 2292 moltis,
1143 2222 1174 2272 nt
1196 2223 1315 2292 torque·

310 2310 430 2382 rentur,
462 2300 653 2380 adprehensis
680 2317 735 2379 per
766 2307 862 2360 totum
890 2299 968 2359 diem
995 2302 1109 2379 primus
1138 2309 1183 2361 est
1209 2309 1368 2383 tortasse

309 2391 388 2451 lnter
424 2388 548 2467 ungulas
588 2388 796 2466 cruciatusque
833 2386 984 2466 psallentis
1020 2387 1185 2448 libertatem
1228 2399 1316 2468 atque

309 2477 486 2537 hilaritatem
519 2478 645 2537 *miratus
681 2475 849 2536 horruisset
884 2485 914 2534 et
950 2477 981 2535 in
1013 2477 1122 2536 ceteris
1154 2476 1316 2538 deformius

311 2564 487 2625 erubescere
515 2566 670 2625 timuisset.
715 2562 870 2624 Postremo
900 2571 1000 2623 nostra
1030 2566 1171 2624 memoria
1203 2563 1316 2647 Valens,

310 2651 471 2733 supradicti
494 2649 688 2712 Valentiniani
711 2653 811 2734 irater,
835 2652 975 2729 Asianus,
999 2669 1097 2712 norme
1120 2670 1224 2732 magna
1246 2672 1313 2732 per-

311 2743 462 2801 seeutione
476 2757 531 2821 per
545 2739 674 2800 Orientis
688 2750 788 2819 partes
807 2738 979 2800 catholicam
998 2741 1121 2800 vastavit
1138 2739 1316 2803 ecclesiam?
1334 2754 1367 2802 2⁶

310 2828 402 2900 Quale
430 2835 476 2889 est
502 2837 614 2908 autem,
646 2847 704 2888 non
738 2827 927 2888 considerare
957 2827 1111 2889 ecclesiam
1139 2847 1193 2908 per
1220 2838 1315 2893 totum

309 2916 452 2977 mundum
474 2917 701 2977 fructificantem
724 2924 812 2995 atque
841 2924 1025 2976 crescentem
1047 2934 1135 2996 posse
1158 2919 1188 2979 in
1212 2918 1314 2998 aliqui-

309 3004 366 3066 bus
388 3004 526 3084 gentihus
548 3007 786 3083 persecutionem
809 3006 871 3083 pati
893 3021 909 3062 a
933 3003 1066 3083 regibus,
1089 3015 1120 3064 et
1143 3007 1259 3083 quando
1283 3010 1314 3068 in

309 3093 373 3153 aliis
397 3111 455 3153 non
478 3088 611 3172 patitur?
655 3092 718 3152 Nisi
747 3093 823 3152 lorte
852 3109 911 3151 non
935 3100 981 3152 est
1002 3096 1171 3171 persecutio
1195 3112 1314 3174 compu-

309 3181 410 3261 tanda,
438 3180 554 3259 quando
582 3199 634 3241 rer
663 3179 826 3240 Gothorum
853 3181 884 3239 in
912 3182 974 3258 ipsa
1003 3179 1107 3240 Gothia
1139 3191 1315 3260 persecutus
1334 3194 1368 3241 ao

309 3276 355 3330 est
383 3268 565 3330 Christianos
593 3268 765 3329 crudelitate
795 3266 935 3348 mirabili,
963 3285 1031 3329 cum
1059 3267 1100 3328 ibi
1127 3286 1186 3329 non
1215 3280 1315 3330 essent

309 3359 366 3418 nisi
384 3357 529 3436 catholici,
553 3374 678 3435 quorum
697 3355 817 3435 plurimi
835 3356 976 3434 martyrio
1000 3359 1133 3417 coronati
1156 3366 1235 3437 stant,
1258 3360 1314 3418 sic·

309 3455 342 3507 ut
367 3463 384 3506 a
410 3444 586 3525 quibusdam
610 3443 760 3523 tratribus,
783 3445 835 3522 qui
858 3451 929 3503 tirno
952 3442 1012 3503 illic
1034 3446 1121 3523 pueri
1144 3444 1263 3506 luserant
1284 3454 1315 3506 et

309 3551 340 3594 se
373 3535 427 3594 ista
460 3532 568 3593 vidisse
600 3533 806 3592 incunctanter
845 3530 1106 3610 recordabantur,¹
1128 3530 1314 3594 audivimus?

308 3620 387 3693 Quid
410 3620 497 3682 modo
520 3622 551 3681 in
573 3615 717 3682 Perside?
753 3618 857 3680 Nonne
879 3620 922 3680 ita
943 3621 975 3679 ln
999 3618 1180 3680 Christianos
1203 3621 1313 3682 ferbuit
1332 3632 1363 3683 st

378 3800 412 3847 14
435 3796 464 3848 eh
482 3793 545 3862 ipse
562 3794 608 3846 Δε
628 3793 638 3860 ΙΙ
658 3797 692 3844 24
711 3789 838 3845 manus
856 3806 910 3845 osse
929 3792 939 3859 ΙΙ
959 3794 992 3842 36
1011 3788 1116 3844 ferbuit
1133 3788 1188 3857 13³3
1211 3788 1316 3844 lemnii

306 3866 403 3934 ΜΡ
420 3867 498 3932 (288,
512 3867 564 3930 29;
584 3864 646 3929 312,
659 3864 724 3928 ἓως
743 3860 829 3914 seruit
847 3859 875 3925 ῦς
893 3859 980 3912 fuerit
993 3860 1034 3926 F,
1052 3859 1122 3912 furit
1138 3859 1176 3928 03
1194 3859 1313 3914 inroitu

611 3967 612 3972 ¹
1054 3947 1106 4000 Ὦ*

1303 4093 1461 4150 Α
