3284 4459
324 495 390 560 344
727 505 927 549 cananeum

323 644 380 702 iam
404 640 578 702 maleficium
605 641 677 701 illud
705 642 816 702 fecerat
840 639 961 720 Petrus,
988 659 1025 702 ex
1051 643 1117 721 ipso
1140 659 1217 702 anno
1241 659 1332 721 quae·

324 730 449 790 rendum
477 738 536 809 est,
564 729 680 808 quando
708 730 836 790 trecenti
862 732 1013 809 sexaginta
1037 732 1168 808 quinque
1192 729 1333 810 completi

324 820 391 879 sint.
436 816 571 878 Mortuus
594 825 639 878 cst
662 835 733 898 ergo
753 815 889 878 Christus
912 817 1028 879 duobus
1047 815 1179 880 Geminis
1202 817 1333 880 consuli-

323 903 381 966 bus
408 913 544 966 octavum
567 903 712 966 Kalendas
730 905 847 985 Aprilis
883 904 1058 966 Resurrexit
1081 908 1171 967 tertio
1194 906 1251 987 die,
1274 909 1332 966 sic·

289 1002 358 1054 aut
393 992 516 1074 apostoli
554 996 615 1054 snis
650 996 738 1055 etiam
776 993 913 1055 sensibus
945 993 1154 1074 probaverunt.
1218 993 1333 1055 Deinde

324 1091 391 1162 post
422 1081 614 1161 quadraginta
646 1081 709 1142 dies
741 1081 874 1142 ascendit
905 1084 936 1142 in
969 1081 1096 1162 caelum3
1128 1076 1212 1162 post
1227 1074 1334 1161 decem

324 1171 397 1250 dies,
418 1170 448 1230 id
468 1178 514 1230 est
532 1172 796 1249 quinquagensimo
815 1179 884 1248 post
901 1168 986 1232 suam
1003 1173 1255 1232 resurrectionem
1274 1171 1335 1252 die,

324 1260 404 1320 misit
432 1258 575 1338 Spiritum
604 1267 747 1319 sanetum.
792 1255 877 1319 'lunc
905 1261 961 1318 tria
984 1258 1064 1319 milia
1086 1259 1240 1321 bominum
1262 1277 1334 1340 apo-

324 1346 408 1409 stolis
427 1365 495 1410 eum
513 1345 752 1426 praedicantibus
771 1346 971 1408 crediderunt.
1017 1344 1101 1407 Tunc
1119 1348 1219 1426 itaque
1238 1350 1333 1408 nomi·

274 1439 371 1497 tonis
393 1434 473 1496 illius
496 1435 594 1496 cultus
617 1452 741 1495 exorsus
764 1442 822 1513 est,
853 1437 931 1496 sicut
953 1453 1008 1494 nos
1031 1435 1180 1496 credimus
1203 1443 1234 1496 et
1256 1439 1334 1499 veri·

323 1532 370 1585 tas
400 1522 504 1605 habet,
540 1523 669 1583 efficacia
702 1522 831 1602 Spiritus
864 1525 971 1602 sancti3
1007 1525 1085 1584 siout
1116 1533 1216 1584 autem
1247 1518 1335 1584 linxit

324 1613 435 1688 vanitas
466 1613 555 1691 impia
587 1610 632 1671 vel
659 1612 784 1692 putavit,
817 1613 938 1690 magicis
968 1610 1082 1672 artibus
1104 1611 1194 1673 Petri.
1239 1611 1334 1673 Paulo
1436 1691 1439 1696 .
1468 1682 1469 1697 χ

323 1708 392 1781 post
413 1701 502 1761 etiam
525 1702 608 1778 signo
632 1698 758 1759 mirabili
781 1700 868 1779 laeto,
891 1699 1008 1778 quando
1031 1699 1067 1760 ad
1091 1700 1213 1760 verbum
1237 1702 1333 1779 ipsius

324 1788 406 1850 Petri
432 1786 551 1867 quidam
579 1787 731 1848 mendicus
759 1786 795 1847 ab
824 1795 912 1848 utero
939 1789 1041 1848 matris
1070 1790 1110 1848 ita
1134 1788 1271 1869 claudus,
1298 1797 1335 1850 ut

274 1890 305 1939 to
325 1877 361 1937 ab
385 1876 449 1937 aliis
471 1884 641 1955 portaretur
660 1884 691 1936 et
713 1875 748 1935 ad
771 1883 887 1955 portam
910 1875 1021 1956 templi,
1043 1876 1096 1937 ubi
1119 1878 1228 1956 stipem
1249 1884 1333 1956 pete·

323 1973 379 2046 ret,
401 1973 571 2044 poneretur,
594 1966 624 2025 in
644 1967 761 2025 nomine
780 1961 848 2024 lesu
867 1962 976 2026 Christi
995 1963 1092 2024 salvus
1111 1964 1223 2043 exiluit,
1245 1967 1333 2043 quin·

324 2071 381 2132 que
413 2052 565 2112 bominum
598 2051 676 2113 milia
709 2051 913 2132 crediderunt3
946 2070 979 2113 ac
1012 2052 1118 2113 deinde
1148 2050 1212 2114 aliis
1242 2061 1332 2132 atque

324 2141 387 2201 aliis
419 2139 588 2201 accessibus
620 2137 804 2200 credentium
833 2143 926 2201 crevit
956 2139 1088 2201 ecelesia.
1133 2141 1174 2201 Ac
1197 2159 1251 2220 per
1274 2142 1333 2203 hoc

324 2229 472 2308 colligitur
496 2231 584 2289 etiam
607 2228 684 2310 dies,
707 2247 743 2288 ex
766 2246 825 2307 quo
848 2246 945 2290 annus
967 2231 1032 2308 ipsc
1055 2231 1182 2308 sumpsit
1204 2231 1333 2308 initium,

271 2331 305 2379 20
324 2317 437 2379 sedicet
465 2318 581 2398 quando
609 2319 718 2378 missus
746 2326 792 2377 est
819 2315 949 2395 Spiritus
980 2326 1115 2397 sanctus,
1146 2317 1176 2378 id
1204 2325 1251 2379 est
1276 2336 1333 2397 per

323 2405 392 2467 ldus
415 2405 512 2466 Maias.
557 2404 727 2466 Numeratis
754 2405 878 2484 proinde
902 2403 1074 2466 consulibus
1097 2408 1225 2466 trecenti
1248 2423 1331 2466 sexa·

323 2497 402 2574 ginta
430 2495 561 2573 quinque
590 2495 658 2554 anni
686 2495 878 2572 reperiuntur
907 2493 1019 2573 impleti
1041 2511 1096 2574 per
1119 2492 1237 2554 easdem
1260 2492 1332 2556 ldus

323 2581 478 2643 consulatu
505 2580 628 2652 Honorii
659 2590 689 2641 et
718 2579 902 2660 Eutychiani.
952 2581 1046 2643 Porro
1076 2585 1214 2661 sequenti
1244 2600 1332 2664 anno,

323 2670 443 2731 consule
466 2667 551 2729 llalio
574 2667 740 2749 Theodoro,
762 2667 880 2747 quaudo
902 2671 960 2731 iam
983 2669 1147 2731 secundum
1169 2669 1241 2731 illud
1265 2689 1329 2731 ora·

270 2771 304 2838 tp
323 2757 422 2818 culum
458 2757 635 2817 daemonum
671 2764 722 2816 aut
758 2757 930 2837 figmentum
967 2757 1120 2820 hominum
1151 2758 1232 2819 nulla
1264 2777 1332 2820 esse

323 2845 425 2906 debuit
453 2844 555 2924 religio
584 2842 766 2926 Christiana,
796 2844 866 2924 quid
889 2864 944 2925 per
967 2845 1038 2907 alias
1060 2856 1208 2908 terrarum
1231 2855 1332 2926 partes

323 2934 446 2994 forsitan
470 2933 579 2993 lactum
603 2934 654 3010 sit,
682 2951 742 2994 non
765 2933 821 2994 luit
844 2952 966 2995 necesse
989 2937 1179 3015 perquirere;
1201 2937 1333 3018 interim,

323 3021 400 3102 quod
426 3024 549 3102 scimus,
576 3022 607 3081 in
636 3022 751 3081 civitate
775 3023 928 3082 notissima
952 3033 983 3083 et
1005 3025 1238 3084 eminentissima
1261 3021 1331 3085 Car·

322 3109 440 3188 thagine
463 3109 578 3169 Africae
607 3107 788 3170 Gaudentius
816 3119 847 3169 et
874 3107 972 3170 lovios
996 3113 1120 3172 comites
1142 3106 1332 3192 imperatoris

269 3211 303 3259 eo
322 3197 443 3258 Honorii
475 3205 579 3278 quarto
603 3197 717 3258 decimo
740 3195 885 3258 Kalendas
908 3199 1017 3278 Aprilis
1040 3198 1181 3262 salsorum
1205 3200 1331 3262 deorum

321 3285 429 3366 templa
452 3293 623 3346 everterunt
645 3294 676 3347 et
698 3283 855 3347 simulacra
877 3287 1040 3366 fregerunt.
1084 3285 1129 3349 Ex
1153 3307 1211 3368 quo
1234 3307 1332 3370 usque

390 3409 418 3478 4)
436 3405 533 3474 Frick,
550 3405 619 3462 font.
639 3407 757 3477 August.
776 3425 803 3476 p.
820 3412 922 3476 illisqq.
970 3413 1014 3479 tt)
1033 3410 1095 3464 Act.
1111 3416 1140 3478 ὃς
1159 3416 1185 3478 4,
1199 3416 1225 3466 4.

391 3563 407 3612 3
430 3557 488 3611 sint
505 3558 566 3624 Ro3
593 3558 658 3610 sunt
675 3557 815 3627 ΛΜΨ
834 3559 844 3628 Ι
864 3564 882 3611 4
905 3560 1037 3613 octonum
1055 3559 1084 3615 R
1102 3561 1249 3632 (Droeper,
1269 3563 1325 3617 bist

321 3655 401 3746 3qu
412 3653 433 3726 ἕ
445 3657 500 3708 178
514 3659 607 3736 eutr.);
626 3655 726 3708 octauo
741 3653 907 3736 Adeoque
927 3630 991 3709 Vfil
1005 3657 1067 3725 obp
1080 3659 1090 3726 ll
1103 3657 1207 3740 apriles
1221 3634 1333 3729 R¹Gp3

322 3723 859 3796 l
874 3726 1332 3868 „l

322 3883 369 3922 me
402 3882 418 3919 o
488 3881 531 3933 po

472 4109 565 4144 A
