3284 4459
346 444 413 509 624
753 456 953 499 s.anonsrm1

347 601 447 655 autem
479 610 559 653 nunc
586 592 671 670 longe
703 593 795 673 inira,
827 590 1043 671 quantumlibet
1072 601 1216 671 provectu
1246 595 1367 654 mentis

348 681 499 743 excellant.
545 679 797 741 Considerandum
826 688 873 741 est
898 682 978 741 enim
1006 689 1135 759 quantus
1158 682 1203 741 vir
1225 680 1367 742 dicehatz

349 771 400 830 Ex
419 775 510 845 porte
532 772 643 830 scimus
665 776 696 831 et
717 786 757 830 ex
775 775 869 845 parte
886 770 1113 845 prophetemus,
1136 771 1232 831 donec
1254 774 1368 830 veniat

348 860 431 933 quod
447 856 702 934 persectantes&
725 865 768 917 et:
803 858 942 917 Videmus
964 875 1047 918 nuno
1065 875 1125 933 per
1145 860 1303 934 spectatum
1328 861 1365 918 in

312 949 532 1021 uceciensem,
559 954 633 1006 tuac
659 952 759 1006 autem
783 944 898 1020 sociem
925 946 969 1006 uel
991 944 1114 1021 sociem.
1160 944 1211 1006 Sic
1232 946 1293 1005 iam
1318 949 1363 1006 vi-

348 1034 420 1095 dent
437 1035 531 1094 sancti
549 1033 653 1113 angeli,
677 1034 728 1112 qui
746 1036 836 1093 etiam
853 1034 949 1094 nostri
971 1032 1068 1113 angeli
1089 1034 1161 1094 dicti
1184 1043 1263 1114 sunt,
1285 1037 1364 1113 quia

349 1124 427 1183 eruti
450 1120 487 1182 dc
509 1129 654 1201 potestate
673 1120 864 1182 tenebrarum
888 1130 918 1182 et
940 1130 1062 1201 accepto
1086 1124 1209 1201 spiritus
1229 1124 1362 1201 pignore

348 1210 482 1271 translati
505 1209 540 1270 ad
564 1227 689 1289 regnum
712 1207 823 1270 Christi
845 1208 881 1269 ad
904 1227 956 1270 eos
979 1210 1099 1288 angelos
1121 1211 1178 1270 iam
1203 1212 1362 1289 coepimus

348 1300 508 1380 pertinere,
531 1316 598 1359 cum
622 1296 730 1377 quibus
753 1297 838 1357 nobis
860 1300 920 1359 erit
940 1306 1043 1358 sancta
1064 1306 1152 1377 atque
1176 1297 1362 1379 dulcissima,

297 1386 385 1447 rode
413 1403 471 1466 qua
492 1389 551 1447 iam
579 1394 623 1447 tot
649 1384 740 1446 libros
768 1388 955 1466 scripsimus,
983 1385 1037 1446 llei
1064 1389 1165 1447 civitas
1188 1388 1253 1466 ipsa
1275 1406 1360 1447 corn·

348 1478 454 1537 munis.
500 1474 549 1535 Sic
572 1483 643 1535 sunt
664 1491 735 1553 ergo
758 1474 854 1553 angeli
876 1476 986 1555 nostri,
1007 1477 1060 1553 qni
1082 1485 1153 1536 sunt
1174 1475 1271 1553 angeli
1293 1474 1360 1556 liei,

349 1582 438 1643 quem
466 1564 501 1624 ad
530 1562 650 1624 modum
673 1560 808 1624 Christus
832 1561 885 1623 Dei
908 1561 1044 1623 Christus
1072 1573 1118 1623 est
1144 1572 1255 1623 noster.
1302 1562 1359 1624 [lei

348 1661 431 1733 sunt,
454 1654 522 1730 quia
545 1650 639 1713 lleum
663 1669 721 1711 non
744 1651 943 1731 reliquerunt3
966 1653 1062 1712 nostri
1084 1661 1168 1731 sunt,
1191 1654 1260 1730 quia
1283 1672 1357 1713 suos

348 1742 429 1801 cives
451 1758 506 1800 nos
529 1738 637 1801 habere
657 1749 829 1818 coeperunt.
873 1737 952 1799 Dixit
973 1747 1072 1802 autem
1091 1739 1233 1800 llominus
1256 1740 1357 1803 lesus:

296 1841 329 1889 15
355 1829 458 1890 Videte
475 1846 514 1889 ne
531 1831 728 1889 contemnatis
745 1846 839 1889 unum
857 1829 1033 1903 nepesinis
1056 1831 1128 1889 ulis.
1174 1830 1252 1889 Ilico
1275 1834 1357 1913 enim

347 1918 438 1992 vobo,
460 1919 533 1991 quia
556 1920 659 1991 augeli
680 1933 784 1978 eorum
807 1919 840 1977 ia
862 1919 956 1978 coels's
977 1933 1096 1992 semper
1118 1920 1221 1977 vident
1239 1916 1357 1992 faciem

344 2008 541 2085 patrissaret,
568 2008 622 2079 qui
642 2007 675 2065 in
697 2008 791 2066 caelis
813 2012 865 2066 est.
911 2003 995 2065 Sicut
1018 2022 1088 2083 ergo
1112 2004 1154 2064 illi
1176 2005 1291 2085 vident,
1315 2008 1355 2067 ita

348 2101 379 2153 et
401 2111 455 2154 nos
478 2094 572 2153 visuri
598 2110 713 2172 sumus3
741 2092 793 2152 sed
825 2091 956 2153 nondum
978 2094 1018 2153 ita
1042 2091 1182 2153 videmus.
1227 2093 1356 2174 Propter

347 2181 426 2260 quod
449 2182 491 2242 ait
512 2179 671 2260 apostolus,
694 2180 773 2259 qnod
799 2180 886 2259 paulo
914 2189 981 2241 ante
1006 2182 1079 2242 dixi:
1112 2181 1251 2243 Videmus
1273 2202 1356 2245 nunc

294 2281 328 2330 20
343 2288 402 2346 per
428 2272 582 2348 speculum
608 2272 640 2330 in
668 2272 851 2343 aenigmate,
879 2276 952 2329 tunc
979 2276 1080 2329 cutem
1103 2268 1220 2345 faeiem
1241 2274 1287 2332 ed
1304 2271 1354 2347 so·

348 2375 432 2419 cwm.
477 2356 645 2417 Praemium
675 2358 773 2435 itaque
805 2356 874 2417 fidei
903 2354 989 2417 nobis
1019 2359 1091 2417 visio
1121 2359 1176 2418 ista
1209 2368 1355 2440 servatur,

349 2446 386 2505 de
409 2464 466 2525 qua
493 2454 525 2505 ct
546 2444 691 2505 lohannes
717 2444 868 2523 apostolus
898 2444 1037 2523 loquens:
1068 2445 1141 2507 Cum
1163 2453 1355 2523 apparuerit,

348 2536 458 2614 inquit,
484 2536 595 2595 similes
618 2536 794 2615 eieramus,
821 2536 964 2609 quoniam
985 2536 1149 2595 videbimus
1172 2552 1240 2595 eum
1261 2539 1358 2599 alesta

348 2629 400 2683 est.
445 2621 547 2683 Facies
570 2632 669 2683 autem
691 2620 745 2681 Dei
773 2622 968 2681 manifestatio
992 2623 1056 2683 eius
1078 2622 1276 2701 intellegenda
1298 2636 1354 2699 est,

295 2722 329 2771 25
349 2728 408 2770 non
435 2709 551 2789 aliquod
580 2709 637 2771 tale
667 2708 847 2789 membrum,
877 2708 962 2788 quale
991 2728 1046 2769 nos
1068 2708 1241 2770 hahemus
1233 2729 1266 2771 m
1288 2730 1354 2772 cor-

232 2872 236 2881 .
348 2816 420 2875 pore
443 2805 531 2876 atquo
555 2800 612 2858 isto
636 2800 753 2859 nomine
777 2816 990 2877 nuncupamus.

436 2884 622 2964 Quapropter
650 2904 717 2947 cnm
747 2905 783 2947 ex
810 2905 858 2947 me
886 2888 1054 2967 quaeritur,
1081 2886 1152 2965 quid
1174 2889 1270 2947 acturi
1292 2889 1354 2949 sint

350 2975 443 3034 sancti
466 2974 496 3032 in
520 2971 568 3033 illo
592 2991 716 3052 corpore
741 2974 877 3054 spiritali,
905 2991 964 3033 non
988 2973 1053 3035 dico
1077 2974 1155 3053 quod
1178 2976 1241 3035 iam'
1259 2975 1353 3056 video,

349 3060 401 3121 sed
420 3061 485 3121 dico
505 3060 584 3139 qnod
603 3061 701 3141 oredo,
724 3061 887 3123 secundum
905 3060 977 3122 illud
996 3060 1075 3141 quod
1093 3065 1123 3123 in
1142 3062 1254 3142 psalmo
1272 3062 1353 3142 lego:

288 3156 322 3206 30
345 3148 477 3221 Credidi,
492 3154 624 3223 propter
641 3151 723 3222 quod
739 3145 811 3226 <et>
829 3151 948 3209 loeutus
964 3167 1039 3209 sum.
1079 3149 1151 3209 Ilico
1169 3152 1282 3227 itaque:
1306 3151 1354 3210 Vi·

412 3316 438 3384 4)
460 3320 482 3369 1.
503 3313 562 3367 001.
583 3319 705 3381 raosq.
750 3314 892 3383 e)1b.12.
936 3320 980 3383 ιι)
998 3314 1048 3369 Mo.
1069 3319 1111 3382 18,
1127 3320 1167 3369 10.
1210 3318 1254 3385 rr)
1275 3318 1351 3373 1.10.

341 3389 404 3452 ur.
456 3384 699 3453 euremaro.

340 3494 553 3503 -——-

413 3568 427 3614 1
453 3560 567 3630 longe
559 3578 589 3613 m
611 3558 819 3627 quantumlibet
840 3561 944 3616 infra
965 3560 1133 3617 ,excellent
1154 3562 1183 3617 15
1204 3565 1214 3633 l
1236 3568 1252 3617 3
1276 3564 1349 3617 enim

341 3630 443 3683 scimus
455 3646 475 3698 p
488 3634 527 3699 l⁶
544 3637 569 3685 et
587 3635 621 3684 20
639 3629 741 3683 faciem
759 3630 794 3683 ad
811 3630 830 3684 f.
846 3632 874 3685 15
889 3606 1004 3688 olorem
1019 3648 1061 3687 see
1084 3632 1179 3687 Graec
1196 3636 1273 3701 (625,
1285 3638 1349 3704 25);

340 3716 488 3771 faciendi.
500 3716 647 3772 nearent.
658 3718 828 3772 ootAruiot.
843 3721 852 3785 ΙΙ
866 3721 939 3773 eost
927 3709 1051 3788 515;ἾΙ5*
1066 3737 1116 3775 orn.
1128 3721 1254 3776 AGrell
1264 3720 1351 3776 ont?
