3284 4459
318 391 384 454 360
729 402 929 445 senensem

318 542 350 600 in
373 557 415 600 ea.
461 537 526 608 Quo
549 537 636 598 modo
659 539 797 598 isteron
820 546 890 598 sunt
913 537 1001 618 mala,
1024 555 1099 616 quae
1123 538 1246 598 vincunt
1267 539 1325 598 for·

318 627 453 688 titudinis
480 626 591 687 bonum
623 623 805 704 eandemque
833 624 1038 686 fortitudinem
1067 643 1127 685 non
1150 626 1247 686 solum
1270 625 1329 687 sibi

320 714 435 795 cedere,
458 733 561 775 verum
580 717 668 775 etiam
687 712 812 774 delirare
832 713 1020 794 compellunt,
1043 721 1078 775 ut
1095 712 1220 774 eandem
1237 716 1329 774 vitam

319 811 351 866 et
382 803 460 864 dicat
491 802 606 863 beatam
639 810 669 863 et
699 800 876 882 persuadeat
908 820 974 863 esse
1007 797 1199 881 fugiendam?
1253 801 1329 873 Quis

285 900 415 970 busque
448 890 520 952 adeo
552 908 659 951 caecus
686 898 749 970 est,
781 898 815 951 ut
842 908 901 950 non
929 889 1043 971 rideat,
1071 889 1165 971 qood,
1193 892 1219 950 si
1242 889 1328 951 beata

321 988 413 1060 esset,
440 979 578 1059 fugienda
607 997 666 1040 non
695 975 795 1040 esset?
842 977 901 1040 Sed
928 986 1029 1058 aperte
1052 978 1232 1039 infirmitatis
1255 997 1329 1039 voce

321 1068 488 1147 fugiendam
508 1069 646 1136 fatentur.
683 1065 761 1137 Quid
779 1068 871 1146 igitur
889 1085 994 1128 causae
1013 1076 1068 1148 est,
1086 1085 1142 1129 cur
1159 1085 1220 1126 non
1238 1069 1330 1128 etiam

321 1159 459 1217 miseram
482 1157 574 1217 fracta
596 1154 752 1235 superbiae
780 1156 895 1216 cervice
919 1151 1088 1216 fateantur?
1131 1153 1254 1237 Utrum,
1276 1154 1329 1216 ob·

321 1262 420 1326 secro,
448 1243 519 1306 Cato
546 1243 595 1305 ille
623 1245 764 1323 patientia
796 1261 833 1304 au
865 1245 965 1323 potius
997 1246 1171 1323 inpatientia
1200 1261 1232 1304 se
1260 1261 1328 1324 per·

272 1347 303 1397 to
323 1328 415 1395 emit?
448 1331 513 1393 Non
537 1335 616 1392 enim
639 1331 695 1392 boc
719 1332 847 1413 fecisset,
871 1334 928 1392 nisi
952 1333 1103 1393 victoriam
1127 1330 1261 1392 Caesaris
1282 1333 1329 1392 in·

321 1423 467 1502 patienter
504 1420 631 1481 tulisset.
686 1418 744 1481 Ubi
780 1428 826 1480 est
861 1417 1026 1481 fortitudo?
1079 1417 1192 1498 Nempe
1228 1423 1330 1501 cessit,

321 1528 428 1589 nempe
452 1508 621 1588 succubuit,
644 1525 750 1587 nempe
772 1526 868 1586 usque
892 1507 964 1568 adeo
987 1516 1125 1587 superata
1149 1516 1208 1588 est,
1230 1515 1265 1568 ut
1287 1510 1329 1568 vi·

322 1606 381 1659 tam
400 1598 516 1658 beatam
534 1597 754 1675 derelinqueret
772 1595 926 1657 desereret
944 1597 1068 1676 ingeret
1113 1597 1157 1655 dn
1181 1614 1241 1656 non
1264 1604 1331 1657 erat

321 1688 381 1746 iam
406 1682 512 1746 beata?
556 1685 663 1745 Misera
695 1702 765 1764 ergo
798 1692 870 1745 erat
915 1683 981 1755 Quo
1011 1684 1098 1745 modo
1132 1686 1224 1763 igitur
1253 1684 1331 1745 mala

272 1787 304 1837 to
323 1792 383 1834 non
406 1782 504 1855 erant,
531 1791 605 1852 quae
634 1775 721 1833 vitam
749 1774 887 1834 miseram
910 1771 1137 1852 fugiendamque
1161 1770 1331 1834 faciebant?

412 1861 599 1941 Quapropter
626 1864 714 1922 etiam
740 1863 810 1942 ipsi,
838 1863 891 1940 qui
918 1861 991 1922 mala
1018 1864 1075 1922 ista
1101 1878 1168 1922 esse
1198 1861 1331 1922 confessi

323 1959 402 2032 sunt,
426 1953 503 2010 sicut
524 1949 727 2031 Peripatetici,
755 1951 833 2009 sicut
855 1957 971 2010 veteres
993 1948 1173 2030 Academici,
1201 1967 1331 2028 quorum

324 2047 434 2100 sectam
456 2037 547 2099 Varro
571 2037 711 2118 defendit,
733 2036 915 2098 tolerabilius
938 2038 1058 2115 quidem
1080 2038 1252 2118 loquuntur,
1276 2037 1331 2097 sed

323 2144 426 2189 eorum
455 2145 572 2205 quoqne
599 2127 694 2187 mirus
721 2134 766 2186 est
793 2143 891 2206 error,
924 2125 1001 2205 quod
1024 2127 1055 2186 in
1078 2125 1125 2185 bis
1147 2124 1245 2205 malis,
1271 2127 1331 2185 etsi

273 2229 306 2280 20
325 2224 385 2277 tam
412 2218 510 2294 gravia
537 2217 609 2295 sint,
638 2222 672 2275 ut
699 2221 793 2275 morte
821 2213 958 2292 fugienda
981 2216 1042 2275 siut
1064 2212 1100 2274 ab
1123 2216 1188 2293 ipso
1211 2211 1332 2274 sibimet

324 2304 421 2386 inlata,
443 2305 495 2383 qui
513 2302 586 2363 haec
604 2305 724 2383 patitur,
746 2304 835 2362 vitam
859 2301 973 2362 beatam
996 2309 1094 2363 tamen
1117 2319 1184 2363 esse
1207 2310 1330 2362 conten·

324 2393 406 2454 dunt.
449 2391 543 2474 „Mala
566 2399 649 2471 sunt,
671 2392 781 2470 inquit,
809 2398 956 2451 tormenta
979 2398 1067 2468 atque
1090 2392 1241 2451 cruciatus
1263 2407 1330 2450 cor-

324 2483 414 2561 poris,
437 2488 467 2541 et
485 2487 565 2540 tanto
585 2486 655 2539 sunt
673 2481 783 2559 peiora,
805 2485 915 2557 quanto
939 2481 1091 2557 potuerint
1113 2496 1178 2540 esse
1201 2480 1331 2559 maiora,

325 2567 433 2646 quibus
455 2575 489 2627 ut
512 2583 623 2646 careas,
644 2585 680 2626 ex
703 2566 757 2626 bac
780 2568 839 2626 vita
861 2567 1033 2645 fugiendum
1056 2561 1131 2627 est“
1175 2566 1238 2638 Qua
1261 2568 1331 2648 vite,

273 2668 306 2719 25
325 2651 471 2716 obsecro?
515 2653 612 2735 „Hac,
643 2657 753 2735 inquit,
784 2672 860 2734 quae
891 2657 981 2715 tantis
1013 2654 1187 2734 adgravatur
1219 2648 1333 2717 malis.'“

325 2743 412 2804 Corte
436 2760 506 2822 ergo
529 2742 614 2802 beata
636 2745 734 2803 estin
758 2741 869 2802 eisdem
892 2745 965 2822 ipsis
988 2743 1086 2823 malis,
1108 2752 1232 2822 propter
1255 2761 1331 2821 quae

326 2831 398 2892 dicis
421 2849 487 2892 esse
510 2825 699 2909 fugiendam?
743 2830 788 2891 An
818 2830 886 2890 ideo
913 2830 1028 2891 beatam
1056 2830 1143 2912 dicis,
1170 2834 1238 2910 quia
1260 2830 1332 2892 licet

325 2918 380 2980 tibi
402 2918 438 2979 ab
461 2918 507 2979 bis
535 2917 617 2978 malis
645 2927 739 2980 morte
769 2915 945 2980 discedere?
990 2917 1067 2990 Quid
1089 2922 1116 2980 si
1137 2937 1209 3000 ergo
1231 2921 1264 2980 io
1286 2921 1332 2981 eis

326 3008 423 3086 aliquo
436 3006 540 3067 'divino
558 3007 667 3067 iudicio
691 3009 837 3068 tenereris
859 3025 915 3068 nec
937 3009 1153 3086 permittereris
1175 3010 1252 3069 mori
1273 3026 1332 3069 nec

251 3111 308 3160 1⁸0
327 3113 466 3174 umquam
499 3097 562 3155 sine
595 3093 652 3154 illis
685 3112 750 3156 esse
778 3090 941 3156 sinereris?
986 3094 1098 3175 Nempe
1124 3105 1196 3157 tunc
1226 3096 1336 3158 saltem

326 3187 464 3244 miseram
482 3183 570 3243 talem
589 3183 704 3243 diceres
722 3185 818 3244 vitam.
855 3182 920 3243 Non
938 3185 1029 3262 igitur
1047 3193 1206 3263 propterea
1223 3188 1332 3246 misera

326 3290 385 3332 non
409 3281 463 3352 est,
486 3273 556 3350 quia
575 3274 633 3332 cito
653 3270 840 3349 relinquitur.
886 3270 1009 3342 Quando
1033 3271 1152 3350 quidem
1167 3264 1207 3334 'si'
1223 3277 1331 3354 sempi-

398 3465 412 3512 1
436 3465 468 3512 et
495 3461 584 3514 editor
607 3473 674 3524 ιιιειι
698 3459 778 3528 oe'tqo
820 3463 861 3513 oet
879 3474 913 3513 cc
934 3459 1000 3514 boec
1021 3460 1191 3529 legebantur:
1218 3459 1332 3517 sivero

326 3532 441 3600 propter
466 3528 524 3584 iste
548 3529 625 3585 molo
650 3527 759 3598 fugitur
779 3475 818 3584 ab
838 3544 885 3597 ea,
910 3530 1049 3598 quomodo
1071 3531 1116 3585 osb
1137 3531 1239 3587 beaw
1274 3533 1334 3586 Aut

326 3601 465 3670 quomodo
482 3600 539 3653 ista
557 3606 602 3654 etc.
617 3601 626 3669 l
641 3605 657 3652 6
675 3605 707 3654 ot
724 3601 815 3654 eddtwr
832 3617 898 3668 meo3
917 3599 973 3654 Sed
992 3600 1016 3653 ei
1029 3602 1145 3669 propter
1159 3599 1334 3655 infirmitatis

327 3672 448 3743 modus,
468 3685 525 3739 quc
543 3670 690 3739 premitur,
709 3669 783 3724 hanc
800 3669 999 3739 fugiendcmo
