3284 4459
459 572 469 602 a
561 514 602 555 nn
614 514 758 557 munaus
771 515 826 555 nm
839 516 865 555 n.
878 515 928 555 xx.
943 515 965 556 c.
979 517 1012 556 st.
1229 501 1293 564 469

286 653 448 730 accipiatur
478 652 510 710 iu
538 668 586 730 ec,
619 649 697 727 quod
726 649 921 709 dictumest:
953 650 1019 725 Ipsi
1041 652 1198 732 peribunt,
1226 669 1294 712 cum

287 740 343 800 soli
365 739 438 799 caeli
456 738 549 797 intimi
568 740 695 817 perituri
718 740 786 816 sint,
810 754 898 816 quem
922 737 957 799 ad
981 737 1100 798 modum
1124 742 1154 799 in
1178 748 1293 818 aposto·

286 828 341 889 lica
364 827 413 888 illa
435 826 561 905 epistula
583 844 600 885 a
622 834 685 886 tcto
715 844 784 905 pars
807 828 965 907 accipitur,
993 826 1071 905 quod
1094 826 1204 888 diluvio
1227 844 1293 905 per-

286 918 347 976 isse
369 915 466 976 (lictus
489 924 536 975 est
558 915 700 995 mundus,
724 916 857 992 quamvis
880 914 942 973 sola
965 916 1029 974 eius
1052 932 1121 975 cum
1144 918 1207 976 suis
1230 933 1293 975 cac·

288 1005 323 1064 lis
359 1022 428 1083 pars
463 1005 523 1063 ima
560 1005 692 1082 perierit.
738 1002 797 1063 Sed
835 1004 903 1080 quia
939 1001 1014 1082 hcc,
1050 1010 1084 1063 ut
1119 1002 1197 1084 dixi,
1234 1018 1329 1063 ncnc

287 1092 501 1172 dignabuntur,
522 1109 560 1151 ne
583 1091 629 1151 rel
651 1090 776 1170 apostoli
799 1090 881 1150 Petri
903 1090 1067 1169 adprobent
1090 1109 1226 1171 sensum,
1249 1092 1295 1152 vel

288 1189 402 1241 tautum
425 1180 589 1240 concedant
606 1179 828 1257 conflagrationi
851 1180 1035 1259 novissimae,
1058 1187 1199 1257 quantum
1224 1180 1294 1239 dici·

289 1287 356 1329 mus
388 1268 512 1329 valuisse
541 1268 698 1348 diluvium,
730 1270 781 1346 qui
808 1266 897 1327 nullis
924 1270 1022 1346 aquis,
1054 1266 1143 1328 nullis
1170 1268 1294 1329 flammis

288 1366 383 1418 totum
402 1374 496 1435 genus
514 1356 674 1416 humanum
695 1358 794 1435 perire
816 1373 904 1434 posse
928 1355 1124 1416 contendunt:
1147 1364 1239 1416 restat
1263 1364 1295 1416 ut

288 1446 402 1524 dicant,
433 1444 510 1523 quod
540 1452 697 1523 propterea
728 1444 769 1503 dii
796 1461 901 1503 eorum
928 1442 1091 1503 Hebraeam
1122 1446 1293 1523 sapientiam
1315 1456 1347 1504 10

288 1533 479 1613 laudaverint,
502 1535 571 1612 quia
592 1536 683 1593 istum
706 1532 850 1611 psalmum
874 1550 933 1591 nnn
956 1531 1096 1611 legerant.

378 1620 411 1682 ln
434 1620 545 1701 psalmo
569 1623 658 1680 etiam
681 1621 925 1698 quadragensimo
949 1628 1027 1680 nono
1050 1620 1087 1680 de
1110 1619 1218 1682 iudicio
1242 1619 1296 1680 Dei

289 1713 448 1771 novissimo
482 1709 663 1787 intellegitur
699 1709 824 1769 dictum:
866 1710 948 1770 Deus
980 1707 1157 1783 manifestus
1188 1712 1294 1782 veniet,

289 1800 372 1860 Deus
394 1806 505 1873 noster,
526 1805 558 1859 et
574 1815 634 1858 non
656 1799 762 1858 silebit.
807 1798 893 1872 Ipnr's
916 1800 948 1858 in
971 1805 1132 1873 conspectu
1156 1800 1220 1859 eius
1243 1815 1294 1857 cr-

290 1890 386 1961 eetur,
413 1894 444 1947 et
473 1890 504 1947 in
531 1888 664 1947 circuitu
694 1888 759 1945 eius
786 1892 944 1961 tempestas
971 1888 1083 1946 aalide.
1129 1887 1348 1947 Advocatum

289 1979 408 2037 caelum
443 1992 564 2035 sursum
600 1981 631 2034 et
664 1980 780 2034 terram
817 1976 994 2035 discernere
1025 1977 1170 2051 populum
1199 1991 1295 2034 saum.

293 2065 483 2138 conprepate
515 2066 561 2122 illi
586 2066 679 2122 iustos
706 2064 783 2134 eius,
815 2065 870 2135 qui
900 2064 1063 2137 disponunt
1091 2069 1295 2123 testamentum

289 2156 355 2213 eius
381 2170 473 2227 super
502 2153 669 2224 sacrificia.
713 2148 776 2209 llcc
803 2167 858 2209 nos
881 2150 917 2209 de
941 2148 1065 2210 Domino
1087 2148 1155 2209 lesu
1179 2148 1296 2209 Christo

289 2239 501 2317 intellegimus,
528 2256 616 2316 quem
642 2255 795 2316 speramus
826 2236 862 2297 de
886 2236 966 2297 caelc
990 2255 1055 2297 esse
1079 2247 1236 2297 venturum
1260 2238 1296 2297 ad

290 2330 371 2387 vives
394 2335 424 2387 et
447 2335 580 2386 mortuos
607 2325 789 2386 iudicandos.
833 2324 1006 2385 Manifestus
1030 2328 1108 2385 enim
1131 2327 1230 2385 veniet
1251 2327 1295 2385 in·
1315 2339 1348 2388 20

291 2425 339 2476 ter
365 2418 459 2475 iustos
486 2423 517 2474 et
547 2416 674 2475 iniustos
700 2414 884 2473 iudicaturus
912 2416 1006 2493 iuste,
1037 2415 1088 2492 qui
1111 2415 1194 2491 prius
1216 2416 1297 2473 veuit

290 2503 426 2564 occultus
458 2502 494 2562 ab
526 2504 646 2563 iniustis
678 2502 853 2563 iudicandus
884 2504 1002 2561 iniuste.
1052 2500 1137 2581 lpse,
1168 2503 1297 2581 inquam,

290 2591 468 2667 manifestus
497 2594 596 2651 veniet
621 2598 652 2652 et
677 2608 737 2651 non
764 2592 875 2665 ciebit,
903 2590 1014 2670 idest,
1041 2592 1072 2649 iu
1096 2608 1166 2649 voce
1189 2590 1297 2650 iudicis

291 2680 411 2740 evidens
434 2679 598 2759 apparebit,
625 2681 677 2757 qui
698 2680 783 2757 prius
806 2696 875 2739 cum
898 2680 1026 2739 venisset
1048 2677 1198 2758 occultus,
1228 2686 1296 2738 aute

290 2768 419 2829 iudicem
443 2767 536 2848 siluit,
564 2767 680 2845 quando
708 2769 786 2828 sicut
812 2769 875 2827 cvis
898 2766 933 2827 ad
956 2765 1166 2826 immolandum
1190 2766 1297 2827 ductus
1317 2778 1350 2829 25

291 2865 338 2917 est
364 2864 394 2917 et
422 2858 499 2915 sicut
526 2874 618 2933 agnus
641 2873 740 2915 coram
763 2855 904 2915 tendente
928 2856 984 2915 luit
1007 2857 1070 2916 sine
1094 2872 1178 2935 vnce,
1209 2873 1297 2933 quem

291 2944 327 3005 ad
351 2944 471 3004 modum
493 2942 531 3003 de
551 2943 601 3003 illc
624 2961 678 3022 per
696 2942 813 3004 Esaiam
835 2944 960 3021 legimus
983 2942 1191 3023 prophetatum
1214 2952 1244 3004 et
1266 2946 1297 3003 in

291 3032 442 3111 evangelio
460 3031 594 3092 videmus
612 3030 773 3110 impletum.
819 3030 861 3091 De
879 3033 947 3110 igne
966 3050 1036 3091 vero
1061 3040 1091 3091 et
1114 3038 1297 3111 tempestate,

291 3139 360 3182 cum
391 3123 423 3181 in
454 3119 556 3180 Esaiae
586 3118 740 3198 prophetia
771 3119 828 3179 tale
858 3119 967 3197 aliquid
997 3127 1205 3198 tractaremus,
1238 3137 1298 3197 quc

292 3209 378 3270 modo
401 3216 502 3268 essent
524 3207 596 3267 haec
619 3206 829 3288 intellegenda,
857 3210 914 3267 iam
937 3208 1072 3267 diximus.
1119 3206 1203 3277 Quod
1227 3224 1297 3267 vero
1316 3220 1350 3269 30

291 3298 403 3358 dictum
426 3304 486 3357 est:
508 3296 676 3356 Advocabr‘t
693 3300 811 3356 caelum
833 3313 967 3356 sursum:
991 3297 1128 3374 queniam
1151 3297 1245 3354 sancti
1268 3302 1299 3355 et

291 3387 363 3445 iusti
386 3392 467 3445 recte
485 3383 599 3444 caelum
620 3383 812 3464 appellantur,
837 3385 975 3443 nimirum
997 3382 1054 3443 hcc
1078 3390 1132 3461 est,
1156 3382 1234 3461 quod
1257 3385 1298 3443 ait

358 3490 402 3556 18)
420 3485 464 3540 Pa.
483 3491 528 3553 49,
543 3492 628 3555 asqq.
680 3489 725 3554 aa)
743 3485 817 3538 usai.
838 3489 881 3551 aa,
897 3488 920 3537 r.
972 3487 1016 3552 es)
1034 3483 1084 3537 Mt.
1105 3490 1148 3552 ee,
1163 3489 1204 3538 aa.

358 3616 389 3663 11
409 3608 590 3662 laudauerint
609 3606 1000 3674 R¹31audauerunc1t¹rett
1020 3623 1036 3661 v
1053 3610 1063 3677 ss
1082 3612 1115 3659 13
1134 3613 1159 3663 et
1177 3608 1300 3677 deinceps

287 3686 352 3749 (20‚·
365 3684 414 3747 23)
429 3678 595 3733 manifestus
611 3680 670 3761 aa
680 3680 763 3747 plerr.
779 3680 866 3733 Pseu.
883 3679 940 3733 Ver.
957 3676 1094 3747 (ἐμφανής
1100 3681 1135 3747 ?);
1152 3678 1300 3733 manifeste

285 3764 348 3823 spe
362 3751 522 3856 ,(ἐμφανῶς).
540 3751 549 3819 ll
568 3753 601 3803 15
625 3751 772 3833 curcumitu
794 3767 811 3803 u
829 3752 838 3818 ΙΙ
856 3749 1009 3803 aduocauit
1027 3749 1300 3875 mlbfflpfflss

285 3824 365 3948 „llic
382 3820 1061 3961 illli‘itttillltfllfftlinitimum
1075 3820 1102 3874 A
1139 3823 1184 3891 Μ
