3284 4459
584 488 625 528 on
639 487 967 530 omrnrnomuxrx
981 487 1051 530 ort.
1251 473 1317 538 391

310 639 379 685 oum
401 621 544 702 improbis
567 623 701 683 aufertur
723 625 898 682 iniuriarum
920 623 1056 704 lieentia,
1078 630 1110 685 et
1131 623 1235 684 domiti
1257 639 1317 683 me-

309 711 368 772 lius
393 730 430 772 se
459 710 621 792 habebunt,
653 714 721 789 quia
750 710 886 771 indomiti
915 712 1048 772 deterius
1075 729 1108 772 se
1136 710 1318 790 babuerunt3

310 800 521 877 subditumque
544 806 604 880 est,
626 807 660 860 ut
683 802 739 860 ista
760 801 836 859 ratio
859 799 1037 882 firmaretur,
1060 801 1151 861 veluti
1173 817 1190 860 a
1213 809 1319 860 nature

310 897 461 968 sumptum
486 886 582 948 nobile
605 887 772 966 exemplum
796 896 883 966 atque
907 887 1020 949 dietum
1043 896 1102 950 est:
1124 887 1204 969 „Cur
1227 890 1319 966 igitur

311 977 389 1038 [leus
408 976 528 1055 bomini,
547 977 663 1036 animus
681 978 807 1054 imperat
820 978 949 1055 corpori,
967 979 1042 1038 ratio
1061 975 1175 1036 libidini
1194 977 1351 1038 ceteris-b

310 1083 369 1145 que
400 1066 512 1125 vitiosis
542 1066 631 1124 animi
661 1058 836 1143 partibus?“
880 1064 969 1126 Plane
999 1064 1057 1126 hoo
1085 1065 1218 1144 exemplo
1247 1064 1319 1124 satis

309 1152 449 1214 edoctum
477 1161 523 1213 est
550 1151 726 1230 quibusdam
756 1171 821 1216 esse
852 1153 956 1213 utilem
985 1155 1172 1231 servitutem,
1200 1161 1231 1214 et
1257 1152 1319 1211 Deo

309 1240 430 1322 quidem
454 1249 488 1301 ut
510 1242 657 1301 serviatur
679 1239 751 1301 utile
775 1259 841 1302 esse
865 1240 1011 1301 omnibus.
1058 1240 1197 1301 Serviens
1220 1250 1319 1302 autem

309 1330 372 1392 Deo
390 1332 506 1389 animus
523 1337 605 1390 reete
623 1331 750 1408 imperat
772 1332 899 1411 corpori,
921 1332 1011 1409 inque
1035 1332 1099 1408 ipso
1123 1331 1220 1390 animo
1242 1330 1319 1390 ratio

310 1417 373 1479 Deo
387 1417 511 1478 Domino
530 1415 648 1477 subdita
666 1426 747 1478 reete
766 1419 892 1497 imperat
909 1417 1023 1477 libidini
1042 1419 1179 1496 vitiisque
1197 1419 1314 1478 ceteris.
1336 1425 1371 1477 to

310 1506 499 1586 Quapropter
522 1504 574 1566 ubi
596 1505 683 1566 bomo
707 1505 768 1566 beo
791 1524 851 1566 noo
874 1509 978 1586 servit,
1007 1506 1077 1585 qnid
1100 1508 1131 1566 in
1155 1524 1191 1566 eo
1214 1516 1318 1586 putan-

310 1595 382 1656 dum
406 1602 452 1654 est
475 1611 539 1654 esse
562 1590 714 1655 iustitiae?
736 1594 853 1672 quando
876 1593 996 1673 quidem
1019 1594 1080 1656 Deo
1104 1612 1164 1656 non
1187 1597 1320 1656 serviens

310 1681 393 1744 nulio
416 1681 503 1742 modo
521 1690 620 1761 potest
639 1683 717 1743 iuste
740 1684 857 1743 animus
880 1685 999 1762 corpori
1021 1692 1073 1744 aut
1094 1683 1222 1744 humana
1245 1685 1319 1744 ratio

309 1771 391 1836 ,vitiis
420 1773 574 1849 imperare.
622 1769 660 1830 Et
683 1772 709 1831 si
731 1773 762 1830 in
785 1770 905 1831 homine
927 1771 979 1833 tali
1002 1788 1062 1832 non
1084 1780 1131 1832 est
1153 1772 1212 1832 ulla
1235 1773 1319 1833 iusti·

311 1862 361 1940 tia,
383 1859 488 1938 prooul
510 1857 600 1920 dubio
624 1875 679 1918 neo
702 1860 733 1918 in
756 1857 910 1924 hominum
933 1868 1037 1940 coetu,
1060 1861 1112 1940 qui
1134 1878 1170 1921 ex
1193 1860 1320 1921 homiui·
1339 1866 1373 1918 1⁶

308 1947 369 2009 ,bus
399 1945 506 2007 talibus
535 1955 658 2007 constat.
703 1945 769 2007 Non
793 1954 840 2007 est
861 1947 909 2007 bio
933 1966 1003 2025 ergo
1027 1949 1102 2009 iuris
1124 1947 1173 2008 ille
1196 1966 1320 2008 eonsen-

312 2053 373 2111 sus,
396 2037 449 2114 qui
471 2035 623 2095 hominnm
646 2034 865 2096 multitudinem
887 2036 1030 2115 populum
1053 2036 1140 2117 lacit,
1163 2039 1249 2097 euius
1271 2054 1321 2097 res

313 2124 423 2186 dieitur
450 2141 516 2184 esse
548 2140 597 2183 res
626 2122 751 2203 publica.
797 2122 870 2183 Nam
901 2124 937 2184 de
965 2124 1091 2185 utilitate
1122 2125 1193 2204 quid
1216 2124 1320 2205 dioam,

312 2215 399 2273 cuius
426 2214 514 2272 etiam
538 2214 744 2272 communione
768 2212 898 2272 sociatus
921 2221 1025 2273 coetus
1047 2212 1214 2292 bominum,
1243 2215 1321 2273 sicut
1424 2241 1427 2244 ·

312 2318 379 2362 sese
402 2297 491 2360 habet
518 2302 574 2360 ista
597 2299 743 2380 definitio,
769 2299 898 2379 populus
925 2296 1136 2379 nuncupatur?
1181 2299 1320 2370 Quamvis
1339 2306 1374 2358 ¹0

312 2390 409 2469 enim,
438 2389 464 2447 si
491 2387 648 2466 diligenter
671 2387 831 2468 adtendas,
860 2405 916 2448 neo
946 2388 1058 2449 utilitas
1080 2390 1119 2449 sit
1141 2387 1201 2448 ulla
1223 2390 1321 2448 viven-

313 2480 398 2557 tium,
421 2477 473 2556 qui
495 2477 598 2536 vivunt
619 2478 722 2556 impie,
746 2477 825 2537 sicut
847 2478 918 2537 ririt
939 2479 1050 2557 omnis,
1073 2479 1124 2554 qui
1148 2494 1206 2537 non
1230 2478 1322 2538 servit

306 2563 374 2626 'Deo
407 2565 557 2642 servitque
589 2562 797 2644 daemonibus,
830 2572 912 2625 tanto
943 2567 1034 2643 magis
1063 2566 1179 2647 impiis,
1210 2574 1321 2644 quanto

305 2654 406 2734 magis
430 2651 496 2733 sibi,
519 2670 587 2714 oum
611 2654 671 2712 sint
691 2651 910 2712 inmundissimi
933 2655 1070 2733 spiritus,
1092 2662 1241 2733 tamquam
1264 2653 1322 2714 diis

313 2741 474 2802 sacrificari
497 2739 611 2802 volunt:
641 2749 739 2800 tamen
764 2740 842 2819 quod
865 2740 902 2801 de
924 2743 999 2802 iuris
1023 2753 1169 2802 consensu
1194 2742 1374 2803 diximusne

305 2827 385 2902 'satis
414 2845 479 2888 esse
506 2827 647 2909 arbitror,
675 2829 754 2888 unde
785 2838 924 2909 appareat
946 2847 1000 2909 per
1022 2830 1099 2891 hano
1120 2830 1323 2891 definitionem

314 2935 373 2978 non
393 2935 459 2979 esse
477 2917 628 2996 populum,
652 2918 736 2976 ouius
759 2935 808 2976 res
831 2916 949 2996 publiea
972 2936 1037 2978 esse
1060 2919 1186 2999 dicatur,
1208 2921 1238 2978 in
1263 2935 1322 2997 quo

313 3007 426 3068 iustitia
444 3023 504 3068 uon
523 3012 576 3065 est
623 3003 654 3064 Si
678 3006 756 3065 enirn
779 3004 882 3066 dieunt
904 3022 964 3066 non
987 3006 1141 3086 spiritibus
1163 3007 1323 3089 inmundis,

315 3093 367 3154 sed
398 3093 453 3153 diis
483 3091 569 3153 bouis
597 3102 684 3170 atque
717 3095 828 3153 sanetis
855 3095 886 3152 in
913 3111 966 3154 suu
994 3113 1026 3155 re
1054 3093 1171 3174 publiea
1195 3098 1321 3156 servisse

314 3181 475 3260 Romanos:
506 3181 648 3260 numquid
677 3180 778 3241 eadem
806 3183 916 3242 totiens
943 3181 1104 3262 repetenda
1131 3192 1218 3264 sunt,
1246 3201 1320 3261 quae
1340 3197 1375 3248 to

250 3280 252 3286 ’
314 3272 373 3330 iam
409 3266 496 3349 satis,
527 3271 616 3328 immo
644 3269 720 3328 ultra
756 3287 843 3347 quam
876 3272 946 3330 satis
976 3281 1022 3332 est
1054 3266 1203 3332 diximus?
1248 3270 1321 3340 Quis

315 3360 394 3417 enim
422 3356 458 3417 ad
486 3357 564 3417 burno
592 3357 689 3417 locum
717 3375 771 3436 per
799 3359 969 3436 superiores
996 3359 1085 3419 buius
1108 3360 1208 3438 operis
1229 3356 1322 3418 libros

315 3447 465 3526 pervenit,
489 3447 539 3523 qui
563 3444 697 3505 dubitare
721 3445 816 3506 adhue
840 3448 935 3524 possit
957 3446 1040 3508 malis
1063 3456 1094 3508 et
1115 3448 1231 3525 inpuris
1254 3445 1321 3506 dae·

315 3533 453 3595 monibus
481 3535 607 3593 servisse
630 3532 794 3614 Romanos,
828 3534 885 3593 nisi
913 3533 960 3595 vel
980 3536 1106 3596 nimium
1128 3533 1253 3595 stolidus
1276 3533 1321 3594 vel

392 3758 426 3806 20
445 3767 475 3806 so
492 3769 508 3805 o
527 3753 536 3821 ΙΙ
555 3753 589 3803 24
608 3748 651 3801 dis
670 3747 698 3802 R
716 3748 830 3814 itemque
848 3746 925 3811 infra
944 3744 1090 3799 iderttidem
