3284 4459
339 498 406 562 252
738 510 769 552 s.
783 510 946 553 auousrnu

338 650 453 725 primus
480 648 613 725 regnarit
639 647 670 706 in
697 643 881 706 Hierusalem
909 643 1056 724 Roboam,
1085 663 1138 704 rex
1161 643 1245 726 luda,
1267 643 1351 706 lilius

340 735 517 815 Salomonis,
545 742 576 795 et
603 736 634 794 ln
663 731 792 793 Samaria
821 731 1011 806 Hieroboam,
1039 749 1092 792 rex
1114 731 1219 813 lsrael,
1241 750 1352 793 servus

340 821 512 882 Salomonis.
560 821 595 882 m
622 839 690 882 aum
718 820 860 881 voluisset
885 819 1016 880 Roboam
1044 828 1193 898 nmquam
1218 823 1350 899 tyranni·

340 910 407 971 dem
437 910 545 971 divisae
579 909 658 972 illius
687 911 780 988 partis
809 908 886 968 bello
915 910 1070 988 persequi,
1101 907 1269 989 prohibitus
1300 917 1351 969 est

305 998 466 1079 apopulus
504 1017 635 1078 pugnare
667 1015 735 1058 eum
772 996 914 1060 iratribus
951 999 1014 1056 suis
1050 995 1167 1057 dicente
1199 995 1260 1057 Deo
1291 1015 1352 1076 per

338 1086 511 1166 prophetam
540 1105 572 1146 se
601 1085 657 1146 boe
684 1087 799 1146 iecisse.
844 1084 928 1146 Unde
956 1086 1092 1165 apparuit
1121 1084 1235 1145 nullum
1257 1087 1288 1144 in
1312 1103 1351 1145 ea

339 1193 373 1235 re
396 1175 441 1234 rel
465 1177 543 1254 regis
561 1173 652 1235 lsrael
675 1173 720 1234 vel
742 1173 844 1252 populi
867 1174 959 1233 luisse
982 1180 1147 1254 peceatum,
1169 1171 1221 1233 sed
1244 1173 1348 1232 volun-

338 1271 431 1324 tatem
458 1261 512 1323 Dei
538 1263 713 1324 vindicantis
740 1261 899 1340 impletam.
944 1260 1008 1332 Qua
1035 1263 1151 1339 cognita
1174 1279 1244 1341 pars
1266 1272 1349 1321 utra·

334 1370 398 1431 ¹que
425 1353 504 1412 inter
533 1369 565 1413 se
587 1360 690 1430 paeata
713 1352 895 1430 conquievit3
917 1367 976 1410 nou
1000 1351 1079 1409 enim
1102 1348 1267 1430 religionis,
1293 1349 1351 1409 sed

219 1449 222 1454 '
289 1452 321 1500 10
339 1442 424 1518 regni
447 1441 544 1500 luerat
565 1432 642 1500 laeta
664 1437 777 1497 divisio.

719 1659 837 1727 Olrur
860 1659 963 1726 XXII.

340 1793 386 1853 De
415 1792 612 1864 Hieroboam,
644 1793 699 1866 pai
731 1794 883 1866 impietate
913 1791 1076 1850 idolatriae
1109 1791 1261 1850 subditam
1288 1793 1355 1853 sibi

355 1883 499 1957 populum
518 1877 705 1955 profanavit,
729 1881 760 1938 in
783 1895 842 1954 qao
865 1885 964 1939 tamen
987 1894 1047 1938 aaa
1070 1880 1184 1938 destitit
1201 1879 1286 1939 neas
1300 1889 1334 1941 et
1438 1910 1442 1915 ·

456 1969 623 2044 propbetas
647 1970 800 2044 inspirare
821 1974 853 2027 et
873 1971 980 2027 maltos
1003 1967 1042 2026 alr
1065 1968 1228 2027 idolatriae

289 2065 322 2114 15
689 2057 816 2115 erimine
838 2056 1000 2115 custodire.

430 2177 539 2238 Verum
567 2195 621 2238 rex
654 2175 745 2237 lsrael
778 2175 955 2236 Hieroboam
992 2185 1090 2236 mente
1119 2194 1258 2257 perversa
1288 2195 1350 2238 non

342 2266 467 2328 eredens
490 2265 565 2346 Deo,
588 2283 676 2343 quem
699 2281 834 2325 veracem
856 2266 1003 2343 promisso
1026 2262 1083 2324 sibi
1105 2282 1197 2343 regno
1220 2263 1349 2344 datoque

340 2353 532 2435 probaverat,
564 2355 662 2413 timuit
694 2370 730 2412 ne
763 2351 907 2413 veniendo
931 2352 967 2412 ad
995 2352 1138 2430 templum
1169 2350 1236 2433 bei,
1267 2353 1349 2432 quod

341 2444 457 2503 eratin
480 2439 679 2519 Hierusalem,
702 2457 760 2518 quo
784 2440 946 2500 seeundum
969 2440 1096 2501 divinam
1119 2440 1214 2519 legem
1238 2443 1349 2501 saerifi·

289 2542 324 2592 20
343 2530 428 2590 candi
452 2547 539 2590 aarrsa
557 2531 712 2590 universae
735 2527 777 2589 illi
799 2529 880 2606 genti
904 2527 1080 2588 veniendum
1102 2529 1168 2610 tuit,
1191 2527 1349 2589 seducere-

341 2626 392 2679 tur
415 2617 451 2678 ab
475 2635 510 2677 eo
532 2616 660 2696 populus
687 2626 718 2676 et
742 2619 827 2695 stirpi
850 2615 939 2676 David
967 2624 1114 2694 tamquam
1137 2619 1219 2696 regio
1243 2609 1351 2678 semini

342 2706 534 2786 redderetur,
566 2714 596 2765 et
619 2706 747 2765 instituit
769 2703 933 2764 idolatrlam
954 2706 986 2764 in
1010 2722 1101 2782 regno
1125 2722 1179 2764 suo
1201 2713 1233 2764 et
1254 2724 1350 2784 popu·

343 2793 404 2854 lum
436 2792 489 2854 llel
520 2810 621 2854 secum
650 2790 876 2852 simulacrorum
906 2791 988 2852 cultu
1017 2790 1194 2852 obstrictum
1222 2793 1351 2853 nefanda

343 2884 493 2961 impietate
522 2881 646 2962 derepit.
691 2879 753 2940 Neo
782 2889 879 2940 tamen
909 2882 988 2939 omni
1012 2879 1098 2940 modo
1121 2883 1247 2941 cessarit
1269 2879 1352 2941 Deus

290 2983 324 3032 25
344 2988 403 3030 non
427 2969 522 3029 solum
544 2968 627 3029 illum
650 2986 760 3048 regem,
784 2985 886 3027 rerum
909 2969 997 3027 etiam
1019 2985 1208 3029 successores
1230 2970 1295 3028 eius
1320 2978 1353 3030 et

343 3058 503 3136 impietatis
525 3058 689 3118 imitatores
712 3055 914 3137 populumque
937 3058 1033 3135 ipsum
1057 3073 1182 3133 arguere
1204 3073 1259 3135 per
1281 3075 1351 3140 pro-

341 3146 463 3225 phetas,
504 3143 577 3204 Nam
614 3143 655 3204 ibi
691 3146 854 3205 extiterunt
889 3151 920 3203 et
956 3146 1052 3222 magni
1083 3143 1127 3203 illi
1158 3145 1353 3222 insignesque

342 3233 518 3312 prophetae,
544 3234 597 3311 qui
625 3233 712 3292 etiam
740 3230 883 3292 mirabilia
907 3231 999 3291 multa
1022 3231 1171 3312 lecerunt,
1199 3231 1296 3291 Helias
1320 3242 1354 3294 et

342 3321 496 3382 Helisaeus
510 3319 674 3399 discipulus
688 3322 766 3400 eius;
784 3318 826 3379 ibi
844 3321 932 3378 etiam
950 3317 1061 3379 dicenti
1078 3318 1192 3382 Heliae:
1215 3321 1354 3397 Domine,

383 3513 388 3528 .
415 3476 442 3542 a)
462 3480 486 3528 1.
504 3473 572 3542 neg.
593 3477 636 3540 12,
654 3477 697 3527 aa.

416 3702 449 3750 12
464 3704 489 3752 ei
503 3703 537 3751 14
552 3694 729 3750 idololatriae
743 3711 759 3748 a
772 3695 781 3762 ll
795 3698 829 3746 22
842 3691 1004 3746 idolatriam
1019 3691 1077 3746 BA
1086 3691 1192 3759 Gabp3
1209 3689 1356 3746 idololatr.

345 3785 400 3840 epa
413 3769 423 3837 ll
436 3773 470 3821 26
489 3767 592 3838 ipsum]
612 3766 672 3819 eins
690 3766 718 3820 R
731 3766 741 3833 l
754 3769 788 3817 ‘28
807 3763 885 3816 Elias
903 3764 932 3816 et
949 3762 1016 3816 Elis.
1034 3778 1057 3822 a,
