3284 4459
531 531 572 571 nn
586 530 729 572 crvrrnrn
742 531 797 572 nnr
810 533 835 572 1„
849 533 936 572 xvm.
951 532 973 572 o.
987 535 1007 573 n.
1021 533 1040 573 s.
1223 516 1288 582 259

283 665 453 746 dictionem,
475 664 586 744 Assyrii
604 676 742 744 quartum
762 684 862 746 regern
880 665 1034 746 habebant,
1058 666 1185 746 Sicyonii
1204 668 1289 745 qusin-

284 763 361 834 tum3
391 754 468 833 apud
498 753 564 813 illos
594 756 672 814 enim
699 754 840 834 regnabat
866 754 944 815 iilius
971 754 1039 815 Nini
1068 764 1135 833 post
1164 763 1289 815 matrem

284 841 522 922 Semiramidem,
554 859 628 920 quae
662 841 698 902 ab
730 842 779 902 illo
812 844 966 904 interiecta
998 842 1187 923 perhibetur,
1218 861 1289 904 ausa

284 930 377 990 filium
405 939 499 992 mater
527 931 673 990 incestare
701 930 869 991 concubitu.
891 963 894 968 ·
915 931 997 992 Hanc
1024 941 1129 1010 putant
1155 931 1289 992 nonnulii

172 1017 173 1040 ¹
284 1019 452 1078 condidisse
484 1016 680 1099 Babylonem,
713 1037 800 1097 quam
831 1019 949 1098 quidem
986 1022 1083 1099 potuit
1113 1021 1322 1080 instauraret

171 1119 172 1166 t
285 1107 408 1178 Quando
433 1115 529 1166 aunem
554 1106 598 1166 vel
622 1125 680 1186 quo
704 1107 790 1167 modo
813 1108 929 1168 condita
954 1108 1057 1188 inerit,
1079 1110 1110 1167 in
1133 1117 1216 1168 sexto
1239 1109 1288 1169 de·

285 1197 362 1255 cimo
391 1194 467 1255 libro
495 1195 631 1256 diximus.
677 1194 782 1255 Filium
805 1214 896 1276 porro
923 1195 991 1255 Nini
1019 1205 1049 1256 et
1080 1195 1289 1277 Samiramidis,

172 1289 173 1344 ἒ
285 1286 337 1362 qui
365 1285 451 1344 matri
482 1286 625 1343 successit
648 1285 677 1343 in
700 1302 839 1364 regnum,
869 1283 986 1362 quidam
1010 1287 1096 1346 etiarn
1119 1286 1217 1363 ipsum
1239 1284 1289 1344 Ni·

285 1389 371 1452 num,
399 1371 517 1450 quidam
547 1389 617 1432 vero
641 1371 770 1433 derivato
794 1391 810 1432 a
833 1382 917 1451 patre
940 1371 1081 1432 vocabulo
1103 1371 1217 1452 Ninyan
1241 1391 1289 1432 vo·

285 1468 361 1520 cant.
408 1459 612 1540 Sicyoniorum
640 1469 737 1522 antem
765 1479 888 1540 regnum
918 1469 989 1521 tunc
1017 1460 1136 1521 tenebat
1158 1460 1341 1521 Tetrion.10

285 1548 350 1618 Quo
374 1557 515 1626 regnante
539 1566 633 1626 usque
658 1548 729 1608 adeo
753 1548 793 1608 ibi
817 1550 898 1608 mitia
921 1558 951 1610 et
973 1549 1047 1609 laeta
1071 1558 1203 1629 tempora
1227 1550 1288 1610 iue-

285 1647 364 1718 runt,
387 1644 420 1696 ut
444 1654 511 1696 eum
535 1636 706 1696 defunctum
729 1637 809 1697 velun
832 1637 920 1697 deum
943 1637 1075 1698 coierent
1098 1637 1289 1699 sacrificando

285 1733 315 1785 ct
338 1724 423 1785 ludos
447 1723 631 1804 celebrando,
654 1743 728 1803 quos
751 1727 779 1786 ei
802 1727 939 1804 primitus
961 1728 1114 1787 institutos
1137 1726 1245 1787 ierunt.

691 1965 806 2032 Corus
830 1967 887 2033 111.

289 2097 403 2169 Quibus
422 2097 620 2170 recreantibus
639 2098 723 2172 opud
739 2098 881 2172 Assyrios
903 2106 994 2172 atque
1017 2098 1174 2174 Sicyonios
1194 2098 1289 2158 Abra·
1310 2108 1342 2156 15

172 2194 173 2199 ’
284 2187 344 2244 irae
371 2187 547 2245 centenario
570 2185 662 2245 Isaac
691 2187 729 2245 de
753 2187 953 2260 promissione
973 2189 1014 2246 sit
1036 2194 1137 2260 notos,
1165 2189 1214 2246 oei
1234 2187 1292 2261 ipsi

399 2273 489 2332 Isaac
511 2272 821 2346 nomenniomen
845 2281 875 2334 et
897 2275 990 2334 Iacob
1011 2277 1126 2348 pemini
1147 2276 1185 2334 de

624 2360 765 2422 Rebecca
787 2364 848 2420 sint
870 2364 951 2422 editi.

374 2483 468 2544 Huius
498 2482 682 2562 temporibus
715 2486 801 2545 etiam
827 2476 909 2545 'isaac
940 2503 975 2544 ex
1009 2485 1204 2565 promissione
1237 2481 1289 2544 Dei

285 2581 373 2632 natus
401 2581 447 2632 est
474 2575 644 2633 centenario
672 2575 749 2651 patri
776 2571 853 2632 tilius
881 2572 1013 2632 Abrabae
1041 2573 1076 2633 de
1106 2572 1192 2632 Sarra
1221 2591 1288 2632 con·
1309 2585 1342 2634 20

284 2663 370 2741 iuge,
402 2678 476 2739 quae
509 2659 618 2721 sterilis
650 2670 681 2720 et
712 2678 785 2720 anus
817 2662 875 2720 iarn
907 2679 989 2741 spem
1021 2660 1112 2741 prolis
1144 2663 1289 2721 amiserat.

285 2749 370 2809 Tunc
408 2757 438 2810 ct
469 2749 596 2828 Assyriis
630 2751 751 2827 quintus
788 2758 852 2809 erat
888 2768 941 2809 rex
973 2750 1084 2811 Arrius.
1127 2748 1188 2829 lpsi
1221 2768 1289 2809 vero

285 2837 367 2897 Isaac
396 2839 585 2916 sexagenario
609 2839 670 2897 nati
693 2846 761 2898 sunt
784 2839 906 2918 gemini,
933 2835 1010 2898 Esau
1034 2849 1063 2898 et
1086 2836 1185 2918 iacob,
1216 2855 1290 2917 quos

286 2928 314 2986 ei
341 2924 474 2986 Rebecca
502 2943 577 2986 uxor
602 2928 731 3005 peperit,
762 2943 813 2984 avo
838 2944 941 2986 eormn
964 2927 1109 2987 Abrabam
1132 2927 1226 2987 adbuc
1249 2928 1289 2985 vi-

285 3022 372 3074 vente
400 3022 431 3074 ct
459 3022 578 3074 centurn
609 3015 756 3092 sexaginta
781 3016 884 3074 aetatis
907 3033 1000 3075 annos
1023 3024 1140 3096 agente,
1167 3016 1218 3094 qui
1242 3033 1289 3074 er·
1309 3027 1343 3076 ts

284 3102 373 3182 pletis
396 3112 515 3164 centum
539 3105 722 3181 septuaginta
746 3105 876 3180 quinque
900 3103 1056 3164 defunctus
1079 3113 1137 3183 est,
1166 3099 1288 3182 regnan-

285 3189 366 3251 tibus
385 3190 461 3270 apud
480 3190 615 3270 Assyrios
634 3189 727 3250 Xerse
746 3190 795 3250 iilo
815 3191 990 3270 antiquiore,
1008 3193 1058 3270 qui
1078 3193 1165 3252 etiarn
1185 3189 1289 3252 Balcus

172 3276 174 3288 '
284 3277 462 3361 vocabatur,
494 3288 524 3339 et
556 3278 632 3358 apud
669 3277 821 3358 Sicyonios
854 3277 1018 3360 Thuriaco,
1051 3296 1139 3357 quern
1172 3280 1290 3358 qnidam

285 3365 515 3430 Tburimacbum
540 3365 684 3448 scribunt,
705 3368 837 3446 septimis
862 3366 989 3445 regibus.
1035 3366 1168 3446 Regnum
1192 3375 1289 3427 autem

356 3503 383 3572 7)
402 3499 429 3556 C.
444 3463 469 3558 4.
518 3504 562 3571 29)
581 3501 681 3556 Euseb.
701 3499 763 3555 ons.
781 3500 816 3565 Π,
835 3518 861 3569 p.
879 3507 920 3554 16.

357 3719 373 3765 3
392 3712 484 3767 samir.
499 3712 676 3781 ennean
691 3727 756 3765 sem.
772 3712 879 3780 scopo
892 3712 901 3779 ΙΙ
915 3715 949 3763 10
963 3709 1073 3778 telsyon
1087 3709 1127 3774 Ay
1140 3706 1243 3762 telsion
1257 3711 1293 3776 ei

285 3789 319 3838 nt
336 3783 427 3837 Xerxe
442 3784 491 3838 b'o
504 3785 514 3852 d
528 3788 561 3836 28
575 3782 702 3851 thyriaco
717 3781 792 3850 (cho
807 3783 834 3850 b)
849 3825 855 3836 .
871 3822 877 3833 .
891 3781 1079 3848 thyrimaoum
1088 3778 1165 3831 RAb
1179 3777 1254 3847 (thir.
1282 3782 1292 3848 )

1030 3868 1080 3920 17⁸
