3284 4459
350 511 414 576 386
754 522 955 565 aneensem

351 676 471 720 servans
489 677 523 720 ac
542 675 680 737 sequens,
703 657 781 736 quod
801 657 871 718 licet
888 656 1038 718 diuersum
1061 659 1092 717 in
1115 656 1240 717 diversis
1263 658 1356 717 natio-

350 747 452 825 nibus,
480 745 516 808 ad
544 763 638 808 uuum
665 754 762 805 tamen
794 746 980 824 eundemque
1004 745 1093 805 duem
1116 755 1253 806 terrenae
1276 748 1359 824 pacis

351 835 523 910 intenditur,
546 837 572 895 si
591 834 772 914 religionem,
795 852 853 914 qua
871 851 950 894 unus
969 851 1103 894 summus
1121 842 1152 895 et
1169 851 1261 894 verus
1278 833 1359 894 lieus

351 924 493 985 colendus
515 922 652 1002 docetur,
677 939 736 982 non
759 920 890 1001 impedit.
935 920 1036 983 Utitur
1058 940 1129 1001 ergo
1152 926 1242 984 edam
1264 923 1357 982 caele·

316 1014 405 1072 ostis
429 1013 530 1072 civitas
556 1013 587 1071 in
616 1010 670 1070 hac
694 1028 746 1070 aua
769 1012 1007 1090 peregriuatiooc
1030 1028 1103 1090 paee
1125 1019 1244 1071 terrena
1267 1018 1298 1071 et
1321 1010 1359 1070 de

352 1099 441 1161 cebris
461 1100 495 1160 ad
515 1097 668 1160 mortalem
685 1098 838 1159 homiuum
857 1108 992 1160 naturam
1015 1098 1233 1178 pertinentibus
1256 1098 1358 1159 huma·

352 1206 456 1249 narum
484 1187 667 1249 voluntatum
695 1189 952 1268 compositionem,
979 1195 1123 1266 quantum
1145 1185 1224 1248 salva
1246 1188 1358 1267 pietate

351 1294 385 1338 ac
409 1277 550 1356 reiigione
574 1272 755 1354 conceditur,
779 1283 881 1336 tuetur
903 1284 991 1355 atque
1014 1277 1128 1356 appetit
1150 1292 1274 1355 eamque
1298 1283 1358 1336 ter·

351 1383 452 1426 renam
484 1382 587 1444 paoem
617 1363 709 1424 reiert
735 1363 770 1423 ad
801 1363 957 1423 caelestem
980 1381 1098 1443 paoem,
1128 1381 1203 1442 quae
1225 1381 1295 1423 vere
1317 1365 1360 1423 ita

300 1465 334 1514 10
352 1471 408 1534 pax
426 1461 481 1533 est,
505 1462 537 1513 ut
555 1451 705 1513 rationalis
724 1450 876 1512 dumtaxat
894 1461 1047 1512 creaturae
1066 1450 1127 1512 sola
1144 1469 1201 1530 pax
1224 1451 1360 1512 habenda

352 1550 440 1620 atque
463 1541 586 1602 dicenda
613 1542 665 1620 sit,
692 1538 911 1600 ordinatissima
938 1539 1053 1602 scilieet
1075 1549 1106 1600 et
1127 1539 1360 1600 concordissima

353 1633 477 1690 societas
497 1628 615 1689 iruendi
634 1627 695 1688 Deo
713 1637 744 1688 et
761 1630 888 1688 invicem
910 1630 941 1689 in
964 1627 1040 1708 lieo3
1062 1645 1122 1707 quo
1145 1645 1212 1689 cum
1237 1635 1360 1688 ventum
1460 1708 1461 1711 Ἴ

353 1720 424 1792 erit,
456 1735 516 1777 non
547 1719 605 1777 erit
632 1717 690 1776 vita
717 1717 863 1797 mortalis,
895 1716 946 1776 sed
975 1716 1059 1795 piane
1090 1725 1231 1794 certeque
1254 1715 1360 1797 vitalis,

352 1824 408 1866 nec
440 1823 548 1883 corpus
579 1804 719 1884 animale,
751 1805 843 1884 quod,
875 1805 945 1865 dum
977 1807 1192 1885 corrumpitur,
1220 1805 1361 1883 adgravat

300 1905 333 1956 lo
352 1896 492 1973 animam,
520 1893 571 1954 sed
600 1891 732 1973 spicitale
760 1892 905 1953 sinenda
928 1893 1088 1969 indigentia
1111 1895 1251 1954 exomni
1274 1901 1359 1972 parte

352 1981 503 2043 subditum
532 1981 682 2042 voluntati.
727 1980 809 2040 Hauc
839 1999 956 2058 pacem,
985 1981 1056 2041 dorm
1091 1983 1299 2060 peregrinatur
1328 1982 1360 2040 in

351 2071 421 2151 fide,
453 2069 541 2130 habet
568 2079 655 2148 atque
685 2087 721 2130 ex
748 2069 802 2129 hac
831 2069 888 2129 iide
910 2071 989 2130 iuste
1018 2071 1101 2150 vivit,
1127 2069 1255 2130 eumad
1279 2069 1360 2130 illam

350 2177 453 2240 pacem
485 2158 702 2238 adipiscendam
734 2158 826 2218 refert
858 2157 1000 2236 quidquid
1032 2156 1177 2218 bonamm
1209 2160 1361 2218 actionum
1460 2196 1462 2199 ·

351 2250 428 2327 gerit
460 2265 529 2326 erga
561 2246 654 2307 [icum
686 2253 717 2308 et
746 2249 932 2327 proximum,
968 2248 1109 2325 quoniam
1141 2248 1199 2307 vita
1231 2248 1360 2308 civitatis

299 2349 334 2399 ao
351 2339 455 2415 utique
478 2335 594 2396 socialis
617 2342 671 2396 est.

727 2555 845 2623 (inens
862 2559 982 2624 XVIII.

374 2689 470 2760 mam
494 2689 614 2748 diversa
636 2688 676 2747 rii
697 2685 882 2748 Academt'ac
905 2704 1000 2747 novoe
1023 2687 1205 2761 ambianicae
1226 2704 1247 2747 a
1269 2703 1342 2748 con·

635 2776 847 2846 standandei
871 2775 1071 2836 OdrIstianae.

441 2896 526 2968 Quod
550 2905 649 2957 autem
672 2897 784 2957 adtinet
811 2898 847 2958 ad
870 2897 947 2958 illam
973 2897 1181 2979 differentiam,
1209 2916 1297 2978 mam
1321 2899 1361 2961 de

299 2999 333 3049 ao
352 2985 534 3046 Academicis
553 2987 636 3045 novis
655 2983 746 3045 Varro
770 2985 911 3064 adhibuit,
936 2984 1043 3063 qrribus
1066 2988 1179 3047 incerta
1203 2995 1273 3047 suut
1296 3005 1360 3048 om·

353 3076 415 3155 nia,
439 3076 558 3134 omuino
587 3075 689 3134 civitas
713 3072 765 3133 [Ici
788 3074 875 3134 taiem
898 3073 1111 3134 dubitationem
1135 3083 1284 3153 tamquam
1308 3075 1360 3136 de·

352 3165 491 3224 mentiam
519 3162 695 3241 detestatur,
724 3160 836 3222 habens
859 3163 895 3223 de
919 3160 1021 3242 rebus,
1050 3180 1122 3240 quas
1146 3172 1244 3224 mente
1268 3169 1361 3243 atque

353 3253 466 3312 ratione
486 3249 716 3330 comprehendit,
740 3252 855 3310 etiamsi
873 3267 991 3329 parvam
1015 3259 1137 3329 propter
1160 3269 1269 3331 corpus
1292 3271 1360 3313 cor·

354 3338 508 3420 ruptibiie,
540 3337 618 3418 quod
651 3337 788 3417 adgravat
820 3341 946 3398 animam
978 3332 1145 3420 (quoniam,
1177 3342 1255 3401 sicut
1287 3341 1361 3402 dicit
1457 3386 1458 3397 ,

301 3425 511 3508 coapostolus,
534 3444 575 3488 ex
592 3433 685 3503 parte
702 3420 837 3508 scimus),
859 3436 957 3488 tameo
977 3429 1171 3488 certissimam
1194 3417 1361 3511 scientiam,
1457 3480 1458 3499 ,

423 3581 468 3647 ao)
488 3586 511 3634 1.
531 3577 592 3633 eor.
612 3585 653 3647 aa,
672 3583 697 3634 o.

425 3797 457 3845 13
477 3789 530 3843 arii
548 3787 673 3855 Radep3
691 3785 777 3840 fuant
795 3785 921 3856 Adane
