3284 4459
527 509 567 550 nu
581 507 726 549 cwrnnnn
739 508 833 550 nn1n.
847 507 910 548 m
924 507 947 548 c.
961 509 981 549 a.
1191 491 1256 556 365

248 643 361 707 diutius
383 643 434 705 iila
456 646 604 704 sustinere
627 650 789 704 tormenta:
811 641 891 721 quod
914 660 974 703 nou
997 643 1154 724 commisit,
1176 659 1256 702 com·

249 735 365 795 misisse
394 751 427 793 se
454 732 534 792 dicit.
580 730 645 802 Quo
669 730 805 791 damnato
829 738 860 791 et
881 732 994 810 occiso,
1023 740 1125 792 utrum
1148 748 1256 791 nocen-

249 831 310 884 tem
338 839 376 883 an
405 823 594 881 innocentem
621 819 709 879 iudex
737 818 892 899 occiderit,
915 817 1011 880 adhuc
1034 821 1145 899 nescit,
1167 837 1257 898 quem

250 929 288 972 ne
315 913 506 971 innocentem
532 909 668 968 nesciens
696 906 846 967 occideret
872 908 973 987 torsit3
1000 925 1035 967 ec
1056 924 1112 986 per
1133 906 1190 968 boc
1213 909 1257 967 in-

248 1005 406 1060 nocentem
429 1006 461 1057 et
482 1004 517 1057 ut
538 998 630 1057 sciret
652 997 748 1075 torsit,
771 1002 801 1054 et
823 993 895 1055 dum
918 997 1048 1056 nesciret
1070 995 1186 1058 occidit.
1222 994 1292 1056 lna

247 1085 296 1148 bis
329 1085 462 1146 tenebris
492 1086 569 1145 vitae
597 1083 713 1144 socialis
741 1082 856 1144 sedebit
882 1080 971 1144 iudex
1000 1082 1050 1145 iile
1073 1086 1190 1162 sapiens
1220 1101 1258 1144 an

247 1173 320 1235 non'
339 1169 481 1234 audebit?
527 1170 647 1232 Sedebit
677 1170 771 1252 plene.
817 1169 1002 1251 constringit
1028 1173 1108 1233 enim
1136 1190 1204 1232 eum
1227 1181 1258 1233 et

248 1261 359 1324 adhoc
379 1262 509 1322 officium
531 1259 677 1340 pertrahit
698 1258 827 1320 humana
849 1260 985 1341 societas,
1007 1277 1095 1338 quem
1118 1258 1257 1321 deserere

248 1350 333 1411 neias
351 1350 441 1410 ducit
487 1347 550 1408 Hoc
568 1351 647 1408 enim
671 1349 753 1408 nefas
777 1365 843 1408 esse
866 1365 926 1408 non
949 1347 1040 1428 ducit,
1062 1348 1141 1427 quod
1164 1356 1257 1408 testes

248 1440 424 1500 innocentes
445 1439 477 1498 in
500 1438 597 1497 causis
620 1444 799 1515 torquentur
822 1435 939 1517 alienis3
962 1435 1041 1515 quod
1064 1435 1107 1516 hi,
1137 1437 1189 1515 qui
1210 1453 1257 1496 ar·
1277 1447 1310 1497 ιο

248 1535 391 1607 fruuntur,
413 1527 442 1586 vi
460 1524 572 1585 doloris
589 1523 764 1605 plerumque
784 1525 918 1603 superati
935 1532 966 1586 ct
983 1523 1020 1584 de
1039 1542 1071 1585 se
1093 1524 1166 1585 falsa
1188 1541 1258 1584 con·

247 1616 322 1677 fessi
349 1617 438 1675 etiam
464 1615 631 1693 puniuntur
656 1615 846 1694 innocentes,
872 1629 942 1673 cum
968 1614 1026 1672 iam
1052 1614 1125 1673 torti
1147 1613 1259 1674 suerint

247 1706 438 1783 innocentes3
465 1702 558 1782 quod,
580 1703 638 1762 etsi
659 1718 719 1763 non
742 1707 838 1761 morte
861 1702 1035 1782 puniantur,
1063 1703 1095 1761 in
1116 1703 1190 1779 ipsis
1213 1700 1259 1761 vei

247 1810 287 1853 ex
309 1793 383 1870 ipsis
410 1791 566 1852 tormentis
592 1787 767 1869 plerumque
790 1791 973 1869 moriuntur3
1001 1788 1079 1866 quod
1102 1788 1257 1868 aliquando

247 1881 375 1961 stipsi,
402 1881 454 1958 qui
477 1885 619 1959 arguunt,
646 1876 791 1938 humanae
814 1878 950 1937 societati
971 1877 1109 1952 fortasse,
1139 1895 1177 1938 ne
1201 1879 1258 1938 cri-
1278 1887 1311 1938 tt

248 1970 330 2030 mina
359 1969 494 2048 inpunite
526 1968 599 2046 sint,
630 1965 772 2045 prodesse
802 1961 958 2043 cupientes
987 1972 1018 2026 ct
1046 1964 1259 2026 mentientibus

246 2055 377 2119 testibus
407 2073 518 2134 reoque
547 2057 612 2133 ipso
643 2060 746 2113 contra
772 2060 922 2114 tormenta
948 2051 1073 2114 durante
1100 2055 1260 2114 inmaniter

248 2163 308 2208 nec
330 2145 440 2204 fatente
463 2142 590 2223 probare
614 2141 693 2219 quod
716 2139 849 2202 obiciunt
871 2158 931 2202 non
954 2140 1096 2222 valentes,
1126 2144 1259 2221 quemvis

248 2251 321 2294 vera
344 2231 521 2312 obiecerint,
549 2249 566 2290 a
586 2229 684 2291 iudice
709 2231 860 2290 nesciente
883 2228 1068 2290 damnantur.
1113 2228 1192 2290 Haec
1215 2237 1259 2290 tot

248 2327 281 2382 ct
308 2327 389 2381 muta
416 2319 491 2379 mela
519 2336 579 2378 non
607 2318 728 2396 deputat
756 2335 823 2378 esse
845 2326 978 2398 pecceta3
1001 2335 1062 2378 non
1083 2319 1164 2378 enim
1185 2316 1259 2400 hoec
1276 2328 1312 2378 ιο

249 2411 322 2469 tacit
354 2410 472 2486 sepiens
504 2407 592 2468 iudex
629 2404 756 2466 nocendi
792 2405 961 2486 uoluntate,
996 2405 1049 2466 sed
1080 2407 1258 2466 necessitate

248 2495 411 2576 nesciendi,
434 2503 598 2576 ettamen,
622 2496 690 2573 quia
713 2495 793 2573 cogit
814 2492 943 2553 bumana
966 2495 1108 2573 societas,
1131 2495 1259 2554 necessi·
1334 2497 1337 2504 '

247 2593 310 2646 tate
339 2587 426 2645 etiam
453 2581 612 2644 iudicandi.
656 2581 735 2642 Haec
763 2589 809 2642 est
835 2599 907 2660 ergo
935 2599 1023 2660 quam
1049 2581 1176 2642 dicimus
1205 2584 1258 2642 mi·

249 2675 329 2734 seria
352 2680 433 2732 certe
457 2670 599 2751 hominis,
627 2672 683 2730 etsi
711 2687 770 2731 nou
792 2668 903 2729 malitia
925 2672 1075 2748 sapientis.
1120 2669 1166 2730 An
1188 2688 1258 2730 vero

250 2762 429 2821 necessitate
462 2759 615 2820 nesciendi
652 2766 739 2837 atque
775 2756 925 2818 iudicandi
961 2765 1082 2837 torquet
1116 2760 1259 2839 insontes,
1277 2769 1310 2818 25

249 2850 338 2929 putuit
361 2850 506 2927 insontes,
534 2855 564 2908 et
585 2863 690 2927 parum
719 2853 765 2906 cst
786 2845 842 2925 illi,
869 2843 949 2924 quod
971 2863 1032 2906 non
1054 2854 1100 2908 est
1122 2863 1206 2929 reus,
1233 2849 1260 2908 si

248 2954 311 2998 non
349 2937 388 2996 sit
422 2938 546 3014 insuper
582 2943 613 2995 et
648 2930 774 2994 beatus?
824 2932 941 3004 Quanto
977 2935 1193 2995 consideratius
1228 2942 1259 2996 et

250 3025 372 3107 bomine
391 3022 508 3102 dignius
527 3024 660 3101 agnoscit
677 3023 709 3082 in
731 3023 787 3082 ista
810 3023 987 3083 necessitate
1009 3024 1156 3083 miseriam
1180 3039 1257 3082 eam·

251 3131 310 3192 que
335 3112 397 3172 odit
418 3114 450 3171 in
473 3130 505 3172 sc
528 3120 567 3193 et,
590 3111 616 3170 si
637 3111 686 3189 pie
709 3111 794 3189 sapit,
816 3108 923 3171 cluunt
943 3108 981 3172 ed
1003 3109 1111 3172 Deum:
1137 3110 1185 3173 Dc
1206 3128 1258 3172 ne·

248 3201 442 3263 comitatibus
464 3203 538 3261 meo
560 3216 636 3260 crue
656 3199 719 3259 me!
1276 3207 1311 3260 80
1377 3278 1379 3281 Ι

322 3369 552 3439 mmmm

247 3513 463 3524 ..—-.-—...

324 3601 339 3652 't
358 3595 472 3652 audebit
488 3610 557 3662 mom
576 3594 716 3651 sedebite
