3284 4459
338 492 403 556 552
734 506 755 546 s
769 504 934 547 auousuuu

338 642 446 720 spicari
469 640 578 721 solent,
607 657 667 699 non
689 649 757 718 post
779 641 930 700 iudicium.
977 640 1040 710 Qua
1063 642 1201 720 opinione
1226 641 1347 720 quidam
1368 660 1369 663 ¹

339 748 406 789 cum
430 728 542 788 videret
561 728 695 788 homines
718 730 913 807 inpunitatem
937 727 993 788 sibi
1015 731 1238 808 perversissime
1261 729 1347 809 polli-

339 827 453 897 centes,
482 835 516 876 eo
547 816 625 894 qnod
649 835 751 877 omnes
773 818 831 876 isto
855 818 941 877 modo
964 817 1000 877 ad
1023 816 1228 877 liberationem
1254 821 1348 896 perti·

339 923 410 966 nere
428 922 516 983 posse
534 904 698 984 rideantur,
721 904 935 983 elegantissime
955 905 1143 983 respondisse
1162 904 1347 985 perhibetur,

303 993 413 1057 ebeno
436 995 535 1071 potius
558 1011 624 1052 esse
647 993 812 1073 vivendum,
834 1002 869 1053 nt
890 996 969 1054 inter
992 1012 1043 1053 eos
1067 996 1192 1071 quisque
1216 997 1346 1072 reperia-

339 1091 397 1161 tur,
417 1084 468 1159 qui
486 1100 540 1160 pro
555 1081 619 1141 aliis
636 1083 831 1141 intercessuri
850 1090 920 1141 sunt
938 1081 1105 1162 liberandis
1124 1100 1161 1142 ne
1180 1090 1240 1142 tam
1259 1084 1348 1161 pauci

340 1172 408 1250 sint,
431 1180 464 1230 ut
487 1172 546 1230 cito
565 1171 600 1230 ad
624 1187 782 1230 numerum
805 1187 893 1230 suom
917 1170 963 1229 vel
985 1173 1133 1231 tricenum
1156 1170 1346 1249 velsexage·

339 1276 410 1318 num
438 1257 487 1319 vel
512 1267 670 1318 centenum
699 1275 879 1335 unoquoque
911 1276 1015 1319 eorum
1042 1260 1233 1337 perveniente
1261 1257 1349 1318 multi

338 1355 521 1425 remaneant,
550 1348 601 1424 qni
628 1348 693 1405 erui
720 1349 777 1405 iam
806 1344 842 1405 de
866 1348 969 1425 poenis
991 1347 1110 1407 illorum
1132 1348 1348 1407 intercessione

289 1450 321 1498 ιο
340 1453 400 1493 non
419 1436 533 1513 possint
551 1443 582 1495 et
598 1436 629 1494 in
648 1436 692 1494 eis
710 1436 877 1495 inveniatur
901 1437 1034 1513 quisquis
1053 1434 1109 1495 sibi
1128 1453 1211 1513 spem
1230 1435 1348 1495 fructus

339 1523 427 1582 alieni
455 1525 620 1582 temeritate
648 1525 804 1582 vanissima
832 1522 996 1602 pollicetur.
1042 1522 1121 1583 llaec
1148 1541 1196 1582 me
1219 1522 1276 1582 illis
1300 1541 1348 1582 re-

339 1610 493 1689 spondisse
522 1612 685 1690 suffecerit,
716 1613 767 1689 qui
790 1629 941 1671 sacrarum
964 1610 1143 1692 litterarum,
1171 1630 1243 1689 quas
1267 1629 1348 1670 com·

340 1716 444 1758 munes
462 1696 613 1778 babemus,
637 1702 843 1759 auctoritatem
861 1717 920 1759 non
944 1709 1098 1779 spernunt,
1122 1699 1173 1759 sed
1199 1716 1248 1759 eas
1272 1698 1350 1759 maie

338 1784 535 1864 intellegendo
553 1804 614 1846 non
632 1787 711 1865 qtrod
733 1787 799 1847 iliae
823 1787 993 1869 loquuntur,
1016 1788 1067 1847 sed
1091 1788 1147 1847 boc
1170 1790 1270 1867 potius
1293 1806 1349 1866 pu-

288 1891 320 1939 to
339 1882 403 1935 tant
426 1876 560 1934 futurum
584 1893 648 1934 esse
672 1874 750 1952 qnod
778 1877 835 1953 ipsi
860 1875 971 1938 volunt.
1018 1874 1078 1936 Hae
1102 1879 1200 1954 itaque
1225 1894 1350 1955 respon-

340 1964 422 2022 sione
446 1961 560 2022 reddita
583 1962 704 2037 librum,
728 1966 806 2023 sicut
828 1966 1033 2044 promisimuS,
1056 1967 1256 2024 terminamus.

736 2226 948 2234 —————-——a

670 2398 1010 2464 LIBERXXII.

761 2662 876 2728 Oneum
901 2664 925 2727 I.

509 2792 555 2851 De
577 2794 749 2852 conditione
771 2795 948 2866 onqelorom
971 2799 1002 2852 et
1022 2794 1182 2853 bominum.

431 2913 515 2974 Sicut
546 2916 577 2973 in
606 2917 740 2992 proximo
769 2914 846 2975 libro
876 2917 1030 2994 superiore
1057 2919 1264 2997 promisimuS,
1292 2919 1353 2978 iste

340 3005 430 3065 huius
454 3004 545 3062 totius
568 3004 667 3081 operis
690 3002 812 3064 ultimus
835 3004 1062 3081 disputationem
1087 3003 1123 3063 de
1147 3007 1272 3064 civitatis
1296 3004 1354 3067 Dei

341 3101 462 3153 aeterna
490 3090 671 3151 beatitudine
700 3091 876 3172 continebit,
904 3109 978 3169 quae
1007 3109 1066 3150 non
1094 3101 1217 3171 propter
1245 3097 1353 3155 aetatis

289 3194 323 3243 25
342 3200 395 3261 per
435 3179 526 3239 muita
565 3178 682 3239 saecula
717 3178 931 3257 longitudinem
968 3188 1065 3239 tamen
1104 3180 1352 3260 quandocumque

341 3268 499 3329 finiendam
517 3268 700 3327 aeternitatis
718 3286 826 3327 nomen
845 3270 968 3348 accepit,
992 3268 1042 3327 sed
1063 3270 1205 3346 quemad
1232 3270 1354 3330 modum

343 3359 487 3435 scriptum
511 3357 610 3415 estin
633 3354 797 3434 evangelio,
820 3359 911 3430 reone
933 3359 998 3416 eius
1021 3372 1081 3416 non
1104 3360 1165 3418 erit
1184 3361 1272 3431 finis;
1296 3376 1354 3419 nec

342 3447 382 3505 ita
414 3453 448 3504 ut
479 3444 543 3504 aliis
576 3444 729 3503 moriendo
762 3442 990 3524 decedentibus,
1026 3444 1091 3503 aliis
1122 3444 1355 3506 succedentibus

343 3532 464 3591 oriendo
494 3533 608 3610 species
631 3533 662 3590 in
686 3547 720 3589 ea
742 3534 949 3610 perpetuitatis
973 3539 1124 3612 appareat,
1152 3536 1230 3593 sicut
1251 3536 1283 3593 in
1307 3551 1354 3593 ar-

289 3634 324 3681 30
342 3619 431 3698 bore,
454 3637 528 3696 quae
551 3621 677 3697 perenni
699 3616 803 3678 fronde
827 3622 965 3698 vestitur,
989 3622 1092 3680 eadem
1115 3620 1231 3681 videtur
1253 3622 1355 3683 viridi-

414 3774 458 3837 27)
477 3770 524 3823 Lc.
545 3776 569 3836 l,
587 3774 630 3824 33.
