3284 4459
331 476 396 546 312
732 489 932 534 saooosrnu

331 623 424 686 multo
442 626 534 704 magis
551 632 620 706 post
637 641 689 686 eos
707 624 830 690 luerunt
851 625 1018 706 philosophi
1040 627 1184 706 gentium,
1206 629 1258 705 qui
1280 627 1339 688 hoc

330 716 419 775 etiam
442 716 560 774 nomine
583 722 769 793 vocarentur,
792 712 872 792 quod
894 716 992 793 coepit
1010 731 1027 774 a
1046 713 1145 774 Samio
1163 714 1339 796 Pythagora,

331 805 382 881 qui
404 819 440 863 eo
458 810 601 881 tempore,
623 819 683 881 quo
701 801 877 866 ludaeorum
901 809 947 862 est
969 801 1065 863 soluta
1087 804 1248 884 captivitas,
1269 822 1338 864 coe-

329 893 374 971 pit
405 889 550 951 excellere
582 899 671 969 atquc
703 892 852 970 cognosci.
900 888 992 951 Multo
1024 893 1117 970 magis
1145 909 1216 970 ergo
1243 894 1337 953 ceteri

294 977 497 1059 ophilosophi
524 986 591 1058 post
618 977 778 1058 prophetas
805 980 998 1058 reperiuntur
1025 979 1126 1042 luisse.
1170 977 1245 1041 Nam
1272 982 1338 1062 ipse

326 1061 469 1128 'Socrates
490 1067 688 1148 Atheniensis,
710 1069 851 1146 magister
873 1068 1019 1148 omnium,
1041 1069 1094 1146 qui
1116 1076 1189 1130 tunc
1211 1071 1337 1130 marinio

291 1167 293 1172 ·
331 1155 515 1234 claruerunt,
542 1166 647 1217 tenens
675 1157 706 1216 in
734 1173 768 1216 ea
795 1163 893 1235 parte,
920 1173 995 1235 quae
1023 1155 1143 1218 moralis
1170 1156 1217 1218 rel
1243 1159 1337 1218 activa

330 1243 453 1325 dicitur,
480 1245 692 1325 principatum,
717 1251 785 1324 post
807 1241 932 1304 Esdram
954 1244 985 1304 ln
1008 1243 1157 1306 chronicis
1179 1247 1338 1306 invenitur.

329 1331 396 1394 Non
418 1333 511 1395 multo
534 1340 602 1412 post
624 1334 713 1393 etiam
735 1330 817 1392 Plato
841 1340 1013 1413 natusest,
1036 1335 1087 1412 qui
1110 1332 1197 1413 longe
1220 1344 1338 1394 ceteros

279 1433 312 1483 ιο
330 1419 461 1483 Socrath
493 1419 654 1500 discipulos
686 1421 821 1482 anteiret.
873 1418 988 1491 Quibus
1019 1422 1045 1480 si
1077 1421 1217 1482 addamus
1249 1424 1338 1482 etiam

331 1512 510 1590 superiores,
533 1511 584 1588 qui
601 1508 732 1569 nondum
751 1507 918 1588 philosophi
936 1507 1125 1592 vocabantur,
1148 1518 1263 1589 septem
1282 1513 1337 1571 sci·

329 1597 401 1659 licet
419 1600 567 1677 sapientes
586 1615 619 1658 ao
638 1596 745 1657 deinde
763 1595 910 1677 physicos,
928 1599 980 1676 qui
994 1595 1109 1659 Thaleti
1127 1607 1339 1660 successerunt

330 1688 361 1748 ln
384 1685 596 1767 perscrutanda
619 1693 724 1746 natura
747 1702 848 1746 rerum
871 1683 1003 1746 studium
1026 1686 1091 1746 eins
1112 1686 1233 1766 imitati,
1260 1688 1337 1748 Ana·

330 1771 516 1836 ximandrum
544 1773 658 1835 scilicet
686 1781 715 1834 et
737 1773 947 1837 Anaximenem
974 1781 1005 1834 et
1027 1773 1229 1853 Anaxagoram
1252 1773 1337 1836 alios·

280 1873 314 1924 to
332 1879 390 1942 que
414 1860 585 1944 nonnullos,
612 1870 769 1941 antequam
792 1860 972 1941 Pythagoras
994 1861 1201 1942 philosophum
1223 1865 1339 1944 primus

329 1949 535 2032 profiteretur:
558 1968 614 2011 neo
632 1949 674 2011 illi
692 1949 852 2030 prophetas
874 1957 993 2011 nostros
1017 1952 1171 2011 universos
1194 1955 1339 2032 temporis

331 2041 504 2118 antiquitate
522 2038 714 2120 praecedunt,
736 2034 853 2118 qnando
876 2038 995 2117 quidem
1018 2037 1135 2121 Thales,
1156 2047 1225 2120 post
1248 2058 1338 2120 quem

331 2130 425 2189 ceteri
447 2128 577 2208 luerunt,
600 2134 742 2207 regnante
760 2125 885 2186 Romulo
909 2128 1069 2188 eminuisse
1093 2124 1197 2209 fertur,
1220 2129 1338 2207 quando

330 2215 368 2278 de
387 2212 518 2276 lontibus
535 2213 627 2292 lsrael
645 2217 677 2275 in
695 2217 738 2276 eis
756 2213 873 2293 litteris,
896 2232 971 2292 quae
994 2212 1056 2292 toto
1080 2213 1152 2276 orhe
1175 2227 1339 2297 manarent,

277 2317 312 2366 20
330 2305 502 2387 prophetiae
525 2301 634 2364 {lumen
659 2304 765 2382 erupit.
812 2300 874 2362 Soli
895 2304 986 2381 igitur
1008 2301 1049 2364 illi
1072 2301 1202 2382 theologi
1223 2312 1338 2388 poetae,

332 2392 482 2474 Orpheus,
508 2389 613 2471 Linus,
640 2376 777 2450 Musaeus
806 2400 837 2450 et
863 2391 889 2450 si
917 2392 983 2469 quis
1012 2390 1186 2470 alius'apud
1209 2390 1339 2454 Graecos

332 2482 397 2561 luit,
419 2479 465 2541 his
483 2479 636 2561 prophetis
655 2477 806 2559 Hebraeis,
829 2494 957 2557 quorum
975 2481 1085 2559 scripta
1105 2481 1139 2540 in
1162 2483 1338 2542 auctoritate

321 2568 482 2648 hahemus,
504 2568 589 2628 annis
611 2567 802 2648 reperiuntur
823 2567 948 2646 priores.
995 2566 1054 2628 Sed
1076 2585 1132 2629 nec
1154 2570 1211 2647 ipsi
1235 2587 1338 2631 verum

331 2656 655 2737 theologumnostrum
673 2653 803 2735 Moysen,
825 2656 877 2733 qui
899 2673 994 2716 unum
1016 2673 1118 2717 vertum
1137 2655 1232 2716 Deum
1255 2675 1337 2740 rera-

278 2757 312 2807 25
332 2748 407 2807 citer
423 2744 610 2826 praedicavit,
630 2744 716 2803 cuius
734 2760 813 2803 nunc
832 2745 942 2822 scripta
964 2745 995 2803 in
1018 2745 1202 2805 auctoritatis
1225 2763 1339 2807 canone

331 2835 425 2915 prima
449 2840 531 2913 sunt,
559 2839 691 2910 tempore
714 2839 945 2911 praevenerunt;
968 2849 1002 2892 ac
1025 2850 1079 2911 per
1101 2831 1170 2907 hoc,
1193 2842 1339 2912 quantum

332 2920 367 2983 ad
395 2920 524 2982 Graecos
550 2919 675 3000 adtinet,
702 2921 732 2980 in
761 2937 818 2998 qrra
846 2919 944 2997 lingua
971 2918 1086 2980 litterae
1115 2919 1204 2982 huius
1227 2923 1339 2984 saeculi

332 3011 456 3081 maxime
488 3006 676 3088 ierhuerunt,
694 3006 780 3078 nihil
807 3005 918 3068 hahent
944 3007 1022 3070 unde
1050 3010 1223 3088 sapientiam
1253 3028 1339 3073 suam

331 3087 456 3178 lactent,
482 3115 541 3176 quo
569 3095 711 3174 religione
738 3106 853 3170 nostra,
881 3094 932 3156 uhi
958 3114 1028 3157 vera
1054 3098 1197 3176 sapientia
1225 3107 1285 3180 est,
1311 3101 1339 3160 si

278 3198 313 3248 80
331 3204 391 3247 uon
419 3187 570 3266 superior,
604 3183 707 3245 saltem
734 3185 868 3245 videatur
895 3185 1052 3263 antiquior.
1103 3182 1225 3267 Verum,
1257 3187 1339 3266 quod

332 3274 483 3337 latendum
514 3282 576 3353 est,
606 3290 665 3332 uon
694 3272 812 3351 quidem
840 3274 871 3332 ln
898 3269 1033 3356 Graecia,
1064 3271 1117 3335 sed
1144 3275 1174 3334 in
1203 3267 1339 3336 barbaris

331 3361 483 3444 gentihus,
506 3364 584 3424 sicut
605 3363 635 3421 iu
658 3360 803 3441 Aegypto,
830 3362 888 3422 iam
911 3360 1009 3422 iuerat
1030 3369 1098 3422 ante
1120 3360 1241 3441 Moysen
1265 3382 1338 3426 non·

331 3451 410 3513 nulla
434 3450 581 3530 doctrina,
608 3467 682 3528 quoae
710 3449 829 3536 illorum
855 3450 998 3527 sapientia
1020 3449 1184 3531 diceretur,
1206 3451 1338 3530 alioquin

331 3558 391 3601 uon
424 3539 567 3618 scriptum
598 3546 678 3598 esset
710 3539 740 3598 in
769 3535 853 3598 lihris
881 3539 1004 3617 sanctis,
1035 3536 1155 3617 Moysen
1187 3539 1338 3601 eruditum

276 3637 313 3688 to
332 3629 423 3688 luisse
452 3628 532 3687 omni
559 3626 701 3705 sapientia
727 3627 949 3703 Aegyptiorum,
976 3632 1048 3686 tunc
1075 3626 1191 3707 utiquo,
1220 3628 1341 3707 quando
1458 3672 1459 3677 η

345 3741 347 3746 ’
400 3740 426 3808 8)
445 3739 541 3814 Friclr,
559 3739 628 3794 font.
643 3739 715 3809 Aug.
729 3757 756 3808 p.
772 3744 814 3792 61.
861 3742 905 3809 36)
924 3739 985 3794 Ace
1007 3730 1090 3819 ⁷2²2}
1151 3812 1153 3815 Ι

400 3857 417 3905 8
431 3853 542 3906 ezdrem
555 3853 583 3908 R
596 3855 606 3924 l
619 3858 653 3906 28
667 3852 832 3907 ferbuerunt
844 3852 985 3920 R‘Aeu
1000 3821 1164 3908 fernueronh
1176 3854 1230 3923 Εἲς
1244 3813 1342 3911 ἰοπλ-

328 3925 411 3978 arunt
428 3939 446 3992 ρ
465 3923 492 3990 (b
511 3925 610 3993 osecg
629 3925 663 3990 cf.
682 3927 749 3990 288,
763 3927 816 3989 29;
835 3927 898 3989 339,
912 3927 956 3977 35,
1048 3946 1052 3957 ·
