3284 4459
531 530 571 570 ns
586 529 728 570 civmnnn
741 530 794 570 ner
808 531 835 570 u.
848 530 910 570 xvc
923 529 947 571 o.
961 532 982 571 s.
995 531 1015 572 s.
1216 519 1277 581 131

273 664 389 743 gendus
420 670 466 724 est
495 665 596 742 gigans
623 666 679 726 iste
710 671 836 726 venator
858 671 967 725 contra
989 665 1156 726 Dominum.
1202 664 1279 736 Quid

272 761 373 814 autern
391 751 441 812 hic
461 753 643 830 significatur
664 751 721 812 boc
744 755 872 833 nomine,
895 752 974 830 qnod
998 760 1044 813 est
1065 762 1200 828 venator,
1222 757 1280 814 nisi

274 840 444 902 animalium
482 843 698 918 terrigenarum
738 841 880 920 deceptor
916 859 1076 920 oppressor
1112 839 1281 903 extinctor?

272 927 415 1007 Erigebat
433 946 504 1006 ergo
523 946 590 988 curm
614 931 676 989 suis
699 929 815 1008 populis
838 938 953 993 turrem
976 939 1079 990 contra
1097 929 1200 1011 licum,
1223 949 1281 1009 qua

274 1027 322 1078 est
343 1019 433 1096 impia
457 1017 618 1094 significata
637 1016 782 1095 superbia.
828 1016 933 1076 llerito
957 1025 1055 1078 autem
1078 1017 1173 1078 malus
1195 1021 1314 1097 puni-t

273 1115 325 1168 tur
344 1105 476 1185 allectus,
499 1107 586 1166 etiam
609 1107 658 1164 cui
681 1123 739 1164 non
763 1105 896 1166 succedit
918 1105 1050 1166 effectus.
1086 1104 1187 1166 Genus
1209 1124 1281 1167 vero

272 1197 373 1274 ipsum
396 1211 507 1272 poenae
531 1192 616 1270 quale
646 1189 723 1254 luit?
759 1192 904 1264 Quoniam
926 1194 1086 1254 dominatio
1108 1197 1281 1274 imperantis

273 1285 308 1344 in
331 1281 430 1360 lingna
454 1290 508 1363 est,
530 1281 572 1342 ibi
595 1291 641 1340 est
663 1281 796 1342 damnata
821 1280 967 1361 superbia,
990 1290 1106 1342 utnon
1129 1282 1280 1360 intellege·

272 1379 361 1432 retur
388 1369 493 1430 iubens
506 1399 507 1402 ¹
520 1368 645 1449 bomini,
674 1371 724 1447 qui
752 1369 846 1430 noluit
872 1369 1043 1448 intellegere
1071 1377 1105 1430 nt
1127 1369 1282 1432 oboediret

273 1458 337 1518 lieo
356 1457 478 1518 iubenti.
525 1457 574 1518 Sic
596 1457 644 1518 illa
667 1459 846 1536 conspiratio
869 1457 1010 1518 dissoluta
1033 1467 1088 1537 est,
1110 1476 1177 1520 curn
1201 1461 1335 1537 orris-10

274 1564 334 1625 que
354 1545 390 1606 ab
411 1563 455 1624 eo,
479 1563 567 1623 quem
592 1563 651 1606 non
674 1544 871 1625 intellegebat,
893 1544 1068 1608 abscederet
1088 1549 1145 1608 hec
1168 1565 1200 1607 se
1223 1549 1282 1608 nisi

275 1637 314 1714 ei,
337 1652 405 1694 cum
429 1651 488 1712 quo
511 1633 592 1712 loqui
614 1640 739 1712 poterat,
763 1633 948 1714 adgregaret3
970 1644 1001 1694 et
1023 1652 1078 1714 per
1099 1635 1214 1713 linguas
1238 1634 1281 1696 di·

273 1725 354 1782 visae
378 1731 448 1782 sunt
470 1730 573 1799 gentes
596 1721 804 1801 dispersaeque
828 1740 882 1801 per
905 1731 1014 1803 terras,
1037 1725 1115 1783 sicut
1136 1722 1197 1783 lien
1221 1722 1280 1801 pla·

274 1813 347 1891 cuit,
370 1812 422 1888 qni
439 1809 496 1870 boc
514 1809 609 1870 modis
628 1809 751 1870 occultis
775 1810 919 1888 nobisque
942 1809 1281 1890 inconprehensibilibns

275 1901 355 1960 lecit·
1301 1911 1333 1960 15

569 2121 571 2128 y
691 2034 807 2102 Ceron
831 2034 871 2099 V.

333 2164 379 2224 Be
403 2165 597 2224 descensione
619 2163 741 2224 Domini
762 2165 805 2224 nd
826 2162 1071 2238 confundendam
1093 2167 1229 2239 linquam

591 2253 816 2326 aedificantium
840 2258 964 2312 turrem.

366 2373 451 2444 Quod
466 2376 545 2434 enim
560 2377 702 2453 scriptum
717 2384 775 2436 est:
796 2375 837 2436 Et
850 2377 1006 2436 descendit
1019 2375 1165 2434 Dominus
1177 2376 1283 2436 videre

275 2465 428 2524 civitatem
452 2471 481 2524 et
509 2470 637 2536 turrem,
665 2481 755 2538 quom
778 2465 1020 2536 aedificaverunt
1039 2466 1100 2535 filii
1119 2464 1282 2537 bominum,
1301 2474 1335 2524 to

274 2551 333 2612 hoc
352 2559 399 2610 est
421 2567 480 2610 non
499 2550 550 2610 lilii
569 2549 631 2630 Dei,
654 2551 706 2612 sed
734 2551 782 2611 illa
802 2553 926 2611 societas
945 2550 1109 2612 secundum
1132 2549 1283 2610 hominem

275 2641 387 2718 vivens,
410 2655 497 2716 quam
516 2648 663 2701 terrenam
683 2639 807 2700 dicimus
832 2640 991 2700 civitatem:
1014 2656 1073 2698 non
1096 2638 1161 2700 loeo
1184 2655 1282 2698 mure·

274 2736 326 2787 tur
349 2725 443 2806 Dens,
471 2728 522 2804 qui
551 2745 667 2806 semper
695 2737 740 2788 est
768 2727 878 2805 ubique
901 2735 998 2807 totus,
1025 2725 1077 2786 sed
1100 2725 1283 2788 descendere

276 2815 398 2895 dicitur,
421 2832 489 2874 cum
508 2815 617 2894 aliquid
640 2815 709 2878 lacit
731 2817 762 2875 in
785 2824 875 2894 terra,
897 2814 976 2892 quod
999 2823 1118 2893 praeter
1141 2817 1282 2876 usitatum

276 2912 401 2964 naturae
434 2921 555 2964 cursum
587 2903 760 2964 mirabiliter
789 2903 898 2964 iactum
928 2905 1125 2980 praesentiam
1155 2902 1282 2981 quodam
1301 2914 1335 2964 25

276 2991 363 3052 modo
393 2993 458 3052 eius
485 2990 632 3070 ostendat3
660 3009 715 3052 nec
743 2990 868 3052 videndo
897 2990 984 3051 discit
1007 2991 1043 3050 ad
1065 2999 1200 3070 tempus,
1231 2993 1283 3068 qui

276 3091 439 3158 numquam
467 3088 565 3158 potest
591 3079 699 3158 aliquid
729 3081 880 3159 ignorare,
907 3078 959 3139 sed
982 3078 1018 3138 ed
1041 3088 1160 3158 tempus
1182 3078 1283 3139 ridere

276 3177 307 3230 et
325 3185 506 3246 cognoscere
526 3166 644 3247 dicitur,
666 3167 744 3245 quod
768 3167 861 3228 rideri
884 3175 915 3228 et
937 3169 1075 3246 cognosci
1098 3167 1176 3229 iacit.
1217 3165 1283 3226 Non

277 3259 319 3320 sic
339 3273 411 3334 ergo
430 3253 584 3316 ridebatur
607 3255 654 3314 illa
678 3257 788 3326 civitae,
811 3273 870 3333 quo
894 3254 980 3314 modo
1003 3273 1068 3315 eam
1086 3254 1165 3317 [leus
1189 3254 1282 3315 videri

277 3344 357 3423 lecit,
381 3342 497 3421 quando
521 3342 577 3404 sibi
601 3353 743 3421 quantum
766 3343 937 3421 displiceret
959 3343 1096 3404 ostendit.
1142 3341 1282 3412 Quamvis
1300 3355 1337 3408 30,

276 3435 371 3510 possit
395 3430 525 3510 intellegi
548 3430 626 3492 Deus
649 3429 685 3492 ad
712 3431 790 3492 illam
814 3432 960 3494 civitatem
983 3430 1186 3508 descendisse,
1214 3431 1281 3506 quia

277 3509 497 3580 descenderunt
520 3518 615 3598 angeli
639 3522 702 3586 eius
725 3521 755 3578 in
780 3517 889 3596 quibus
911 3518 1034 3598 babitat3
1057 3528 1103 3596 ut,
1132 3516 1211 3594 quod
1234 3515 1282 3575 ad-

278 3611 412 3669 iunctum
437 3617 494 3669 est:
517 3608 558 3667 Et
580 3610 660 3668 (imit
681 3609 826 3668 Dominus
849 3608 946 3668 Deus:
969 3607 1051 3666 Ecce
1070 3622 1168 3680 genus
1191 3620 1284 3664 onum

348 3790 366 3838 4
385 3783 469 3836 deum
488 3779 679 3845 VAFGnem
698 3776 843 3830 dominum
862 3776 992 3843 Rbgpm
1010 3774 1044 3838 cf.
1061 3773 1113 3886 tin.
1129 3775 1161 3835 1,·
1179 3772 1286 3834 141,13

1040 3865 1055 3910 9
