3284 4459
541 563 582 604 nn
596 562 739 604 omnm
753 563 808 604 nm
819 563 847 604 e.
861 561 936 603 xvn.
954 563 977 605 c.
989 563 1010 606 e
1218 547 1283 614 209

271 706 321 760 est
345 701 544 759 dorestotum
566 701 696 772 voventi,
724 706 755 758 et
782 699 939 759 benedixit
961 715 1056 758 nonos
1080 701 1163 771 iusti,
1191 717 1283 759 unum

272 795 322 848 est
345 784 425 866 quod
448 785 586 866 lecimus,
610 787 735 847 alterum
759 785 837 865 quod
861 789 1014 846 sumimus¹
1052 785 1109 846 Sed
1133 785 1189 847 hoo
1213 787 1283 848 alte·

273 893 343 936 rum
367 873 428 934 Deo
457 874 598 954 largitore
624 893 682 936 non
712 877 853 953 sumitur,
885 876 942 934 nisi
971 877 1125 953 cumipse
1150 873 1283 936 adiutore

273 967 405 1044 primum
433 962 506 1023 illud
534 963 683 1023 efficiturs
714 965 793 1036 Doto
824 979 884 1024 non
913 965 944 1023 io
972 966 1083 1024 uirtute
1107 971 1213 1039 potens
1240 972 1285 1025 est

273 1057 332 1112 oir.
378 1053 525 1113 Dominus
547 1055 700 1125 infirmum
720 1050 817 1126 societ
845 1054 1057 1112 adversarium
1085 1055 1169 1123 eius,·
1200 1051 1319 1113 illumo

274 1140 403 1220 seilicet,
431 1142 483 1218 qui
510 1139 621 1200 homini
649 1141 767 1199 voventi
790 1137 902 1200 invidet
925 1149 954 1199 et
977 1141 1103 1220 resistit,
1130 1157 1167 1200 ne
1191 1140 1285 1201 valeat

274 1228 401 1309 implere
429 1227 508 1307 quod
535 1231 622 1288 vovit.
668 1226 770 1288 Potest
797 1245 833 1287 ex
857 1227 994 1306 ambiguo
1018 1227 1130 1288 Graeco
1152 1228 1284 1308 intellegi

273 1328 307 1377 et
330 1320 543 1378 adversarium
564 1333 660 1376 suom
697 1315 770 1376 Cum
790 1317 870 1376 enim
888 1315 1031 1377 Dominus
1054 1315 1205 1395 possidere
1230 1335 1284 1378 nos

273 1408 419 1485 eoeperit,
441 1405 575 1485 prolecto
598 1403 793 1483 adversarius,
815 1406 867 1482 qni
887 1412 989 1464 noster
1007 1405 1112 1484 iuerat,
1134 1406 1228 1483 ipsius
1252 1407 1284 1466 fit

273 1503 307 1555 et
326 1495 497 1553 vincetura
519 1492 613 1573 nobis,
636 1491 689 1552 sed
712 1510 771 1551 non
795 1491 907 1552 viribus
930 1495 1049 1572 nostris,
1072 1495 1227 1568 quianon
1251 1497 1282 1554 in
1303 1506 1336 1556 10

274 1586 391 1643 uirtute
415 1588 523 1658 potens
551 1589 597 1642 est
624 1584 681 1641 oir.
733 1582 879 1642 Dominus
908 1598 979 1660 ergo
1010 1583 1162 1653 infirmnm
1187 1580 1286 1657 societ

275 1673 490 1732 adversarium
504 1687 600 1742 suum,
614 1671 760 1731 Dominus
773 1676 915 1740 soootus;
938 1677 971 1729 ut
984 1671 1119 1730 vincetur
1133 1687 1149 1729 a
1164 1674 1283 1754 sanetis,

273 1779 353 1839 quos
376 1758 519 1819 Dominus
542 1765 661 1818 sanetus
685 1766 856 1818 sanctorum
881 1757 970 1818 efficit
993 1766 1120 1820 sanctos.

365 1847 407 1907 Ae
421 1865 475 1925 per
488 1846 545 1906 hoo
568 1864 628 1907 noo
648 1849 801 1921 otortetur
819 1847 958 1922 prudens
981 1849 1012 1906 in
1034 1864 1092 1908 suo
1107 1849 1283 1922 prudentio,

274 1944 308 1998 et
328 1953 390 1997 noo
410 1938 561 2010 otortetor
580 1942 686 2010 potens
709 1937 741 1994 in
763 1950 822 1994 sua
840 1938 985 2010 potentio,
1009 1942 1039 1995 et
1060 1953 1120 1996 ooo
1132 1939 1285 2010 glorietur
1304 1948 1338 1996 te

275 2028 361 2086 dives
387 2027 420 2084 io
447 2020 561 2084 diuitiis
582 2026 665 2094 suis;
690 2025 746 2083 sed
772 2025 803 2082 in
826 2024 884 2082 troo
904 2025 1069 2097 glorietur,
1096 2027 1151 2099 qui
1169 2027 1284 2098 olorin-

274 2122 344 2188 tur,
367 2115 542 2186 intellegere
572 2118 601 2172 et
622 2113 704 2172 seire
726 2111 885 2171 Dominum
907 2117 939 2172 et
956 2110 1066 2186 socero
1088 2114 1233 2172 iodicium
1256 2121 1286 2174 et

274 2205 423 2262 iustitium
447 2204 479 2260 io
502 2201 730 2260 mediotenus.
775 2197 840 2258 Non
864 2215 952 2277 parva
975 2217 1011 2258 ex
1034 2207 1118 2278 parte
1141 2200 1285 2280 intellegit

274 2299 308 2350 et
326 2291 383 2350 scit
401 2287 567 2368 Dominum,
589 2290 641 2366 qrri
659 2286 803 2366 intellegit
821 2296 851 2346 et
870 2289 926 2346 seit
944 2289 1031 2346 etiam
1050 2287 1106 2348 hoo
1126 2306 1141 2347 a
1161 2287 1285 2349 Domino

272 2377 335 2438 sibi
364 2377 446 2454 dari,
475 2385 509 2437 ut
536 2375 686 2454 intellegat
713 2384 743 2435 et
772 2377 846 2435 sciat
875 2375 1041 2435 Dominum.
1095 2377 1176 2448 Quid
1207 2381 1285 2437 enim
1304 2389 1339 2438 20

273 2468 385 2539 dobes,
412 2467 453 2526 sit
483 2464 647 2544 apostolus,
674 2466 757 2539 quod
781 2481 841 2524 noo
870 2466 1035 2540 occepisti?
1067 2465 1104 2525 Si
1129 2472 1230 2526 antem
1257 2472 1287 2527 et

274 2556 439 2630 occepisti,
468 2555 544 2629 quid
567 2555 729 2632 glorians,
758 2555 850 2627 quasi
875 2568 935 2612 noo
962 2556 1139 2628 occeperis?
1171 2553 1200 2613 id
1231 2561 1286 2634 est,

274 2645 363 2721 quasi
386 2659 402 2701 a
423 2651 455 2703 te
477 2643 542 2719 ipso
565 2639 620 2700 tibi
643 2643 695 2720 sit,
724 2638 803 2700 unde
826 2640 969 2719 glorieris.
1015 2639 1097 2701 Facit
1119 2650 1217 2702 autem
1240 2644 1284 2702 iu·

273 2731 390 2791 dicium
417 2738 448 2789 et
473 2731 630 2809 iustitiam,
657 2731 707 2806 qui
735 2736 816 2788 recte
845 2730 924 2788 vivit.
970 2728 1060 2788 Recte
1084 2739 1181 2790 eutem
1205 2733 1285 2811 vivit,

276 2821 329 2897 qrri
348 2817 533 2897 obtemperat
549 2818 743 2897 praecipienti
761 2814 834 2897 Deo3
859 2824 888 2877 et
903 2819 976 2889 finis
990 2822 1157 2898 praecepti,
1181 2818 1209 2878 id
1231 2828 1284 2900 est,
1303 2831 1338 2879 25

274 2906 314 2966 ed
338 2906 416 2984 quod
440 2906 570 2965 retertur
592 2913 805 2984 praeceptum,¹
825 2907 942 2966 coritas
965 2912 1011 2965 est
1032 2908 1070 2967 de
1092 2909 1186 2966 corde
1204 2925 1284 2983 puro

273 3003 309 3056 et
335 2997 521 3056 conscientie
544 2995 623 3054 bono
650 3001 681 3054 et
703 2995 767 3065 fide
792 3010 853 3053 noo
878 2995 961 3065 ricto.
1007 2991 1101 3057 Porro
1124 2996 1180 3054 ista
1203 2999 1285 3056 cori·

277 3092 335 3157 tos,
358 3084 437 3142 sieut
455 3080 599 3141 lohannes
618 3077 768 3160 apostolus
787 3088 922 3160 testetur,
946 3099 987 3141 ex
1004 3083 1068 3142 Deo
1087 3089 1139 3142 ost.
1175 3081 1284 3142 Fecere

222 3179 225 3184 '
274 3173 370 3250 igitur
396 3169 595 3231 iudicium'et
623 3171 764 3230 iustitium
791 3186 828 3229 ex
851 3169 911 3229 Deo
941 3178 993 3229 est.
1041 3169 1098 3230 Sed
1126 3170 1196 3249 quid
1226 3179 1285 3231 est:

278 3262 316 3321 In
344 3261 442 3320 medio
469 3260 593 3318 terroe?
627 3256 729 3334 Neque
758 3260 837 3317 enim
867 3275 924 3317 non
952 3256 1061 3318 debent
1089 3258 1185 3319 iecere
1209 3258 1283 3318 iudi·
1303 3271 1339 3320 so

243 3377 246 3381 >
274 3351 358 3409 cium
381 3355 411 3406 et
438 3349 579 3406 iustitiam
608 3348 658 3424 qui
686 3344 817 3405 habitant
841 3347 870 3404 in
894 3349 1035 3406 extremis
1059 3354 1165 3407 terrae.
1212 3346 1285 3417 Quis

276 3436 334 3496 hoe
361 3430 489 3495 dixerit?
526 3433 586 3493 Cur
616 3450 687 3511 ergo
714 3432 846 3493 additum
874 3441 934 3494 est:
970 3434 1006 3494 In
1034 3437 1145 3496 medio·
1160 3437 1285 3495 terroe?

273 3523 364 3594 Quml
388 3525 415 3583 si
436 3539 496 3582 non
522 3521 681 3582 adderetur
703 3530 733 3581 et
755 3521 957 3582 tantummodo
981 3520 1145 3582 diceretur:
1167 3523 1286 3584 Facere

348 3632 393 3700 22)
413 3636 436 3684 1.
452 3629 512 3684 Cor.
531 3635 556 3696 t,
572 3635 596 3683 7.
647 3634 691 3699 tr)
711 3635 734 3684 1.
749 3629 820 3685 Tim,
841 3635 865 3696 1,
880 3633 904 3682 5.
955 3629 999 3696 28)
1019 3633 1042 3682 1.
1056 3626 1094 3680 Ιο.
1114 3631 1139 3691 4,
1154 3630 1179 3680 7.

349 3767 365 3815 9
383 3762 416 3815 fit
429 3765 459 3816 et
472 3763 601 3815 uinoetur
615 3759 692 3828 R¹p3
709 3759 742 3812 fit
756 3762 785 3813 et
797 3758 921 3812 uincitur
931 3757 1100 3828 R'AFe9o3
1119 3757 1168 3812 fiet
1182 3761 1210 3812 el
1224 3759 1286 3812 uin·

272 3834 357 3888 cetur
373 3833 442 3888 dab
456 3834 465 3901 ll
480 3838 513 3886 13
528 3831 621 3885 effecit
634 3847 651 3884 o
663 3832 673 3899 ll
687 3835 720 3882 32
739 3829 769 3882 in
786 3828 859 3881 med.
879 3829 956 3898 tem]
970 3834 995 3881 1.
1007 3828 1079 3882 Sum.
1089 3832 1116 3893 2,
1126 3834 1162 3883 10
1172 3829 1286 3897 (LXX)

329 3939 389 3971 Ano.
402 3940 435 3970 nn
449 3939 496 3970 ow.
509 3940 558 3970 1211.
580 3929 612 3969 Π.
1040 3920 1073 3968 14
