3284 4459
361 495 426 558 432
771 503 794 545 s.
809 502 974 545 annosam

360 644 488 720 venerit,
517 658 575 720 quo
604 640 654 699 flat
680 646 711 698 et
733 655 893 716 corporum
915 640 1110 718 resurrectio,
1138 658 1198 700 non
1221 640 1257 700 ad
1282 644 1370 702 vitam

361 730 397 790 de
420 730 620 790 monumentis
642 726 812 806 procedent,
836 725 887 785 sed
911 726 946 786 ad
970 725 1125 806 iudicium
1148 728 1185 788 ad
1208 730 1370 791 damnatio·

361 837 429 879 nem
448 816 570 897 seilicet,
592 833 668 896 quae
687 813 816 875 secunda
840 831 920 873 mors
943 813 1061 875 dicitur.
1106 814 1207 877 Donec
1228 818 1371 880 finiantur

361 908 440 968 e'nim
465 905 542 965 mille
566 906 643 984 anni,
667 904 846 983 quicumque
871 920 930 962 non
953 904 1071 982 vixerit,
1095 903 1123 963 id
1147 913 1202 985 est,
1226 915 1289 966 toto
1312 910 1370 969 isto

326 1008 342 1054 o
362 1003 505 1074 tempore,
528 1011 586 1073 quo
606 995 702 1070 agitur
715 993 810 1070 prima
829 992 1019 1069 resurreetio,
1044 1009 1102 1050 non
1121 992 1248 1053 audierit
1266 1014 1371 1056 vocem
1462 1066 1463 1071 γ

361 1083 413 1144 filii
435 1082 488 1144 Dei
512 1080 600 1141 etad
623 1083 710 1140 vitam
741 1079 777 1139 de
801 1088 897 1139 morte
921 1081 1083 1159 transierit,
1111 1082 1246 1159 proiecto
1269 1084 1300 1143 in
1325 1102 1369 1144 se·

361 1171 457 1233 cunda
476 1172 703 1249 resurrectione,
727 1186 801 1247 quae
820 1169 918 1227 carnis
937 1176 992 1249 est,
1014 1169 1045 1227 in
1064 1176 1190 1229 mortem
1209 1172 1370 1233 secundam

361 1279 429 1321 enm
451 1262 514 1339 ipsa
545 1276 633 1318 carne
664 1255 807 1316 transibit.
855 1255 997 1334 Sequitur
1021 1258 1099 1316 enim
1122 1264 1153 1317 et
1175 1257 1261 1320 dicit:
1283 1260 1371 1322 Haec

361 1351 547 1410 resurreetio
571 1338 673 1422 primu
702 1352 753 1406 est.
798 1346 912 1406 Beatus
939 1353 970 1405 et
995 1353 1120 1406 sanetus
1148 1350 1316 1421 quinaret
1339 1354 1370 1411 in

309 1451 342 1499 10
360 1440 421 1499 buc
438 1440 540 1513 primo
558 1437 784 1495 resurrectione
798 1440 927 1514 purtem,
950 1432 979 1492 id
999 1441 1045 1493 est
1062 1436 1211 1513 particeps
1231 1438 1296 1497 eins
1315 1448 1369 1498 est.

360 1525 426 1605 lpse
450 1533 497 1584 est
519 1532 616 1583 autem
640 1523 788 1600 particeps
818 1523 898 1601 eins,
930 1523 981 1599 qui
1012 1539 1070 1581 non
1098 1521 1194 1583 solum
1224 1542 1240 1583 a
1263 1535 1370 1607 morte,

338 1632 436 1692 *qnae
459 1615 490 1671 in
513 1612 642 1690 peccatis
665 1618 720 1690 est,
742 1611 906 1689 revivescit,
930 1628 1032 1669 vernm
1055 1613 1143 1671 etiam
1167 1614 1197 1671 in
1221 1630 1267 1695 eo,
1290 1616 1369 1693 quod

361 1702 509 1780 revixerit,
531 1697 723 1779 permanebit.
769 1698 807 1759 In
826 1701 899 1772 istas,
923 1699 1028 1778 inquit,
1050 1703 1186 1761 secundo
1205 1719 1286 1763 mors
1309 1721 1370 1764 non

360 1792 452 1850 babet
469 1793 654 1865 potestatem.
700 1785 795 1846 Habet
818 1804 889 1864 ergo
912 1789 942 1846 in
966 1785 1104 1864 reliquis,
1128 1787 1164 1848 de
1187 1788 1297 1867 quibus
1320 1810 1369 1852 su·

309 1880 463 1958 leporius
485 1878 539 1937 ait:
562 1875 686 1950 Reliqui
706 1892 811 1936 eorum
833 1892 894 1935 non
917 1878 1072 1949 uicerunt,
1102 1878 1197 1937 donec
1216 1881 1370 1950 finiantur

361 1969 440 2027 mille
467 1968 558 2036 unu&
585 1966 723 2042 quoniam
752 1970 814 2024 toto
842 1964 899 2022 isto
929 1965 1071 2042 temporis
1094 1964 1261 2046 intervallo,
1289 1970 1369 2045 quod

362 2054 440 2115 mille
464 2072 557 2114 annos
580 2061 675 2132 vocat,
705 2062 977 2130 quantumcumque
1000 2052 1031 2111 in
1055 2069 1090 2112 eo
1114 2055 1239 2132 quisque
1264 2074 1371 2117 eorum

360 2145 433 2203 vixit
454 2144 485 2203 in
509 2158 647 2221 corpore,
677 2158 736 2199 non
758 2142 865 2200 revixit
888 2158 903 2199 a
927 2148 1037 2220 morte,
1059 2141 1090 2200 in
1114 2159 1262 2218 quaeum
1286 2153 1369 2205 tene-

361 2232 411 2292 bat
440 2233 590 2310 impietas,
622 2237 656 2289 ut
682 2229 726 2287 sic
758 2228 966 2289 revivescendo
996 2230 1108 2306 primae
1139 2235 1370 2294 resurrectionis

308 2335 342 2382 ao
360 2322 509 2401 particeps
541 2320 625 2378 fieret
657 2326 744 2394 atque
776 2318 807 2376 in
840 2334 876 2376 eo
907 2325 1084 2395 potestatem
1119 2318 1248 2379 secunda
1288 2339 1370 2381 mors

360 2428 420 2470 non
442 2407 572 2468 haberet.

773 2592 889 2660 Carnu
911 2593 950 2660 K

387 2726 468 2797 Quid
488 2725 730 2800 respondendum
751 2725 793 2783 sit
814 2726 865 2797 eis,
888 2726 942 2797 qui
955 2729 1069 2799 putant
1090 2730 1347 2789 resurrectionem

422 2815 465 2873 ad
485 2816 550 2873 solo
573 2828 714 2887 corpora,
736 2828 796 2871 non
820 2814 910 2872 etium
933 2813 976 2871 ud
997 2814 1116 2873 unimus
1135 2816 1300 2889 pertinere.

309 2949 343 2997 an
451 2933 527 2994 Sunt
551 2936 602 3011 qui
624 2941 729 3011 putant
755 2936 1006 2994 resurrectionem
1034 2934 1092 2995 diei
1115 2954 1175 2995 non
1198 2954 1285 3014 posse
1310 2940 1370 2999 nisi

362 3040 521 3101 corporum
551 3020 676 3099 ideoque
704 3023 790 3081 istam
825 3040 943 3100 quoqne
971 3024 1095 3102 primam
1127 3026 1157 3083 in
1191 3025 1371 3104 corporibus

362 3113 491 3172 suturam
521 3128 586 3169 esse
616 3109 806 3170 contendunt.
853 3109 986 3181 Quorum
1018 3114 1096 3171 enim
1127 3120 1187 3193 est,
1219 3114 1372 3196 inquiunt,
1462 3138 1463 3143 ¹

362 3200 477 3277 cadere,
500 3216 603 3258 eorum
622 3207 668 3257 est
686 3216 852 3276 resurgere.
899 3197 1013 3259 Cadunt
1036 3209 1134 3260 autem
1157 3218 1282 3280 corpora
1306 3220 1370 3262 mo·

362 3287 480 3366 riendo;
510 3305 576 3346 nam
604 3294 634 3346 et
661 3305 676 3346 a
707 3285 837 3346 cadendo
867 3287 1007 3346 cadavera
1036 3294 1256 3367 nuncupantur.
1301 3289 1370 3351 Non

309 3390 343 3440 ao
363 3394 433 3455 ergo
453 3377 625 3455 animarum,
646 3376 795 3454 inquiunt,
816 3378 999 3435 resurreetio
1017 3384 1115 3454 potest
1133 3394 1207 3457 esse,
1230 3376 1282 3437 scd
1303 3396 1369 3438 cor·

361 3483 476 3545 porum.
524 3462 582 3523 Sed
605 3462 675 3542 quid
699 3472 802 3523 contra
825 3463 990 3541 apostolum
1013 3464 1128 3544 dicunt,
1158 3467 1209 3543 qui
1232 3483 1297 3525 eam
1321 3484 1369 3526 re·

362 3554 578 3614 surrectionem
606 3548 752 3630 appellat?
797 3550 870 3610 Nam
899 3551 1061 3612 secundum
1089 3554 1278 3635 interiorem,
1308 3573 1370 3615 non
1462 3622 1463 3627 .

362 3638 526 3701 secundum
549 3641 726 3698 exteriorem
749 3638 898 3698 hominem
921 3641 1023 3717 ntique
1047 3651 1280 3723 resurrexerant,
1304 3645 1370 3721 qui·

430 3741 475 3808 10)
492 3744 580 3808 Apoo.
599 3745 642 3806 20,
657 3745 724 3807 beq.

432 3877 464 3926 12
482 3870 624 3924 reviviscit
641 3888 657 3924 o
675 3873 684 3939 ΙΙ
702 3877 732 3937 4;
752 3876 783 3924 16
802 3870 857 3924 iebo
875 3874 937 3926 toto
956 3890 972 3927 u
