3284 4459
555 539 596 580 un
610 539 754 581 crumena
766 540 820 581 nm
834 540 860 581 n.
873 540 947 581 mn
961 541 984 582 c.
997 542 1018 582 a.
1221 526 1285 591 567

280 679 404 736 haerere
418 674 612 754 populorum;
635 674 707 734 haec
721 683 819 734 autem
835 674 1013 754 ubicumque
1027 676 1111 756 liirnt,
1133 674 1174 735 ibi
1188 678 1286 735 sciun-

281 773 331 825 tur
354 766 402 823 vix
430 780 446 822 a
477 770 537 823 tota
560 764 624 840 ipsa
657 764 772 823 civitate
805 762 851 823 vel
883 780 1068 841 quocumque
1100 781 1286 824 commanen-

281 854 355 912 tium
383 852 457 911 loco.
502 850 575 909 Nam
603 850 777 928 plerumque
804 853 893 911 etiam
922 850 963 911 ibi
991 854 1159 929 paucissimi
1188 854 1287 912 sciunt

280 938 487 1019 ignorantibus
523 941 648 1018 ceteris,
687 941 809 998 maxime
842 942 867 999 si
900 957 1003 1017 magna
1035 942 1074 999 sit
1109 942 1223 1021 ciritas3
1256 948 1287 1001 et

281 1028 399 1107 quando
424 1026 492 1086 alibi
514 1026 638 1104 aliisque
662 1034 835 1108 narrantur,
858 1045 917 1087 non
940 1036 1020 1087 tanta
1043 1046 1077 1087 ea
1100 1027 1320 1089 commendato

281 1118 455 1196 auctoritas,
483 1123 516 1175 ut
546 1116 609 1175 sine
640 1114 811 1175 difficultate
839 1115 884 1175 vel
912 1115 1094 1175 dubitatione
1118 1117 1286 1191 credantur,

282 1206 414 1283 quamvis
438 1201 611 1262 Christianis
634 1201 769 1262 fidelibus
791 1221 808 1262 a
831 1202 966 1263 fidelibus
989 1203 1165 1264 indicentur.

369 1290 551 1371 Miraeulum,
570 1290 648 1369 quod
667 1290 822 1350 Mediolani
842 1293 950 1352 factum
969 1299 1023 1371 est,
1041 1310 1108 1352 cum
1127 1291 1186 1352 illic
1206 1310 1284 1351 esse-

281 1398 357 1459 mus,
376 1379 492 1459 quando
510 1379 702 1439 inluminatus
720 1388 766 1439 est
784 1396 899 1461 caecuS,
918 1380 953 1440 ad
972 1378 1132 1440 multorum
1151 1381 1285 1440 notitiam

281 1470 378 1547 potuit
404 1470 573 1547 pervenire,
601 1469 669 1544 quia
698 1475 728 1527 et
750 1468 868 1546 grandis
898 1476 944 1529 est
975 1470 1076 1528 civitas
1104 1475 1135 1529 et
1156 1467 1198 1527 ibi
1221 1476 1285 1528 erat
1305 1480 1337 1528 10

281 1565 353 1616 tunc
380 1558 541 1635 imperator
576 1563 606 1614 et
638 1557 772 1615 inmenso
803 1556 912 1635 populo
946 1565 1020 1617 teste
1053 1574 1102 1617 res
1129 1565 1210 1635 gesta
1240 1563 1286 1616 est

281 1654 477 1704 concurrente
509 1642 545 1703 ad
577 1661 701 1722 corpora
734 1653 893 1723 martyrum
923 1644 1049 1705 Protasii
1080 1652 1110 1704 et
1141 1644 1286 1725 Gervasii3

282 1751 356 1811 quae
384 1750 452 1792 oum
480 1732 607 1791 laterent
633 1739 663 1791 et
686 1734 804 1810 penitus
829 1734 1028 1814 nescirentur,
1056 1736 1194 1814 episcopo
1217 1734 1284 1793 Am·

281 1820 381 1880 brosio
400 1838 454 1899 per
471 1821 619 1878 somnium
638 1820 764 1879 revelata
787 1830 904 1898 reperta
928 1830 1010 1903 suut3
1033 1821 1085 1882 ubi
1107 1840 1213 1882 caecus
1236 1820 1285 1881 ille

281 1908 411 1987 depulsis
434 1907 583 1967 veteribus
606 1907 737 1967 tenebris
761 1907 839 1968 diem
862 1909 940 1969 vidit.
1305 1923 1337 1971 1⁶

369 1996 452 2075 Apud
482 1995 686 2073 Carthaginem
716 2004 813 2055 autem
843 1998 909 2074 quis
936 1999 1017 2058 norit
1045 2006 1163 2076 praeter
1186 1998 1284 2058 admo·

281 2086 351 2145 ditm
374 2086 567 2162 paucissimos
594 2082 734 2163 salutem,
764 2102 838 2162 quae
868 2085 944 2145 facta
966 2094 1012 2145 est
1034 2085 1219 2165 innocentio,
1249 2105 1285 2145 ex

282 2173 421 2232 advocato
456 2173 581 2231 vicariae
615 2172 834 2253 praefecturae,
867 2172 917 2232 uhi
949 2190 1003 2232 nos
1034 2174 1223 2235 interfuimus
1256 2184 1286 2234 et

281 2261 374 2320 occulis
393 2261 560 2337 aspeximus
579 2256 710 2319 nostris?
745 2258 902 2320 Venientes
926 2263 1003 2320 enim
1023 2260 1058 2321 de
1082 2263 1285 2321 transmarinis

281 2356 382 2409 meet
408 2348 530 2407 fratrem
558 2365 655 2407 meum
679 2347 826 2428 Alypium,
854 2348 984 2408 nondum
1008 2350 1128 2427 quidem
1151 2349 1283 2428 clericos
1304 2363 1337 2412 20

281 2436 332 2497 sed
356 2438 412 2495 iam
437 2435 497 2495 lleo
520 2438 691 2515 servientes
715 2442 834 2496 uteret
857 2454 924 2497 cum
947 2445 1007 2497 tota
1031 2437 1119 2497 domo
1141 2455 1193 2497 sua
1217 2436 1283 2496 reli-

280 2526 479 2604 giosissimus,
502 2526 565 2602 ipse
589 2533 775 2603 susceperat,
797 2533 828 2583 et
850 2526 926 2604 apud
951 2543 1019 2585 eum
1042 2534 1113 2586 tunc
1136 2524 1283 2585 habitaba-

281 2632 355 2674 mus.
402 2611 566 2672 Curabatur
584 2630 599 2671 a
619 2612 740 2671 medicis
758 2612 880 2692 fistulae,
904 2631 976 2691 queas
1000 2631 1173 2673 numerosas
1196 2623 1283 2691 atque

280 2701 435 2780 perplexas
461 2699 564 2760 habuit
590 2703 620 2759 in
647 2703 812 2779 posteriore
844 2710 931 2779 atque
954 2704 1012 2761 ima
1035 2704 1169 2780 corporis
1190 2710 1282 2781 parte.

280 2790 341 2849 lam
359 2796 516 2849 secuerant
534 2806 600 2848 eum
620 2799 649 2847 et
668 2791 739 2848 artis
758 2806 828 2849 suae
852 2798 950 2849 cetera
975 2790 1195 2850 medicamentis
1218 2809 1283 2869 age·
1303 2803 1336 2851 25

280 2876 359 2938 haut.
404 2875 512 2936 Passus
538 2885 637 2937 autem
664 2877 761 2936 fuerat
787 2880 818 2937 in
850 2880 980 2938 sectione
1003 2878 1051 2938 illa
1075 2886 1105 2939 et
1127 2878 1283 2939 diuturnos

281 2974 312 3025 et
330 2964 452 3025 acerbos
471 2963 596 3024 dolores.
642 2964 699 3023 Sed
718 2983 796 3025 trtius
814 2969 893 3025 iuter
912 2966 1020 3027 multos
1039 2968 1121 3027 sinus
1140 2966 1284 3027 fefellerat

280 3053 411 3113 medicos
434 3060 521 3130 atque
544 3055 583 3111 ita
607 3052 744 3132 latuerat,
772 3061 806 3113 ut
829 3071 898 3113 eom
921 3072 980 3114 non
1003 3062 1172 3134 tangerent,
1195 3072 1283 3133 quem

280 3142 360 3201 ferro
383 3142 498 3219 aperire
521 3139 692 3200 debuerant.
738 3140 870 3219 lienique
899 3144 1008 3202 sanatis
1030 3141 1181 3223 omuibus,
1208 3161 1282 3221 quae

279 3238 380 3308 aperta
403 3228 554 3306 currebant,
577 3230 632 3286 iste
655 3238 837 3289 remanserat
860 3229 949 3309 solus,
973 3232 1021 3290 cui
1044 3230 1156 3289 frustra
1178 3232 1281 3309 inpen·
1302 3244 1336 3292 30

279 3316 404 3377 debatur
422 3315 512 3376 labor.
558 3314 637 3386 Qtras
656 3333 752 3375 moras
773 3316 822 3376 ille
841 3327 993 3396 suspectas
1012 3317 1123 3377 habens
1146 3317 1283 3378 multum-

280 3424 338 3483 que
361 3404 535 3483 formidans,
565 3422 601 3462 ne
624 3406 733 3463 iterum
756 3415 908 3465 secaretur
931 3399 1026 3487 (quod
1049 3408 1076 3466 ei
1099 3406 1284 3484 praedixerat

279 3493 355 3553 alius
377 3493 508 3552 medicus
532 3492 711 3551 domesticus
735 3494 814 3573 eius,
838 3511 925 3572 quem
950 3512 1008 3554 non
1032 3494 1210 3553 admiserant
1233 3494 1283 3572 illi,

279 3590 313 3643 ut
336 3581 438 3641 saltem
461 3580 587 3660 videret,
615 3597 683 3640 cum
705 3583 836 3659 primum
858 3592 958 3643 sectus
980 3594 1039 3665 cst,
1062 3600 1120 3662 quo
1143 3583 1230 3643 modo
1252 3582 1281 3641 id

351 3748 383 3796 12
402 3744 509 3811 protasi
528 3746 557 3798 ei
574 3744 698 3814 gerbasii
714 3744 756 3799 R¹
774 3747 900 3815 (immune
917 3750 980 3813 573,
994 3750 1038 3816 3);
1056 3748 1163 3817 protasi
1182 3749 1211 3802 et
1227 3764 1290 3818 ger·

278 3814 338 3868 vasi
358 3816 385 3868 Α
403 3817 411 3881 ΙΙ
430 3820 463 3868 25
483 3831 546 3868 eum
565 3832 618 3870 arse
637 3820 766 3884 (32;34‚·
784 3821 903 3886 575,1);
923 3818 949 3871 ei
967 3836 983 3872 v
