3284 4459
581 505 622 546 nu
635 501 779 545 emanue
791 502 845 542 nm
858 501 884 541 n.
898 501 962 541 xxr.
977 498 1000 541 0.
1014 501 1033 541 1.
1247 483 1311 549 487

533 693 537 702 ’
588 743 594 754 ·
660 735 957 805 menam
1016 698 1018 708 ⁴

727 1003 844 1071 cenos
867 1002 893 1069 Ι.

309 1139 355 1199 oo
381 1140 489 1198 ordine
515 1136 741 1212 disputationis,
769 1150 830 1209 qno
854 1134 944 1209 prins
971 1131 1179 1191 disserendum
1206 1136 1251 1190 est
1278 1131 1317 1192 de

358 1232 506 1304 perpetuo
528 1225 675 1302 supplicio
699 1225 911 1283 damnatorum
935 1236 1003 1281 cnm
1027 1219 1146 1280 diabolo
1167 1235 1259 1294 quom
1334 1226 1351 1276 5

530 1315 568 1375 de
590 1318 718 1373 aeterno
738 1308 889 1387 felicitate
910 1314 1094 1369 sanctornm.

399 1428 473 1491 Cum
491 1446 547 1508 per
563 1427 661 1489 lesum
680 1427 831 1489 Christum
849 1426 1006 1487 Dominum
1024 1433 1167 1504 nostrum,
1188 1424 1317 1487 iudicem

309 1522 444 1579 vivorum
462 1524 549 1593 atquc
568 1524 761 1596 mortuorum,
781 1516 818 1577 ad
837 1514 951 1577 debitos
969 1514 1044 1577 fines
1062 1513 1164 1575 ambae
1177 1531 1318 1593 pervene-

310 1604 539 1683 nutrientes,
570 1621 695 1682 quarum
719 1611 764 1663 est
792 1601 940 1684 ananei,
968 1601 1059 1663 altera
1082 1603 1202 1684 diaboli,
1230 1606 1316 1665 cuius

310 1690 389 1751 modi
419 1690 597 1771 supplicium
625 1693 664 1751 sit
686 1690 818 1752 loturum
850 1689 958 1751 diaboli
981 1698 1012 1751 et
1033 1693 1166 1752 omnium
1188 1691 1225 1752 ad
1248 1710 1316 1753 eum
1337 1704 1370 1752 10

313 1781 542 1859 pertinentium,
573 1781 604 1840 in
636 1780 692 1840 boc
723 1778 799 1840 libro
831 1778 917 1839 nobis
923 1826 933 1859 ,
965 1788 1107 1857 quantum
1134 1797 1190 1860 ope
1222 1780 1319 1842 divina

309 1866 480 1949 valebimus,
503 1867 673 1947 diligentius
692 1867 902 1947 disputandum
926 1875 979 1928 est.
1024 1865 1094 1929 ldeo
1117 1877 1216 1930 autem
1238 1869 1318 1932 bunc

310 1963 414 2017 tenere
446 1956 581 2017 ordinem
612 1956 717 2037 malui,
749 1964 783 2016 nt
813 1964 915 2034 postea
943 1955 1085 2017 disseram
1113 1956 1149 2017 de
1178 1957 1316 2019 felicitate

309 2052 490 2124 sanctorum,
513 2046 652 2123 quoniam
671 2052 832 2122 utrumqne
851 2062 919 2104 cum
943 2044 1118 2123 corporibus
1142 2048 1199 2106 erit
1221 2055 1251 2106 et
1272 2048 1316 2106 in·

309 2131 482 2193 credibilius
500 2132 616 2193 videtur
635 2149 700 2192 esse
723 2134 754 2191 in
773 2133 902 2192 aeternis
925 2150 1049 2211 corpora
1073 2132 1180 2193 durare
1204 2137 1369 2195 crucia-15

309 2220 390 2283 tibus
417 2238 505 2299 quam
533 2222 598 2281 sine
625 2219 727 2280 dolore
756 2220 815 2280 ullo
844 2221 874 2279 in
903 2229 1023 2281 aeterna
1044 2219 1227 2282 beatitudine
1250 2241 1315 2301 per·

310 2326 444 2389 manere3
472 2326 507 2368 ac
533 2326 587 2387 per
614 2308 671 2368 boc
694 2326 761 2368 cum
784 2307 864 2368 illam
887 2326 1011 2387 poenam
1035 2327 1094 2370 non
1118 2308 1226 2369 debere
1250 2328 1316 2372 esse

308 2395 513 2459 incredibilem
540 2396 793 2477 demonstravero,
827 2395 974 2457 adiuvabit
1002 2414 1049 2458 ure
1076 2396 1250 2477 plurimum,
1282 2408 1316 2461 ut

309 2485 402 2548 multo
431 2484 545 2545 facilius
574 2487 653 2546 omni
681 2502 787 2545 carens
809 2484 943 2544 molestia
965 2485 1159 2545 inmortalitas
1182 2490 1316 2565 corporis

308 2576 341 2635 in
369 2574 478 2634 sanctis
506 2574 606 2633 lutura
633 2572 780 2634 credatur.
826 2572 887 2633 Nec
915 2591 930 2632 a
959 2573 1065 2633 divinis
1092 2573 1164 2633 ordo
1188 2576 1244 2635 iste
1267 2576 1315 2636 ab·
1335 2588 1369 2637 20

308 2662 413 2723 borrel
435 2661 575 2740 eloquiis,
599 2661 650 2722 ubl
673 2661 829 2740 aliquando
853 2660 972 2739 quidem
995 2661 1140 2723 bonorum
1164 2662 1315 2725 beatitudo

308 2753 393 2831 prius
416 2751 547 2830 ponitur,
570 2758 604 2810 ut
621 2757 669 2810 est
690 2749 776 2811 illud:
803 2751 863 2822 Qni
884 2751 963 2811 bono
983 2749 1134 2826 fecerunt,
1158 2755 1189 2812 in
1212 2771 1315 2815 resor-

309 2842 475 2901 rectionem
493 2842 590 2910 oitoe;
612 2840 667 2913 qni
683 2846 783 2899 antem
801 2842 883 2899 moto
901 2846 1038 2920 coornat,
1060 2841 1092 2900 in
1115 2846 1315 2904 resurrectio-

308 2945 377 2989 nem
405 2928 530 2998 t'ndieii,·
557 2925 609 2987 sed
636 2926 792 3005 aliqnando
820 2934 851 2987 et
878 2928 1041 3007 posterius,
1068 2936 1103 2988 ut
1134 2937 1192 2990 est:
1215 2930 1317 2993 Mittet

305 3018 391 3091 filins
420 3017 549 3076 bominis
581 3018 704 3090 coaetos
728 3032 813 3089 snos,
843 3022 872 3075 et
898 3018 1039 3090 cottioent
1065 3018 1103 3079 dc
1132 3036 1228 3093 reono
1250 3022 1315 3080 eins
1333 3031 1368 3080 25

308 3107 410 3166 omnio
432 3106 582 3166 scandolo
610 3109 640 3164 et
665 3106 783 3163 mittent
812 3106 844 3163 in
867 3106 1019 3164 caminum
1042 3106 1121 3180 tonis
1143 3108 1317 3179 ardentem

310 3194 457 3254 illiceret
479 3194 570 3266 fietne
598 3197 629 3252 et
649 3191 765 3251 stridor
793 3193 944 3262 dentium
971 3198 1043 3253 tnnc
1066 3196 1139 3254 insti
1157 3192 1318 3269 sntoebnnt

307 3283 390 3341 sient
411 3283 458 3342 sol
479 3283 510 3341 in
533 3296 628 3354 reono
651 3280 756 3340 Patris
777 3283 838 3353 sni,
862 3287 892 3339 et
914 3278 998 3340 illud:
1029 3280 1082 3343 Sic
1104 3282 1191 3343 ibunt
1212 3285 1264 3342 isti
1284 3284 1316 3343 in

308 3371 491 3445 suppliciam
514 3375 680 3442 aeternnm,
703 3371 775 3428 insti
797 3375 898 3428 entem
920 3371 952 3428 in
975 3371 1067 3429 oitom
1090 3376 1263 3442 aeternnm
1286 3378 1316 3431 ct

310 3458 342 3515 in
371 3456 538 3536 prophetis,
566 3455 644 3534 quod
673 3472 904 3516 commemorare
927 3455 1046 3535 longum
1070 3465 1129 3537 est,
1156 3475 1236 3519 nunc
1258 3458 1316 3539 ille,
1334 3472 1368 3521 30

379 3577 424 3644 24)
441 3573 479 3628 10.
499 3579 524 3639 e,
539 3577 580 3625 29.
636 3575 679 3642 oe)
699 3572 749 3625 Mt.
770 3577 812 3639 13,
827 3576 860 3625 41
871 3589 931 3641 sqq.
988 3576 1032 3642 no)
1051 3573 1090 3627 lb.
1111 3578 1153 3640 oc,
1168 3580 1211 3629 aa.

380 3702 395 3749 ‘t
409 3694 501 3751 lesum
515 3696 634 3751 aneto.
644 3712 718 3751 neena
726 3695 983 3765 prioreaetHoffnn.
998 3696 1007 3765 {l
1023 3700 1055 3749 19
1070 3697 1193 3766 corporis
1205 3698 1319 3766 ΕΔπος

305 3782 455 3836 corporum
475 3768 611 3838 Gobopo
624 3768 633 3836 {l
647 3772 680 3820 26
701 3767 846 3821 ardentem
863 3782 930 3832 noem
941 3765 1107 3821 -ordentiso
1252 3780 1254 3784 ⁴
