3284 4459
598 512 639 553 nu
652 511 797 553 murrona
810 512 864 552 nm
877 512 903 552 u.
917 512 993 554 xx11.
1007 512 1031 555 o.
1045 514 1059 554 s
1265 500 1330 564 573

413 646 579 708 Victoriana
602 647 711 708 dicitur
733 645 813 726 villa,
836 644 872 705 ab
895 644 1030 726 Hippone
1053 649 1134 725 regio
1158 649 1256 707 minus
1279 650 1330 708 tri·

325 740 405 815 ginta
428 735 547 796 milibus
577 735 669 796 abest
713 734 854 794 Memoria
878 741 1039 813 martyrum
1062 734 1104 795 ibi
1127 745 1173 795 est
1195 735 1330 796 Mediola-

325 826 463 885 nensium
494 824 619 884 Protesii
648 829 678 884 et
705 822 845 883 Gervasii.
897 822 1035 883 Portatus
1068 830 1113 883 est
1145 842 1180 883 eo
1214 824 1332 901 quidam

325 913 513 992 adulescens,
543 913 594 991 qui
624 930 691 972 cum
719 910 766 971 die
795 910 892 971 medio
921 918 1057 990 ternpore
1079 914 1199 972 aestatis
1222 930 1332 990 equum

326 1001 459 1062 ablueret
476 1002 507 1061 in
525 1000 655 1061 fluminis
673 1001 799 1080 gurgite,
821 998 994 1059 daemonem
1016 1002 1152 1061 incurrit.
1197 999 1241 1059 lbi
1264 1015 1366 1063 cume

325 1092 436 1149 iaceret
454 1088 500 1149 vel
527 1090 616 1148 morti
641 1090 793 1167 proximus
816 1086 862 1147 vel
885 1086 1051 1148 simillimus
1075 1095 1202 1168 mortuo,
1224 1088 1260 1148 ad
1285 1106 1332 1148 re·

326 1179 474 1257 spertiuos
502 1176 573 1237 illuc
601 1176 726 1255 hymnos
755 1182 786 1236 et
813 1178 962 1236 orationes
990 1194 1058 1235 cum
1081 1176 1193 1236 ancillis
1217 1179 1333 1238 suiset

326 1264 502 1344 quibusdam
532 1262 803 1324 sanctimonialibus
830 1282 866 1323 ex
889 1281 971 1324 more
995 1263 1112 1323 domina
1135 1267 1332 1343 possessionis

326 1355 447 1414 intrarit
474 1360 562 1431 atque
589 1351 714 1432 hymnos
736 1359 855 1413 cantare
884 1359 1056 1430 coeperunt.
1101 1351 1165 1422 Qua
1189 1370 1260 1412 voce
1282 1352 1332 1413 ille

327 1442 411 1521 quasi
442 1458 603 1520 percussus
635 1457 778 1501 excussus
810 1448 856 1500 est
892 1449 922 1499 ct
959 1457 1026 1501 cum
1054 1439 1181 1500 terribili
1211 1441 1332 1501 fremitu
1353 1457 1385 1505 to

327 1530 417 1591 altare
445 1528 663 1607 adprehensum
691 1545 809 1588 morere
839 1546 898 1587 non
922 1527 1033 1588 audeus
1057 1530 1118 1588 sive
1142 1547 1201 1599 non
1224 1528 1333 1609 valens,

326 1628 475 1696 tamquam
503 1635 539 1678 eo
566 1617 657 1678 luerit
679 1616 814 1695 alligatus
837 1623 888 1676 ant
910 1616 1036 1697 adfixus,
1064 1615 1184 1677 tenebat
1211 1625 1332 1678 etcum

326 1706 430 1785 grandi
456 1705 568 1765 eiulatu
593 1705 676 1784 parci
703 1704 759 1765 sibi
787 1722 893 1784 rogans
924 1704 1133 1785 confitebatur,
1160 1704 1212 1766 ubi
1234 1704 1332 1765 adule-

327 1803 460 1855 scentem
483 1802 513 1853 et
535 1791 652 1872 quando
682 1802 713 1853 et
735 1811 795 1872 quo
818 1792 905 1853 modo
928 1795 1076 1853 invaserit.
1121 1792 1276 1853 Postremo
1300 1812 1332 1855 se

328 1884 476 1943 exiturum
495 1898 561 1941 esse
579 1880 756 1940 denuntians
775 1880 906 1941 membra
930 1883 994 1941 eius
1017 1881 1132 1959 singula
1155 1882 1333 1963 nominabat,
1354 1898 1386 1946 15

328 1989 402 2049 quae
426 1988 458 2029 se
482 1977 701 2047 amputaturum
725 1970 826 2028 exiens
850 1968 1024 2043 minabatur,
1047 1978 1135 2047 atque
1159 1972 1238 2030 inter
1260 1969 1333 2031 haec

328 2057 416 2118 verbo
439 2057 575 2118 discessit
597 2054 633 2115 ab
656 2056 784 2117 homine.
837 2055 895 2116 Sed
919 2056 1022 2117 oculus
1047 2060 1110 2117 eius
1134 2060 1164 2117 in
1188 2057 1333 2119 maxillam

327 2149 412 2207 lusus
441 2147 524 2206 tenui
553 2143 658 2204 venula
690 2143 726 2204 ab
759 2146 902 2205 interiore
933 2147 1016 2222 quasi
1051 2145 1148 2206 radice
1179 2146 1335 2228 pendebat,

219 2241 224 2252 “
327 2243 481 2312 totumque
506 2235 570 2293 eius
594 2231 732 2311 medium,
755 2232 834 2311 quod
858 2231 998 2312 nigellum
1022 2233 1127 2313 iuerat,
1150 2233 1333 2295 albicaverat.

328 2322 393 2393 Quo
412 2324 474 2382 viso
492 2323 544 2401 qui
562 2320 684 2381 aderant
702 2313 932 2402 (concurrerant
952 2329 1050 2382 autem
1073 2324 1161 2381 ctiam
1185 2321 1230 2381 alii
1257 2324 1333 2382 voci·
1351 2338 1387 2387 20

328 2410 385 2471 bus
408 2412 472 2470 eius
491 2411 578 2470 acciti
598 2416 629 2469 et
651 2427 684 2470 se
704 2426 810 2469 omnes
833 2411 863 2469 in
887 2411 1050 2478 orationem
1073 2427 1127 2488 pro
1150 2409 1200 2469 illo
1224 2418 1333 2472 strare·

328 2491 425 2581 rant),
451 2498 584 2577 quamvis
611 2515 679 2557 eum
707 2514 777 2557 sana
801 2506 899 2557 mente
923 2505 1001 2557 stare
1024 2497 1200 2578 gauderent,
1228 2515 1334 2559 rursus

328 2596 426 2647 tamen
449 2594 572 2665 propter
595 2588 659 2646 cius
687 2584 806 2646 oculum
830 2587 995 2646 contristati
1018 2585 1165 2646 medicum
1191 2604 1333 2665 quaeren-

328 2675 398 2735 dum
431 2692 496 2734 esse
528 2672 673 2733 dicebant.
717 2672 762 2733 lbi
789 2676 913 2733 maritus
942 2675 1055 2733 sororis
1078 2676 1158 2755 eius,
1191 2676 1242 2753 qui
1265 2693 1333 2736 eum

328 2763 377 2823 illo
405 2761 564 2823 detulerat:
593 2762 725 2842 „Potens
748 2771 807 2841 est,
834 2763 944 2841 inquit,
972 2761 1052 2822 Dens
1074 2771 1245 2823 sanctorum
1270 2781 1333 2825 ora·
1353 2775 1387 2824 25

327 2849 471 2930 tionibus,
498 2852 550 2928 qui
577 2850 687 2929 fugavit
713 2849 900 2930 daemonem,
928 2848 1029 2910 lumen
1052 2846 1206 2911 reddere.“
1250 2851 1336 2934 Tum,

329 2941 406 2999 sicut
433 2940 545 3017 potuit,
574 2937 693 2998 oculum
722 2937 837 3017 lapsum
866 2946 953 3015 atque
983 2938 1162 3017 pendentem
1191 2939 1257 3000 loco
1281 2959 1335 3001 suo

329 3035 499 3087 revocatum
525 3025 625 3105 ligavit
651 3028 749 3085 orario
777 3044 833 3085 nec
857 3027 914 3085 nisi
937 3036 1004 3106 post
1027 3036 1141 3106 septem
1164 3026 1228 3088 dies
1250 3036 1334 3106 puta·

327 3116 369 3175 vit
395 3131 462 3174 esse
489 3111 669 3173 solvendum.
715 3112 800 3183 Quod
831 3131 899 3174 cuin
922 3113 1056 3193 lecisset,
1080 3117 1266 3175 sanissimum
1290 3118 1334 3175 in·

328 3204 417 3263 venit.
463 3200 562 3261 Saoati
594 3209 664 3261 sunt
695 3200 755 3261 illic
782 3208 812 3261 et
842 3201 903 3283 alii,
934 3201 971 3262 de
1004 3202 1112 3281 quibus
1143 3202 1241 3262 dicere
1272 3203 1334 3263 lon·
1354 3216 1388 3265 30

328 3309 398 3369 gum
421 3298 476 3350 est.

417 3378 647 3457 Hipponiensem
675 3376 820 3455 quandam
848 3379 992 3455 virginem
1020 3378 1096 3457 scio,
1123 3394 1191 3438 cum
1214 3396 1246 3439 se
1270 3377 1335 3439 oleo

328 3468 530 3546 perunxisset,
558 3467 606 3526 cui
634 3484 688 3545 pro
715 3463 765 3525 illa
792 3482 881 3525 orans
904 3464 1059 3544 presbyter
1081 3464 1273 3527 instillaverat
1295 3466 1334 3528 la·

396 3627 410 3673 1
429 3621 488 3691 ipp.
507 3621 544 3689 R,
562 3623 676 3690 imosque
693 3621 819 3689 deitwepc
831 3622 871 3691 ΙΙὸ
888 3620 984 3675 malim
1003 3618 1122 3673 daemon
1140 3635 1216 3687 eum;
1235 3622 1335 3689 cfi145

324 3696 387 3760 357,
399 3696 455 3759 265
473 3696 537 3759 606,
550 3697 588 3747 20
601 3693 611 3761 ΙΙ
625 3696 658 3745 10
671 3707 819 3761 percussus
834 3692 877 3745 esi
890 3690 943 3758 R¹3
957 3707 992 3744 m.
1006 3694 1033 3746 2.
1046 3690 1110 3744 add.
1125 3706 1256 3745 excussus
1271 3693 1313 3745 eei
1326 3694 1335 3762 ΙΙ

325 3768 358 3817 tc
380 3762 468 3818 heiul.
485 3763 609 3834 aucep
628 3764 639 3832 l
659 3768 692 3816 19
711 3761 890 3831 albigeuerob
908 3762 947 3827 A;
971 3760 1119 3830 albigaboi
1137 3760 1165 3815 R
1186 3762 1195 3830 ΙΙ
1217 3767 1251 3815 20
1270 3778 1334 3817 con-

323 3833 474 3888 currebant
491 3832 589 3887 RAa’
605 3834 615 3902 fl
633 3838 667 3886 26
684 3834 753 3886 tunc
771 3849 805 3886 eo
823 3834 832 3901 ΙΙ
851 3837 884 3885 00
902 3830 1145 3901 Hipponeneemo

1468 3688 1470 3723 t

1469 3732 1470 3785 l

1468 3796 1470 3849 l
