3284 4459
570 561 610 601 uu
624 540 767 603 emesan
781 561 835 602 nun
849 562 951 602 um
965 562 1022 603 ue.
1231 549 1296 612 353

290 694 337 756 his
368 694 464 755 tribus
496 697 535 756 sit
566 697 627 756 sive
659 694 767 756 alieubi
800 695 882 775 aiibi,
914 697 993 773 quod
1025 704 1093 775 post
1124 696 1298 759 videbimus.

290 783 414 844 Interim
432 783 468 844 de
487 784 533 843 his
552 783 648 844 tribus
667 802 725 863 quo
749 785 836 844 modo
859 802 949 844 unam
972 783 1063 844 Varro
1087 785 1183 866 eligat,
1206 804 1297 864 quan·

291 881 354 932 turn
391 871 522 932 breviter
557 883 717 952 aperteque
753 891 931 953 possumus,
972 871 1161 934 disseramus.
1221 873 1296 934 Istae

291 977 398 1040 nempe
421 967 483 1021 tres
506 968 604 1021 sectae
626 963 667 1021 ita
689 961 779 1041 fiunt,
807 978 876 1022 eum
898 961 944 1020 vei
967 963 1062 1039 prima
1084 970 1207 1023 naturae
1229 981 1297 1042 pre-

290 1057 358 1128 pter
380 1051 528 1130 virtutem,
551 1048 596 1109 vei
614 1051 708 1109 virtus
731 1057 854 1128 propter
876 1051 971 1128 prima
994 1057 1126 1130 naturae,
1150 1051 1195 1110 vel
1219 1060 1333 1111 utra-5

291 1154 364 1217 que,
390 1137 420 1197 id
448 1145 494 1197 est
521 1146 550 1199 et
577 1139 671 1197 virtus
700 1145 731 1199 et
752 1140 848 1216 prima
871 1146 1008 1217 naturae,
1034 1147 1158 1217 propter
1179 1156 1212 1199 se
1235 1142 1299 1217 ipsa

291 1233 362 1285 suut
384 1225 556 1304 expetenda.

693 1396 812 1464 Garun
835 1397 894 1463 ΠΙ.

313 1527 360 1589 De
382 1528 480 1588 tribus
502 1529 592 1587 sectis
613 1541 759 1586 sumnum
781 1528 916 1586 hominis
932 1526 1043 1588 ionum
1064 1529 1281 1603 quaerentibus

375 1631 465 1691 qnam
488 1617 657 1689 elipendam
686 1614 785 1675 Varro
808 1617 935 1688 definiat
955 1633 1082 1690 sequens
1104 1619 1213 1677 veteris
1319 1629 1352 1677 ιο

436 1704 620 1764 Academiae
642 1703 790 1764 Antiocho
813 1710 941 1763 anctore
961 1707 1147 1764 sententiam.

381 1825 458 1896 Quid
477 1844 548 1904 ergo
567 1828 693 1887 istorum
711 1828 803 1886 trium
826 1828 865 1886 sit
883 1843 985 1886 verum
1004 1837 1093 1905 atque
1116 1829 1300 1910 sectandum,

291 1920 349 1975 isto
378 1914 464 1974 mado
491 1915 672 1993 persuadere
700 1921 833 1973 conatur.
878 1913 1025 1995 Primum,
1053 1917 1120 1993 quia
1150 1934 1300 1978 summum

291 2003 456 2063 bonumir
479 1999 662 2082 philosophia
685 2020 745 2062 non
768 2000 896 2082 arboris,
917 2020 977 2062 uon
999 2006 1131 2083 peeoris,
1154 2022 1214 2064 non
1237 2005 1299 2086 Dei,

254 2141 255 2146 ,
291 2091 343 2152 sed
372 2090 499 2150 hominis
526 2093 693 2170 quaeritur,
721 2088 791 2168 quid
815 2091 855 2149 sit
877 2092 940 2168 ipse
963 2089 1065 2171 homo,
1093 2093 1296 2170 quaerendum
1319 2105 1352 2152 15

291 2187 383 2258 putat
430 2179 526 2239 Sentit
553 2181 662 2258 quippe
689 2180 720 2237 iu
748 2179 812 2237 eius
841 2185 946 2237 natura
973 2177 1032 2239 duo
1056 2197 1122 2239 esse
1145 2182 1298 2262 quaedam,

292 2283 402 2346 corpus
425 2275 455 2327 et
473 2268 607 2347 animam,
631 2274 660 2326 et
678 2265 785 2326 herum
809 2265 930 2344 quidem
951 2266 1079 2327 duorum
1104 2267 1209 2327 melius
1232 2286 1298 2328 esse

291 2358 417 2416 animam
445 2355 590 2433 longeque
617 2353 824 2433 praestabilius
851 2356 971 2414 omnino
998 2372 1059 2416 non
1087 2354 1217 2436 dubitat,
1246 2357 1298 2417 sed

292 2453 393 2504 utrum
412 2445 507 2503 anima
527 2443 587 2503 sola
606 2445 646 2503 sit
665 2443 763 2524 homo,
786 2449 820 2502 ut
842 2445 882 2502 ita
905 2444 944 2503 sit
966 2445 995 2503 ei
1017 2461 1127 2522 eorpus
1150 2453 1298 2522 tamquam

292 2550 388 2612 equus
411 2533 503 2610 equiti
526 2524 632 2613 (eques
656 2533 734 2592 euim
757 2548 817 2590 non
841 2529 928 2590 home
952 2539 982 2592 et
1003 2549 1113 2612 equus,
1144 2531 1195 2592 sed
1219 2532 1353 2593 solusne

291 2621 380 2682 homo
409 2628 467 2700 est3
495 2619 562 2680 ideo
589 2628 687 2680 tamen
716 2637 808 2698 eques
836 2619 958 2699 dieitur,
988 2620 1067 2699 quod
1091 2619 1298 2698 aliquomodo

293 2728 325 2770 se
348 2706 443 2769 ‘habet
469 2705 506 2767 ad
529 2699 666 2791 equum),
703 2724 740 2767 an
763 2725 873 2787 eorpus
896 2706 991 2768 solum
1014 2710 1054 2769 sit
1075 2708 1178 2788 home,
1200 2707 1298 2787 aliquo

293 2797 380 2857 modo
404 2815 435 2856 se
459 2795 570 2856 habens
597 2795 632 2856 ad
661 2797 799 2874 animam,
828 2797 905 2856 sieut
927 2795 1067 2875 poculum
1089 2796 1125 2856 ad
1148 2799 1299 2875 potionem

293 2881 369 2967 (uon
392 2887 471 2946 enim
490 2883 564 2945 calix
582 2892 613 2944 et
631 2885 720 2964 potio,
743 2901 831 2962 quarn
855 2887 987 2944 eontinet
1009 2884 1093 2964 calix,
1116 2884 1203 2944 simui
1226 2885 1298 2946 diei·

293 2984 344 3034 tur
371 2972 524 3056 poculum,
551 2971 603 3032 sed
633 2972 707 3032 calix
735 2971 828 3048 solus3
856 2971 922 3031 ideo
952 2980 1049 3032 tamen
1078 2972 1156 3052 quod
1185 2976 1299 3052 potioni
1317 2985 1352 3033 25

293 3060 488 3122 continendae
516 3062 555 3120 sit
578 3051 848 3142 adcommodatus),
875 3078 912 3119 an
940 3079 1009 3120 vere
1038 3077 1095 3120 nec
1118 3063 1214 3121 anima
1237 3061 1299 3122 sola

293 3168 350 3211 nee
377 3149 473 3210 seium
501 3167 623 3230 cerpus,
653 3148 705 3208 sed
729 3147 816 3208 simul
839 3155 999 3226 utrumque
1022 3149 1061 3208 sit
1083 3146 1184 3230 homo,
1213 3153 1298 3210 euius

294 3239 332 3298 sit
355 3255 424 3316 pars
450 3255 509 3298 una
532 3240 592 3297 sive
616 3238 711 3298 anima
735 3235 796 3296 sive
819 3252 940 3316 eorpus,
964 3235 1011 3295 ilie
1035 3244 1134 3296 autem
1157 3244 1237 3297 totus
1261 3255 1298 3298 ex

293 3336 421 3405 utroque
449 3334 577 3408 constet,
605 3333 638 3386 ut
666 3324 752 3384 homo
781 3326 820 3384 sit
848 3317 941 3405 (sieut
967 3324 1042 3384 duos
1065 3341 1158 3402 eques
1181 3326 1298 3384 iunctos

293 3413 377 3492 bigas
399 3431 550 3494 vocamus,
572 3430 700 3492 quorum
723 3414 784 3472 sive
808 3412 912 3471 dexter
933 3413 994 3471 sive
1018 3413 1139 3472 sinister
1161 3430 1230 3490 pars
1253 3421 1298 3473 est
1315 3425 1353 3472 -30

294 3500 443 3582 bigarum,
472 3519 565 3562 unum
588 3503 669 3561 rere
682 3515 798 3579 eorum,
827 3517 946 3578 quoquo
970 3499 1056 3560 modu
1079 3517 1112 3560 se
1135 3498 1241 3560 habeat
1263 3501 1300 3561 ad

294 3589 436 3671 alterum,
468 3587 549 3667 bigas
576 3606 636 3649 non
664 3586 803 3668 dicimus,
835 3586 887 3646 sed
915 3586 1001 3668 ambe
1029 3580 1141 3669 umal).
1186 3587 1299 3648 Horum

364 3765 379 3813 1
407 3756 477 3811 alibi
504 3773 554 3812 om.
578 3756 606 3809 R
628 3757 637 3824 ΙΙ
660 3760 693 3808 22
719 3754 806 3808 habet
830 3753 912 3823 Rep3
939 3752 1045 3806 hebens
1069 3753 1109 3819 A3
1136 3751 1243 3807 hebeat
1264 3763 1304 3809 'te

288 3829 337 3902 (ef.
351 3831 401 3883 26:
421 3827 467 3898 sii)
487 3827 497 3896 11
518 3831 551 3881 82
571 3825 653 3879 ambo
673 3824 769 3894 Repe
789 3824 886 3878 ambos
903 3822 1108 3892 sanaeque

347 3936 404 3966 Aue.
418 3936 450 3966 na
465 3934 510 3965 σιν.
525 3935 572 3966 rm.
595 3925 626 3964 Π.
1056 3916 1089 3964 23
