3284 4459
327 515 392 580 402
733 527 755 572 e
769 528 935 570 anensem

327 664 439 726 Beatus
463 666 604 740 popalus,
633 665 720 724 euius
747 670 791 724 ert
813 663 959 724 Dominus
983 663 1066 724 Deus
1096 665 1199 739 ipsius.
1245 661 1339 722 llieer

327 754 418 830 igitur
440 750 567 830 populus
587 748 623 810 ab
642 752 699 811 isto
724 751 867 812 alienatus
885 749 956 811 llao.
1001 749 1102 828 Diligit
1122 758 1222 811 umen
1246 752 1338 812 etiam

327 841 390 919 ipse
415 839 559 917 quandam
586 857 689 919 paoem
712 857 796 899 suam
819 857 880 899 non
901 837 1129 919 inprobandam,
1158 857 1247 917 quam
1269 841 1337 917 qui·

328 926 395 988 dem
417 945 477 987 non
505 926 624 987 babebit
650 929 680 988 in
708 927 780 1007 fine,
807 929 875 1006 quia
905 944 964 988 non
992 945 1026 987 ea
1048 925 1126 987 beno
1148 929 1244 987 utitur
1266 935 1339 986 ante

294 1016 427 1079 olinem.
472 1014 554 1076 Hanc
577 1023 675 1076 autem
698 1025 731 1076 ut
753 1017 873 1076 interim
897 1014 1002 1075 habeat
1023 1016 1054 1075 in
1078 1013 1132 1075 hao
1155 1017 1223 1095 rita,
1247 1017 1338 1076 etiam

330 1105 424 1163 nostri
446 1105 583 1184 interest,
611 1105 763 1184 quoniam,
791 1102 931 1181 quamdiu
954 1104 1116 1182 permixtae
1140 1113 1210 1163 sunt
1233 1102 1337 1163 ambae

329 1194 476 1274 civitates,
506 1193 618 1254 utimur
646 1200 676 1252 et
703 1210 757 1254 nos
784 1210 857 1272 pace
880 1189 1050 1272 Rabylonis3
1078 1208 1114 1252 ex
1138 1209 1197 1269 qua
1218 1193 1259 1252 ita
1283 1209 1340 1271 per

328 1278 416 1340 lidem
439 1279 566 1359 populus
589 1279 642 1341 llei
669 1278 826 1360 liberatur,
853 1289 886 1341 ut
909 1279 985 1358 apud
1009 1278 1084 1339 banc
1106 1281 1227 1340 interim
1250 1297 1339 1359 pere-

329 1370 471 1448 grinetur.
516 1367 642 1448 Propter
669 1368 746 1446 quod
772 1377 801 1429 et
824 1367 975 1447 apostolus
997 1366 1150 1428 admonuit
1172 1366 1340 1449 ecelesiam,

278 1474 311 1522 ιο
329 1463 363 1518 ut
391 1464 490 1517 oraret
518 1473 572 1535 pro
600 1455 720 1534 regibus
748 1459 812 1517 eius
840 1465 927 1534 atque
955 1454 1143 1536 sublimibus,
1172 1455 1283 1516 addens
1307 1465 1340 1516 et

330 1544 445 1605 dleens:
482 1545 519 1606 Ut
549 1548 680 1619 quietam
707 1551 737 1606 et
763 1548 960 1620 tranquillum
988 1548 1081 1605 uitam
1110 1561 1237 1620 ruamus
1267 1561 1340 1605 eum

329 1635 412 1694 omni
428 1635 544 1709 pietate
566 1640 596 1693 et
618 1635 757 1706 caritate,
781 1641 812 1693 et
834 1633 979 1712 propbeta
996 1631 1170 1714 Hieremias,
1193 1649 1262 1692 cum
1285 1651 1338 1712 po-

330 1720 400 1800 pulo
419 1719 472 1780 Dei
491 1722 583 1781 veteri
601 1724 824 1800 praenuntiaret
846 1722 1043 1799 captivitatem
1066 1730 1097 1781 et
1119 1720 1260 1781 divinitus
1284 1722 1339 1780 im-

330 1817 458 1889 peraret,
480 1818 514 1868 ut
532 1807 724 1869 oboedienter
741 1811 821 1869 irent
839 1811 869 1869 in
888 1808 1075 1888 babyloniam
1093 1807 1154 1868 lleo
1173 1827 1228 1870 suo
1249 1811 1340 1869 etiam

279 1913 312 1961 ιι
331 1898 388 1956 ista
410 1898 550 1974 patientia
578 1899 755 1978 servientes,
783 1898 897 1957 monuit
927 1898 1043 1975 etipse
1067 1904 1100 1956 ut
1121 1908 1261 1957 oraretur
1282 1915 1340 1976 pro

333 1983 381 2044 illa
411 1983 525 2045 dicens:
559 1986 638 2058 Quia
665 1987 697 2046 in
724 1989 788 2046 eius
816 1993 862 2046 est
884 2002 964 2062 paee
991 2001 1059 2062 pur
1087 1991 1202 2059 uestra,
1234 1988 1340 2063 utique

331 2073 451 2134 interim
474 2073 653 2154 temporalis,
676 2091 751 2152 quae
774 2073 861 2135 bonis
885 2072 1027 2151 malisque
1051 2075 1216 2133 eommunis
1239 2082 1294 2134 est.

701 2296 818 2364 Orrur
841 2296 975 2364 XXVII.

332 2430 379 2489 De
397 2445 478 2505 poce
499 2429 694 2488 servientium
712 2425 784 2499 Deo,
807 2427 895 2486 euius
914 2425 1055 2502 perfectu
1078 2430 1284 2502 tranquillitas
1307 2431 1342 2488 r‘n

280 2533 314 2580 ιο
465 2517 525 2576 boc
548 2516 707 2590 temporale·
727 2514 790 2573 uita
812 2529 873 2573 non
892 2521 991 2590 potest
1013 2517 1210 2592 adprehendi.

421 2637 480 2698 Pax
508 2646 608 2698 autem
635 2644 734 2697 nostra
761 2637 881 2716 propria
908 2644 939 2699 et
965 2637 1014 2698 bio
1042 2645 1089 2700 est
1110 2656 1178 2700 eum
1201 2637 1262 2700 Deo
1285 2657 1343 2718 per

333 2725 421 2786 fidem
451 2734 480 2786 et
509 2727 540 2786 in
569 2733 724 2786 aeternum
754 2726 811 2784 erit
840 2742 908 2786 rum
936 2725 987 2786 illo
1015 2744 1069 2805 per
1096 2729 1233 2806 speciem.
1280 2726 1341 2788 Sed

334 2813 382 2873 bie
405 2815 466 2872 sive
493 2811 542 2872 illa
570 2813 735 2873 eommunis
765 2814 827 2874 sive
849 2821 951 2875 nostra
973 2816 1093 2893 propria
1117 2815 1182 2875 talis
1205 2823 1252 2876 est
1273 2833 1345 2896 pax,

335 2911 368 2962 ot
387 2900 527 2962 solarium
547 2902 682 2960 miseriae
702 2903 740 2961 sit
757 2902 857 2980 potius
876 2919 964 2980 quam
982 2900 1173 2965 beatitudinis
1190 2901 1340 2982 gaudium.

282 3006 315 3053 ιι
334 2989 400 3069 lpsa
423 3007 541 3067 quoque
565 2996 665 3048 nostra
688 2990 815 3068 iustitia,
839 2991 971 3067 quamvis
993 3007 1063 3050 vera
1086 2992 1124 3052 sit
1146 3001 1269 3070 propter
1291 3010 1342 3052 re·

335 3095 401 3138 rum
431 3076 501 3137 boni
530 3077 635 3156 finem,
665 3074 700 3136 ad
728 3095 816 3155 quern
844 3078 987 3159 relertur,
1014 3086 1112 3139 tamen
1135 3087 1216 3139 tanta
1239 3087 1286 3141 est
1308 3083 1342 3140 in

334 3166 389 3226 bae
415 3167 487 3246 vita,
514 3173 549 3227 ut
575 3167 674 3245 potius
705 3167 879 3226 remissione
901 3174 1091 3244 peecatorum
1113 3174 1230 3228 constet
1252 3186 1343 3246 quam

334 3255 517 3333 perfectione
546 3255 698 3313 virtutum.
752 3251 850 3313 'lestis
882 3263 929 3314 est
963 3256 1057 3315 oratio
1090 3257 1182 3316 totius
1214 3258 1341 3318 civitatis

335 3408 433 3533 2σι)
451 3405 576 3531 genes,
598 3410 638 3461 ιι.
677 3407 722 3474 ιι)
737 3403 846 3462 amm.
861 3410 887 3472 ι,
906 3411 932 3460 ι.
969 3407 1013 3474 ιιι)
1032 3405 1153 3462 Hierone
1173 3413 1216 3475 ιι,
1235 3414 1260 3462 ι.
1297 3413 1345 3477 ιι)

353 3516 360 3530 .
402 3493 440 3532 or.
479 3520 486 3545 ,
524 3519 529 3530 .

406 3664 420 3712 1
435 3659 478 3710 est
491 3674 542 3712 om.
557 3657 585 3712 A
597 3672 647 3711 aee.
664 3655 759 3711 Graec,
774 3657 783 3725 ll
797 3655 858 3709 eine
872 3655 921 3710 Ab
935 3656 945 3725 l
958 3660 974 3708 ι
988 3654 1050 3723 ipso
1062 3655 1091 3709 R
1103 3655 1113 3724 l
1127 3659 1142 3708 ⁶
1157 3655 1245 3708 etiem
1257 3653 1350 3710 nostri

333 3727 620 3868 mugggabgssiia?
631 3727 672 3794 ol
686 3731 719 3779 13
737 3727 884 3795 praeerunt.
898 3742 965 3794 ιιιιις
984 3727 1131 3780 venturam
1145 3727 1293 3794 pneuma.
1307 3728 1353 3796 ol
