3284 4459
579 494 620 534 nn
634 493 775 535 c1vrrarn
788 494 881 536 narn
895 493 946 535 xx
960 494 984 536 o.
997 496 1018 534 1.
1031 497 1052 536 2
1245 479 1310 543 407

306 629 371 706 ipse
398 625 550 707 tribuerit,
578 627 746 706 disputabo,
775 628 892 707 quando
916 628 1052 689 Christus
1079 627 1116 688 de
1139 627 1220 688 caelo
1244 645 1311 688 ven·

307 723 394 774 turus
417 724 463 775 est
485 717 566 775 vivos
584 716 768 778 iudicaturus
792 724 822 778 et
846 726 988 778 mortuos.
1032 715 1092 777 lste
1115 719 1224 795 quippe
1248 715 1311 777 dies

306 802 409 863 iudicii
435 806 554 883 proprie
583 807 640 864 iam
667 812 804 885 vocatur,
833 824 868 866 eo
895 805 975 884 quod
1002 805 1101 866 nullus
1124 803 1166 864 ibi
1188 806 1245 865 erit
1266 806 1311 865 in·

307 893 420 970 peritae
444 891 592 970 querellae
620 892 718 975 locus,
746 911 801 955 our
823 896 951 955 iniustus
975 893 1023 955 ille
1047 896 1086 954 sit
1109 892 1177 953 felix
1205 901 1236 952 et
1258 909 1313 952 cnr

306 977 356 1039 llle
384 981 480 1040 iustus
507 979 617 1041 infelix.
663 980 802 1042 Omnium
831 999 956 1061 namque
983 989 1055 1050 tunc
1078 983 1197 1041 nonnisi
1220 979 1347 1042 bono-tt

307 1083 375 1127 rum
398 1082 465 1127 vera
493 1077 523 1128 et
550 1068 635 1146 plena
664 1069 787 1130 felicitas
816 1079 846 1130 et
872 1071 1005 1131 omnium
1027 1071 1147 1130 nonnisi
1168 1068 1315 1130 malornm

306 1153 394 1234 digna
417 1165 448 1217 et
469 1173 582 1217 summa
604 1156 760 1218 infelicitas
783 1158 943 1237 apparebit

721 1434 839 1502 Garun
861 1434 905 1502 11.

308 1581 355 1640 De
377 1584 525 1642 amatote
547 1598 651 1642 reram
668 1583 880 1656 bumanorum,
904 1586 957 1642 eui
976 1600 1037 1644 noo
1056 1590 1156 1660 potest
1176 1585 1242 1645 dici
1262 1585 1313 1646 de

405 1687 469 1730 esse
491 1671 637 1730 iudicium
661 1669 726 1744 Det,
748 1674 886 1745 wamma
906 1678 1038 1746 nequeat
1058 1675 1212 1748 caligare
1334 1681 1367 1731 to

396 1809 482 1871 Nunc
509 1818 608 1871 autem
637 1819 667 1871 et
699 1811 773 1871 mala
801 1828 896 1891 aequo
925 1813 1023 1873 animo
1053 1813 1132 1874 ferre
1164 1813 1314 1894 discimus,

307 1916 383 1978 quae
407 1901 559 1978 patiuntur
586 1908 617 1960 et
642 1898 721 1978 boni,
744 1909 775 1960 et
796 1898 873 1961 bona
896 1918 955 1960 non
979 1901 1216 1982 magnipendere,
1238 1921 1313 1982 quae

308 1986 513 2066 adipiscuntur
535 1994 565 2047 et
588 1987 668 2067 mali3
699 2005 733 2048 ae
759 2005 815 2068 per
838 1989 893 2048 boc
917 1990 1005 2048 etiam
1027 1991 1058 2048 in
1082 1989 1128 2049 bis
1150 1989 1255 2072 rebus,
1282 1993 1314 2052 in

308 2075 416 2155 quibus
448 2093 508 2135 non
540 2086 661 2154 apparet
690 2075 787 2136 divina
817 2078 945 2157 institia,
975 2076 1111 2137 salutaris
1141 2087 1187 2138 est
1217 2078 1314 2139 divina

309 2163 451 2225 doctrina.
497 2162 652 2224 Nescimus
680 2165 757 2224 enim
786 2182 845 2244 quo
876 2163 984 2224 iudicio
1008 2163 1060 2224 Dei
1083 2164 1180 2226 bonus
1202 2165 1251 2226 ibe
1275 2169 1366 2228 sitta

308 2271 430 2335 pauper,
452 2250 545 2312 malus
568 2251 616 2312 ille
640 2253 678 2312 sit
700 2252 795 2331 dives3
818 2255 875 2316 iste
898 2250 1038 2331 gaudeat,
1061 2271 1150 2332 quem
1172 2272 1227 2333 pro
1250 2257 1313 2315 suis

307 2340 432 2422 perditis
455 2339 587 2401 moribus
610 2343 737 2401 cruciari
759 2340 897 2401 debuisse
920 2340 1104 2401 maeroribus
1127 2340 1313 2423 arbitramur,

309 2431 502 2490 contristetur
532 2427 594 2508 ille,
624 2446 712 2506 quem
744 2431 802 2489 vita
832 2427 985 2489 laudabilis
1015 2428 1144 2508 gaudere
1174 2428 1312 2490 debuisse

308 2516 481 2598 persuadet3
513 2525 597 2577 exeat
628 2515 664 2577 de
696 2517 805 2577 iudicio
837 2534 898 2578 non
928 2516 1023 2576 solum
1052 2516 1178 2599 inultus,
1210 2536 1313 2578 verum

309 2608 397 2666 etiam
425 2605 578 2666 damnatus
605 2605 761 2686 innocens,
791 2614 843 2666 aut
868 2605 1022 2684 iniquitate
1053 2604 1159 2666 iudicis
1190 2623 1313 2685 pressus
1331 2618 1365 2666 20

309 2703 361 2755 aut
387 2692 467 2754 falsis
496 2692 621 2754 obrutus
649 2695 843 2774 testimoniis,
871 2712 887 2753 e
914 2695 1063 2755 contrario
1091 2693 1235 2754 scelestus
1264 2695 1312 2756 ad·

309 2783 458 2843 varnarius
485 2784 550 2842 eius
577 2800 636 2842 non
664 2780 759 2841 solnm
786 2782 953 2861 inpunitus,
983 2799 1087 2843 verum
1109 2785 1198 2843 etiam
1220 2781 1312 2844 mndi-

308 2879 393 2931 oatus
415 2869 549 2951 insultet3
578 2872 686 2949 impius
712 2871 822 2948 optime
845 2867 952 2951 valeat,
978 2871 1046 2949 pius
1068 2870 1208 2950 languore
1232 2870 1311 2932 tabe-

309 2968 385 3039 scat3
416 2957 630 3019 latrocinentur
657 2959 804 3018 sanissimi
831 2959 970 3038 iuvenes,
1002 2967 1034 3019 et
1060 2961 1110 3037 qui
1137 2977 1194 3021 nec
1222 2958 1312 3020 verbo

308 3064 486 3126 quemqnam
504 3045 620 3106 laedere
639 3054 809 3126 potuerunt,
833 3045 946 3106 diversa
965 3045 1137 3107 morborum
1159 3049 1312 3109 atrocitate
1331 3061 1365 3108 aa

307 3133 476 3212 affligantur
498 3134 638 3213 infantes;
665 3133 747 3195 utilis
777 3132 868 3194 rebus
890 3134 1027 3195 humanis
1048 3137 1195 3196 inmatura
1217 3145 1312 3197 morte

308 3225 449 3304 rapiatur,
471 3229 502 3284 et
520 3225 570 3302 qui
589 3223 705 3283 videtur
728 3240 783 3282 nec
806 3225 888 3282 nasci
910 3221 1058 3304 debuisse,
1081 3222 1245 3283 diutissime
1269 3224 1312 3284 in·

307 3328 399 3391 super
426 3313 515 3392 rivat3
542 3311 647 3390 plenus
678 3309 851 3370 criminibus
875 3308 1050 3371 sublimetur
1073 3309 1251 3390 bonoribus,
1283 3318 1313 3373 et

308 3397 457 3460 bominem
487 3401 550 3460 aine
578 3396 709 3477 querella
736 3397 876 3458 tenebrae
903 3396 1094 3477 ignobilitatis
1124 3397 1312 3479 abscondant,

307 3495 339 3548 et
362 3494 460 3548 cetera
482 3487 571 3548 buius
594 3486 687 3568 modi,
714 3503 789 3564 quae
813 3488 880 3565 quis
903 3485 1021 3566 colligit,
1045 3488 1111 3564 quis
1134 3483 1312 3548 enumerat?
1330 3501 1365 3550 80

308 3573 390 3646 Quae
418 3577 444 3637 si
470 3575 614 3636 baberent
640 3577 671 3635 in
700 3576 763 3653 ipsa
790 3574 871 3635 velut
898 3573 1078 3635 absurditate
1109 3577 1312 3657 constantiam,

308 3664 395 3724 utin
417 3663 472 3723 bac
494 3666 562 3744 vita,
584 3666 615 3724 in
639 3681 696 3741 qua
718 3663 818 3736 bomo,
843 3665 920 3723 sicut
943 3679 1026 3723 sacer
1047 3662 1177 3743 psalmus
1201 3663 1311 3741 eloqui·

308 3759 366 3831 tur,
388 3755 518 3812 vanitati
538 3753 643 3812 similas
663 3750 768 3827 foetus
790 3757 836 3811 est
866 3756 896 3812 et
922 3753 986 3811 dies
1013 3754 1080 3812 eius
1102 3754 1183 3812 velut
1203 3753 1312 3813 umbra

303 3849 517 3859 ——-—-

373 3879 568 3949 mfflfflR
