3284 4459
333 506 398 570 368
738 517 940 560 semmam

333 663 364 716 et
390 657 420 716 in
448 661 579 714 nostram
607 655 741 714 notitiam
763 652 970 731 perferuntur,
999 650 1107 730 quihus
1130 670 1184 714 cor
1205 661 1345 715 nostrum

333 743 434 821 llagris
452 750 566 822 uratur,
590 743 656 820 quis
674 749 781 822 potest,
804 742 863 801 nisi
882 743 936 818 qui
951 739 1019 801 talia
1042 743 1142 822 sentit,
1165 739 1345 803 advertere?

333 831 466 892 Mortuos
496 833 604 910 quippe
635 829 736 889 audire
768 827 936 909 mallemus,
968 831 1101 907 quamvis
1132 837 1162 890 et
1191 829 1248 890 hoc
1278 833 1344 890 sine

334 918 434 980 dolore
453 936 513 979 non
531 920 679 997 possimus
697 916 808 978 audire.
855 914 988 985 Quorum
1012 919 1091 977 enirn
1114 936 1170 979 nos
1192 920 1252 979 vita
1274 936 1345 997 pro-

299 1017 401 1088 opter
432 1008 576 1068 amicitiae
607 1005 714 1067 solacia
747 1003 926 1079 delectabat,
959 1004 1037 1065 unde
1067 1005 1133 1066 fleri
1163 1015 1277 1087 potest,
1310 1017 1346 1067 ut

334 1113 438 1157 eorum
460 1113 541 1155 mors
564 1094 673 1154 nullam
696 1092 781 1154 nohis
803 1095 920 1173 ingerat
942 1091 1203 1155 maestitudinem‘?
1248 1092 1346 1165 Quam

334 1186 385 1262 qui
407 1182 559 1263 prohibet,
581 1181 745 1262 prohibeat,
768 1183 794 1242 si
815 1189 924 1263 potest,
947 1183 1039 1242 amica
1063 1181 1228 1263 conloquia,
1251 1185 1343 1243 inter·

333 1272 412 1333 dicat
425 1271 577 1332 amicalem
590 1270 636 1332 vel
653 1269 811 1330 intercidat
829 1269 976 1350 affectum,
994 1269 1190 1331 humanarum
1209 1273 1345 1332 omnium

334 1359 587 1422 necessitudinum
619 1357 734 1419 vincula
764 1359 872 1418 mentis
899 1359 995 1418 inmiti
1028 1368 1150 1438 stupore
1178 1359 1345 1438 disrumpat

284 1459 315 1509 10
335 1457 386 1509 aut
418 1450 462 1509 sic
493 1449 537 1508 eis
569 1446 712 1507 utendum
740 1454 873 1527 censeat,
905 1454 940 1506 nt
967 1444 1047 1506 nulla
1074 1464 1110 1507 ex
1139 1448 1181 1507 eis
1211 1450 1345 1508 animum

334 1535 459 1596 dulcedo
477 1534 643 1614 perfundat.
686 1532 816 1605 Quodsi
835 1532 998 1594 fierinullo
1018 1535 1105 1594 modo
1124 1544 1231 1616 potest,
1254 1539 1344 1596 etiam

334 1624 390 1684 hoc
421 1640 480 1701 quo
509 1630 595 1701 pacto
624 1623 757 1682 laturum
785 1629 844 1702 est,
875 1630 908 1682 ut
937 1624 1001 1682 eius
1027 1622 1113 1683 nobis
1141 1641 1239 1684 amara
1262 1642 1344 1684 mors

334 1713 469 1785 nonsit,
500 1712 585 1771 cuius
609 1710 703 1771 dulcis
727 1718 772 1770 est
795 1705 875 1770 rita?
920 1709 995 1770 Hinc
1018 1712 1098 1771 euim
1122 1719 1168 1772 est
1192 1720 1222 1772 et
1243 1711 1344 1774 luctus
1456 1714 1457 1793 j

335 1799 481 1878 quoddam
512 1816 572 1858 non
602 1797 754 1859 inhumani
784 1797 884 1858 cordis
913 1800 999 1877 quasi
1028 1798 1135 1860 vulnus
1166 1808 1216 1860 aut
1246 1800 1341 1880 nicae,

283 1899 315 1949 lt
334 1889 383 1948 cui
401 1885 530 1947 sanando
549 1886 726 1947 adhibentur
745 1886 894 1946 olilciosae
918 1886 1141 1948 consolationes.
1173 1887 1239 1949 Nou
1262 1892 1343 1950 enim

334 1983 491 2056 propterea
514 1982 638 2035 nonest
662 1974 740 2052 quod
763 1983 893 2055 sanetur,
917 1977 1055 2052 quoniam
1079 1984 1188 2054 quanto
1212 1985 1259 2038 est
1280 1980 1343 2037 ani·

335 2081 401 2124 mus
424 2062 542 2144 melior,
565 2071 646 2124 tauto
669 2065 700 2123 in
723 2080 758 2124 eo
782 2065 872 2123 citius
895 2062 1069 2142 faciliusque
1093 2072 1222 2124 sanatur.
1268 2063 1345 2126 (lum

334 2154 424 2232 igitur
453 2153 540 2212 etiam
568 2149 605 2212 de
633 2153 854 2212 carissimorum
877 2150 1036 2233 mortibus,
1065 2155 1190 2212 maxime
1214 2171 1344 2232 quorum

334 2248 404 2301 suut
436 2239 580 2300 humanae
613 2241 746 2300 societati
779 2239 876 2299 officia
907 2241 1088 2321 necessaria,
1119 2258 1199 2301 nuuc
1231 2244 1343 2322 mitius,

282 2340 315 2390 ao
335 2347 414 2390 nunc
444 2330 578 2408 asperius
607 2327 754 2407 affligatur
783 2329 841 2387 vita
870 2327 1051 2389 mortalium:
1079 2338 1213 2389 mortuos
1244 2338 1342 2390 tamen

334 2434 395 2496 eos,
418 2434 493 2495 quos
512 2415 669 2498 diligimus,
693 2433 780 2495 quam
803 2415 850 2476 vel
872 2433 888 2475 a
910 2414 968 2476 lide
991 2415 1037 2475 vel
1059 2434 1075 2475 a
1098 2415 1185 2478 bonis
1208 2416 1343 2478 moribus

334 2504 440 2585 lapsos,
464 2504 520 2564 itoc
543 2513 589 2565 est
611 2507 642 2564 in
664 2507 729 2583 ipsa
752 2505 850 2564 anima
872 2511 1014 2585 mortuos,
1037 2506 1139 2564 audire
1164 2523 1217 2566 seu
1240 2505 1342 2566 videre
1456 2556 1457 2559 ,

334 2593 496 2653 mallemus.
542 2590 605 2662 Qua
628 2594 739 2671 ingenti
763 2593 885 2652 materia
909 2591 1052 2652 malorum
1074 2592 1161 2672 plena
1184 2601 1231 2654 est
1253 2604 1342 2675 terra,

334 2688 456 2759 propter
484 2680 563 2758 quod
592 2683 734 2759 scriptum
763 2689 821 2740 est:
854 2681 1008 2754 Numquid
1033 2697 1093 2741 non
1122 2686 1345 2758 temptatione

282 2779 315 2829 ae
335 2771 398 2828 cita
420 2771 554 2828 humana
576 2786 669 2844 super
691 2770 825 2828 terram?
855 2775 885 2828 et
907 2776 1031 2846 propter
1054 2769 1132 2846 quod
1155 2773 1220 2848 ipse
1243 2769 1342 2830 Domi·

334 2873 391 2916 nus
414 2858 467 2916 ait:
506 2856 568 2916 Vae
589 2858 700 2916 mundo
723 2857 761 2916 ab
784 2859 955 2929 scandalis,
983 2857 1157 2918 etiterum:
1194 2859 1343 2931 Quonim

334 2945 509 3024 abundavit,
532 2945 637 3024 inquit,
660 2946 814 3018 iniquitas,
837 2943 1019 3020 resriqeecet
1036 2948 1154 3006 caritas
1172 2950 1341 3010 multorom.

333 3031 377 3091 Ex
401 3049 459 3110 quo
483 3031 528 3112 iit,
556 3040 590 3092 ut
613 3030 698 3092 bonis
722 3034 823 3092 amicis
846 3034 972 3092 mortuis
995 3028 1178 3110 gratulemur
1201 3043 1244 3114 et,
1273 3053 1343 3096 cum

334 3135 414 3180 mors
443 3138 546 3180 eorum
574 3138 629 3179 nos
657 3121 826 3201 contristet,
854 3123 918 3199 ipsa
947 3137 1002 3180 nos
1025 3123 1138 3181 certius
1161 3121 1341 3205 consoletur,

282 3210 472 3286 aequoniam
502 3215 663 3268 caruerunt
689 3207 786 3289 malis,
813 3207 922 3288 quibus
944 3209 975 3267 in
999 3206 1053 3269 hac
1076 3210 1135 3269 vita
1158 3213 1247 3270 etiam
1269 3209 1342 3271 boni

334 3294 468 3443 homiues
490 3295 540 3444 tvel
568 3303 763 3357 conteruntur
790 3294 836 3356 vel
863 3295 1061 3375 depravantur
1088 3296 1134 3357 vel
1155 3299 1188 3358 in
1211 3307 1339 3378 utroque

333 3401 415 3462 perro
427 3403 437 3443 r
450 3401 487 3444 au
502 3402 546 3445 ur.

401 3499 445 3566 aa)
464 3496 513 3550 Iob
533 3501 557 3564 a,
573 3503 596 3550 1.
643 3500 687 3567 ne>
706 3497 755 3551 Mc.
776 3503 819 3566 aa,
835 3504 858 3553 r.
905 3503 950 3570 nr)
968 3500 1008 3554 lb.
1028 3506 1071 3567 ec,
1086 3507 1128 3555 aa.

401 3643 417 3690 9
441 3637 547 3690 inmitia
570 3637 673 3692 mentis
691 3638 731 3704 Ας
754 3639 858 3693 mentis
880 3639 988 3694 inmitis
1006 3641 1022 3695 b
1040 3643 1050 3710 ΙΙ
1069 3647 1101 3694 le
1120 3644 1164 3697 eet
1182 3643 1257 3697 enim
1274 3648 1341 3715 pol

333 3713 365 3762 16
382 3707 469 3780 quod]
484 3708 533 3775 qui
546 3710 574 3762 A
587 3709 596 3776 11
611 3711 644 3760 25
658 3707 720 3774 ipse
734 3724 783 3762 oro.
798 3711 825 3764 A
839 3712 896 3778 1127
911 3709 1068 3766 abundauit
1081 3712 1166 3781 Ram
1185 3715 1342 3770 abundabit
1456 3674 1457 3677 Ἴ

332 3779 420 3850 Adeo
437 3780 446 3849 ΙΙ
464 3777 622 3847 refrigescit
638 3795 692 3847 9123
710 3778 744 3844 cs.
764 3783 807 3847 20,
821 3785 855 3833 εδ
