3284 4459
578 512 619 552 me
633 511 775 552 crvrraru
788 512 843 553 um
856 513 882 553 u.
896 513 946 553 xrs
960 512 983 555 a.
997 515 1016 554 r.
1158 566 1162 579 Ι
1233 498 1299 563 419

295 648 419 724 insuper
456 648 543 707 etiam
575 648 606 705 in
639 647 779 724 quasdam
810 645 949 707 ridiculas
982 646 1093 708 tabutas
1124 656 1300 709 verteretur.

295 734 343 794 bit
366 736 475 813 quippe
494 738 524 794 in
544 734 618 794 libro
639 744 799 795 memorato
823 734 968 795 lohannes
990 736 1154 815 apostolus:
1177 738 1217 798 Et
1238 739 1304 798 vidi

295 827 438 897 anpelnm
457 826 685 885 descendentem
703 826 741 884 de
764 827 857 902 coelo,
881 826 1039 885 habentem
1063 829 1177 886 clavem
1200 826 1303 901 abyssi

295 915 327 971 e't
359 918 497 971 catenam
530 915 562 972 in
594 929 686 973 manu
717 930 782 972 suo.
829 912 868 972 Et
898 916 995 974 tenuit
1026 915 1191 976 draconem
1218 918 1301 975 illum

293 1006 463 1075 serpentem
492 1003 664 1074 antiquum,
694 1004 749 1075 qui
774 1003 1003 1075 connominatus
1033 1008 1078 1062 est
1104 1004 1242 1063 diabolus
1272 1009 1335 1063 eto

294 1094 434 1161 satanas,
446 1086 521 1169 <et>
543 1092 682 1163 altipaoit
704 1091 787 1148 illum
810 1092 891 1147 mille
914 1093 1004 1149 annis
1025 1098 1055 1151 et
1071 1096 1153 1151 misit
1171 1094 1300 1152 illumin

295 1176 437 1252 abyssum
442 1196 454 1246 ;
481 1183 512 1236 et
533 1178 625 1236 clusit
646 1182 677 1236 et
697 1179 831 1250 sipnooit
851 1194 945 1253 super
967 1194 1047 1250 eum,
1074 1184 1109 1237 at
1130 1195 1190 1239 non
1212 1181 1300 1239 sedu-

295 1271 381 1324 ceret
401 1267 463 1324 iam
483 1270 602 1338 pentes,
630 1267 726 1325 donec
745 1267 899 1337 finiantur
922 1268 1001 1325 mille
1023 1269 1115 1337 anni;
1134 1273 1203 1343 post
1223 1268 1301 1327 boec

294 1359 413 1427 oportet
438 1369 505 1413 eum
532 1355 608 1413 solvi
633 1353 719 1413 brevi
744 1360 885 1428 tempore.
931 1354 971 1413 Et
996 1357 1060 1414 aidi
1084 1356 1171 1416 sedes
1200 1362 1230 1415 et
1255 1372 1300 1415 se*

295 1443 399 1501 dentes
429 1458 522 1516 snper
554 1458 618 1513 eas,
651 1448 681 1500 et
709 1443 856 1502 iudicium
884 1444 988 1502 dotum
1016 1450 1067 1503 est.
1113 1442 1154 1502 Et
1180 1446 1301 1503 animae
1322 1454 1353 1502 10
1465 1428 1466 1511 ἦ

295 1531 464 1589 occisorum
489 1535 617 1605 propter
644 1532 842 1590 testimonium
873 1530 942 1590 Iesu
970 1538 1001 1591 et
1023 1538 1150 1609 propter
1177 1533 1301 1592 verbum

296 1618 366 1697 Det,
394 1624 425 1677 et
450 1620 478 1677 si
503 1620 558 1691 qai
583 1634 644 1677 non
672 1620 882 1678 adoraverant
909 1619 1033 1679 bestiam
1061 1637 1117 1680 nec
1140 1622 1301 1693 imopinem

295 1707 374 1779 eius,
407 1723 503 1780 neque
530 1713 718 1781 acceperunt
743 1709 969 1782 inscriptionem
997 1711 1029 1768 in
1054 1701 1159 1782 fronte
1187 1715 1241 1768 aut
1268 1711 1300 1768 in

295 1811 388 1854 manu
409 1811 475 1866 sna,
499 1799 530 1854 et
550 1802 758 1867 reqnaverunt
779 1811 848 1854 cnm
867 1796 937 1855 lesu
961 1798 1040 1856 mille
1062 1799 1152 1857 annis
1156 1818 1168 1867 ;
1191 1799 1303 1871 reliqui

296 1899 399 1943 eorum
422 1900 482 1943 non
503 1884 661 1957 emerunt,
689 1885 784 1943 donec
811 1885 963 1954 finiantur
986 1886 1065 1945 mille
1088 1888 1170 1945 anni.
1216 1886 1301 1946 llaec
1322 1894 1354 1943 15

295 1973 481 2032 resurrectio
501 1972 603 2046 prima
627 1977 678 2031 est.
722 1971 836 2030 Beatus
859 1978 889 2031 et
909 1979 1034 2032 sanctus
1056 1980 1115 2044 est,
1137 1977 1192 2047 qui
1212 1975 1303 2034 babet
1373 1996 1375 2001 ·

295 2062 327 2118 in
358 2060 419 2119 bac
447 2061 550 2134 primo
581 2062 808 2119 resurrectione
831 2065 959 2134 portem.
1006 2061 1043 2119 In
1071 2064 1136 2121 istis
1165 2063 1302 2122 secundo

295 2164 375 2207 mors
397 2164 457 2207 non
480 2147 572 2207 babet
589 2151 783 2221 potestatem;
804 2149 862 2208 sed
884 2154 976 2207 erunt
996 2151 1171 2210 sacerdotes
1194 2150 1252 2209 Dei
1274 2156 1304 2209 et

304 2235 418 2295 aaran
443 2242 473 2295 et
498 2236 673 2308 repnabnnt
698 2252 766 2295 cum
794 2251 829 2295 eo
857 2238 936 2295 mille
958 2239 1054 2296 annis.
1100 2235 1158 2306 Qui
1180 2244 1302 2315 propter

300 2322 373 2382 haec
402 2322 491 2382 buius
520 2321 588 2381 libri
618 2321 707 2382 verba
738 2325 862 2401 primam
892 2325 1143 2383 resurrectionem
1172 2325 1302 2383 futuram
1321 2337 1355 2383 20

296 2412 437 2489 suspicati
465 2418 536 2470 suut
562 2410 760 2492 corporalem,
791 2414 870 2471 iuter
898 2419 996 2471 cetera
1024 2414 1148 2471 maxime
1177 2430 1301 2472 numero

296 2516 440 2559 annorum
470 2497 549 2558 mille
576 2501 704 2577 permoti
726 2508 809 2580 sunt,
836 2506 985 2577 tamquam
1008 2506 1160 2577 oporteret
1183 2502 1212 2559 in
1237 2519 1301 2560 san-

295 2587 351 2645 ctis
379 2604 413 2646 eo
440 2586 528 2646 modo
552 2587 634 2649 velut
663 2589 737 2647 tanti
759 2590 902 2666 temporis
926 2588 990 2647 lieri
1013 2586 1232 2667 sabbatismum,
1255 2607 1301 2647 va·

296 2678 411 2735 catione
434 2674 548 2735 scilicet
576 2684 675 2735 sancta
703 2684 771 2753 post
797 2675 912 2736 labores
936 2693 1079 2735 annorum
1104 2694 1155 2736 sex
1180 2677 1302 2759 milium,

296 2782 332 2823 ex
360 2781 419 2841 quo
447 2771 564 2823 oreatus
591 2771 637 2823 est
664 2763 751 2823 homo
780 2772 811 2823 et
840 2766 937 2841 magni
958 2764 1036 2823 illius
1059 2768 1173 2842 peccati
1197 2768 1301 2827 merito
1321 2778 1354 2825 ‘25

297 2854 327 2912 iu
350 2851 440 2911 buius
457 2850 644 2911 mortalitatis
663 2869 817 2912 aerumnas
837 2852 873 2911 de
892 2852 1018 2931 paradisi
1042 2853 1179 2913 felicitate
1203 2853 1301 2914 dimis-

297 2958 349 3000 sus
368 2949 421 3018 est,
443 2948 486 3019 ut,
508 2942 648 3017 quoniam
666 2941 809 3018 scriptum
833 2948 892 3000 este
919 2941 999 3002 Unus
1018 2944 1082 3002 dies
1100 2945 1185 3018 apud
1201 2944 1301 3003 Domi-

296 3044 368 3087 num
388 3032 470 3088 sicut
490 3030 570 3088 mille
592 3031 674 3102 anni,
698 3035 728 3088 et
748 3031 828 3089 mille
851 3032 926 3089 anni
946 3032 1026 3090 sicat
1049 3033 1113 3091 dies
1135 3048 1226 3104 unns,
1250 3049 1301 3090 sex

296 3133 442 3176 annorum
469 3114 587 3175 milibus
615 3125 763 3193 tamquam
786 3134 838 3176 sex
861 3116 965 3176 diebus
988 3117 1130 3198 impletiS,
1160 3126 1301 3195 sequatur

296 3202 377 3263 velut
417 3206 560 3282 septimus
597 3202 709 3263 sabbati
751 3207 782 3264 iu
818 3207 903 3264 annis
939 3204 1016 3265 mille
1054 3208 1226 3285 postremis,
1265 3204 1354 3265 adeo

296 3290 353 3351 hoo
376 3291 489 3351 scilicet
515 3290 668 3351 sabbatum
695 3291 904 3352 celebrandum
931 3292 1155 3372 resurgentibus
1183 3295 1300 3353 sanctis.

297 3378 379 3449 Quae
402 3380 501 3457 opinio
520 3387 778 3458 essetutrumque
803 3379 972 3460 tolerabilis,
995 3382 1021 3440 si
1044 3380 1157 3459 aliquae
1179 3380 1300 3441 deliciae

365 3504 408 3571 19)
426 3501 512 3572 Apoc.
532 3506 676 3570 20,1sqq.
732 3504 777 3571 28)
796 3507 820 3554 2.
840 3500 913 3555 Patr.
934 3505 958 3567 3,
974 3505 998 3554 8.

292 3586 507 3596 *-

363 3631 379 3679 6
392 3628 421 3680 ei
433 3625 510 3693 allig.
522 3624 607 3692 Goon
622 3627 651 3679 ei
662 3641 712 3680 om.
723 3624 930 3696 RAueq¹pE3
945 3624 1241 3691 ecbibenttamenldd,
1250 3628 1287 3678 24
1296 3626 1305 3695 ΙΙ

292 3720 307 3767 'l
324 3702 598 3782 elusiilio¹be¹qld
609 3713 768 3779 ntAmiat.;
782 3710 1092 3781 alausisaaeam’pv
1105 3714 1114 3781 ΙΙ
1129 3717 1162 3767 23
1174 3712 1306 3782 velutioll

291 3789 326 3840 26
347 3784 483 3837 demissus
501 3782 564 3852 R’q

1037 3872 1088 3925 27*
