3284 4459
585 521 625 560 mc
639 520 782 562 crvmarn
795 521 851 562 nm
861 521 889 562 1..
901 521 952 562 xv.
965 521 989 562 o.
1002 522 1035 562 ro.
1249 506 1313 572 103

298 654 493 715 adnumerati
515 663 585 715 sunt
606 655 668 736 filii,
689 654 783 716 donec
806 655 988 716 undenarius
1011 673 1155 717 numerus
1176 655 1313 736 implere·

306 752 372 820 tur,
400 760 459 820 quo
482 743 664 821 significatur
686 752 850 822 peccatum.
895 743 1052 805 Adduntur
1075 746 1154 805 enim
1176 751 1240 806 tres
1261 743 1314 804 filii

268 906 272 916 ,
306 839 340 892 et
361 848 419 891 una
442 829 508 891 iilia.
553 830 667 892 Uxores
685 841 783 892 autem
806 831 886 892 aliud
908 841 1034 911 possunt
1056 832 1232 913 significare,
1254 849 1315 892 non

307 919 365 980 hoo
388 919 468 998 quod
494 937 575 980 nuno
602 919 867 981 commendandum
896 920 1021 982 videtur.
1066 920 1151 982 Nunc
1174 922 1254 982 enim
1277 919 1314 982 de

306 1006 549 1086 generationibus
571 1007 733 1089 loquimur3
756 1006 821 1068 illae
845 1025 915 1069 vero
938 1009 1017 1069 unde
1041 1010 1101 1069 sint
1123 1010 1249 1088 genitae,
1271 1016 1349 1069 tat

306 1097 401 1157 citum
424 1105 478 1158 est.
523 1095 668 1168 Quoniam
695 1114 767 1175 ergo
793 1095 841 1156 lex
872 1096 993 1158 denario
1016 1114 1141 1159 numero
1163 1095 1313 1176 praedica·

307 1193 368 1265 tur,
390 1184 469 1244 unde
488 1194 534 1246 est
552 1184 749 1246 memorabilis
767 1183 816 1246 ille
831 1184 999 1265 decalogus,
1016 1185 1152 1264 proiecto
1170 1202 1314 1246 numerus

308 1273 504 1353 undenarius,
537 1275 676 1353 quoniam
705 1273 924 1352 transgreditur
950 1274 1121 1354 denarium,
1150 1281 1313 1352 transgres-

307 1362 422 1421 sionem
451 1361 525 1440 legis
555 1380 589 1422 ac
615 1379 670 1440 per
698 1360 755 1422 hoo
781 1369 938 1440 peccatum
964 1361 1118 1441 significat.
1162 1359 1238 1422 Hinc
1268 1369 1315 1422 est

308 1449 387 1529 quod
415 1451 447 1508 in
476 1449 665 1511 tabernaculo
688 1451 864 1530 testimonii,
891 1450 969 1528 quod
992 1458 1057 1512 erat
1079 1452 1109 1509 in
1132 1451 1239 1510 itinere
1261 1467 1313 1528 po·
1334 1462 1368 1512 10

307 1537 371 1618 puli
393 1536 447 1597 liei
469 1537 550 1599 velut
572 1537 713 1617 tempium
737 1537 978 1620 ambulatorium,
1004 1536 1143 1599 undecim
1166 1536 1229 1598 vela
1251 1537 1314 1598 cili·

308 1628 375 1686 cina
393 1625 459 1686 fieri
476 1634 633 1706 praecepta
651 1634 729 1686 suut.
774 1625 808 1686 ln
828 1626 923 1686 cilicio
947 1628 1056 1706 quippe
1079 1625 1245 1687 recordatio
1269 1635 1315 1686 est

307 1721 498 1793 peccatorum
534 1722 657 1793 propter
689 1713 808 1775 haedos·
826 1713 863 1774 ad
896 1716 1047 1775 sinistram
1075 1716 1205 1796 tuturos,
1235 1713 1314 1794 quod

308 1802 484 1864 confitentes
501 1803 533 1862 in
548 1802 643 1862 cilicio
666 1804 885 1881 prosternimur
907 1811 1056 1882 tamquam
1078 1802 1212 1864 dicentes
1234 1802 1314 1882 quod

307 1893 338 1951 in
362 1889 475 1968 psalmo
498 1891 642 1969 scriptum
664 1898 723 1952 ast:
746 1891 787 1952 Et
804 1899 967 1967 peccatum
988 1908 1086 1953 meunt
1108 1899 1180 1954 ente
1202 1910 1249 1952 me
1270 1897 1317 1953 est
1334 1903 1368 1951 15

307 1997 434 2055 semper.
479 1977 640 2058 Progenies
668 1997 739 2058 ergo
769 1997 804 2039 ex
832 1979 924 2040 Adam
954 1997 1010 2059 per
1040 1978 1111 2041 Cain
1137 1979 1315 2040 sceleratum

308 2066 472 2128 undenario
502 2084 627 2127 numero
655 2067 773 2148 finitur,
800 2086 861 2146 quo
889 2076 1045 2146 peccatum
1067 2069 1263 2149 significatum
1285 2075 1317 2128 et

308 2158 373 2236 ipse
392 2173 535 2216 numerus
554 2155 662 2216 iemina
681 2155 836 2236 clauditur,
859 2174 953 2235 aquo
968 2174 1040 2217 seru
1063 2158 1181 2217 initium
1205 2157 1315 2216 iactum

308 2252 356 2304 est
382 2245 509 2324 peccati,
535 2261 590 2323 per
611 2243 695 2322 quod
723 2261 827 2304 omnes
854 2247 1006 2306 morimur.
1051 2243 1248 2306 Commissum
1271 2252 1317 2304 est

299 2325 418 2411 autem,
439 2339 474 2392 ut
496 2339 527 2392 et
549 2330 682 2411 voluptas
705 2334 816 2412 carnis,
845 2350 920 2410 quae
943 2334 1060 2411 spiritui
1083 2334 1247 2413 resisteret,
1269 2350 1315 2391 se·
1333 2344 1369 2393 to

308 2429 461 2500 queretur.
511 2418 584 2480 Nam
614 2428 645 2480 et
673 2422 736 2500 ipsa
766 2419 826 2481 iilia
855 2419 983 2481 Lamech
1011 2420 1152 2482 Noemma
1181 2420 1316 2498 voluptas

309 2511 534 2587 interpretatur.
578 2507 636 2568 Per
665 2508 737 2570 Seth
765 2516 863 2569 autem
891 2508 1042 2568 abidam
1076 2527 1171 2587 usque
1195 2509 1230 2568 ad
1253 2507 1316 2568 Noe

308 2597 449 2658 denarius
466 2597 634 2658 insinuatur
651 2597 799 2676 legitimus
825 2614 976 2658 numerus.
1021 2596 1077 2658 Cui
1101 2596 1162 2657 Noe
1181 2603 1244 2658 tres
1266 2595 1315 2657 ad·

300 2687 442 2745 ¹iniuntur
468 2685 533 2765 fllii,
561 2685 639 2745 undo
662 2703 722 2746 uno
745 2685 827 2766 lapso
855 2685 914 2746 duo
944 2684 1161 2746 benedicuntur
1183 2703 1200 2745 a
1222 2694 1316 2765 patre,

308 2781 344 2834 ut
366 2780 481 2832 remoto
509 2771 637 2852 reprobo
667 2781 697 2834 et
723 2774 855 2854 probatis
877 2774 946 2834 filim
968 2773 1004 2833 ad
1027 2791 1186 2834 numerum
1208 2773 1315 2833 additis
1334 2784 1369 2833 25

308 2863 399 2922 etiarn
427 2859 627 2921 duodenarius
654 2879 798 2922 numerus
820 2864 988 2942 intimetur,
1011 2863 1063 2940 qui
1085 2870 1116 2921 et
1137 2864 1169 2921 in
1190 2862 1315 2942 patriar-

308 2949 433 3010 charum
460 2950 548 3010 etin
575 2949 776 3028 apostolorum
802 2967 927 3011 numero
953 2951 1078 3029 insignis
1107 2958 1165 3027 est,
1192 2958 1316 3029 propter

308 3037 470 3117 septenarii
493 3045 593 3116 partes
616 3037 737 3098 alteram
760 3056 815 3117 per
838 3037 958 3098 alteram
981 3037 1197 3116 multiplicatas.
1241 3037 1315 3098 Nam

308 3136 357 3187 ter
388 3127 525 3205 quaterni
547 3123 593 3188 vel
624 3133 730 3204 quater
756 3127 836 3186 terni
859 3128 955 3206 ipsum
978 3127 1098 3187 iaciunt
1143 3124 1197 3186 His
1219 3128 1260 3187 ita
1282 3143 1333 3186 se-

307 3213 486 3276 hahentibus
508 3213 593 3274 video
615 3213 863 3276 considerandum
886 3221 917 3273 et
938 3213 1237 3296 commemorandum,
1259 3216 1316 3275 ista
1334 3228 1369 3277 80

307 3311 436 3381 utraque
458 3303 625 3384 progenies,
647 3320 723 3382 quae
742 3301 889 3363 distinctis
912 3302 1152 3380 generationibus
1175 3302 1248 3363 duas
1271 3305 1315 3362 in·

308 3380 408 3451 sinuat
441 3393 591 3471 civitates,
621 3407 710 3451 unam
741 3391 975 3469 terrigenarum,
1006 3390 1128 3452 alteram
1159 3408 1315 3470 regenera-

308 3488 421 3559 torum,
449 3497 508 3558 quo
535 3477 623 3540 modo
650 3488 753 3557 postea
776 3480 819 3539 sio
842 3479 999 3539 commixta
1021 3479 1223 3558 iueritatque
1246 3496 1315 3539 oon·

381 3636 424 3700 12)
443 3603 592 3700 Exod'aa,
611 3637 636 3688 a.
673 3634 717 3702 1a)
735 3630 781 3687 Ps.
800 3635 844 3697 oo,
863 3635 888 3686 o.

309 3733 524 3743 ——-

383 3787 415 3836 21
434 3775 565 3835 noemma
584 3779 760 3849 vernem
779 3777 888 3833 Nocma
906 3778 1015 3844 Acbo;
1032 3779 1067 3844 cf.
1087 3781 1132 3844 95,
1146 3782 1183 3833 23
