3284 4459
561 514 601 553 na
615 512 757 554 mmunru
771 513 825 553 mar
838 515 864 554 u.
878 514 942 554 ιιι
955 514 979 555 o.
993 517 1013 555 1.
1223 498 1288 563 349

279 656 378 726 potest
415 649 539 726 quisque
577 651 661 727 sequi
698 647 798 709 hahitn
836 659 1005 709 ceterorum
1036 647 1288 728 philosophorum,

279 738 411 813 itemque
435 735 509 796 allus
532 745 630 815 potest
653 736 755 797 habitu
775 735 961 816 Cynicorum,
984 755 1020 797 ex
1043 736 1098 796 hac
1122 739 1210 796 etlam
1233 736 1287 797 dil·

280 824 404 884 ferentia
428 824 615 904 duplicantur
644 833 674 884 et
702 826 859 903 nonaginta
882 843 933 884 sex
957 825 1039 885 liunt.
1085 823 1196 885 Deinde
1220 827 1288 904 quia

279 930 381 972 earum
406 912 535 990 singulas
565 931 697 992 quasque
725 915 764 973 ita
793 915 872 972 tueri
895 912 1029 973 homines
1051 921 1177 992 possunt
1199 921 1288 992 atque

280 1001 403 1077 sectari,
433 1009 464 1060 ut
487 1009 537 1060 aut
560 1003 683 1061 otiosam
708 1001 830 1080 diligant
852 1003 955 1080 vitam,
985 1003 1062 1063 sicut
1084 1001 1128 1081 hi,
1151 998 1202 1080 qui
1225 1011 1323 1062 tan-5

280 1087 432 1148 tumrnodo
460 1088 565 1150 studiis
593 1088 744 1150 doctrinae
772 1107 874 1149 vacare
898 1088 1056 1150 voluerunt
1078 1099 1166 1169 atque
1190 1089 1286 1150 value-

280 1185 360 1256 runt,
383 1185 434 1236 aut
457 1180 652 1258 negotiosam,
675 1180 753 1238 sicut
775 1177 819 1258 hi,
843 1179 894 1256 qui
917 1195 985 1237 cum
1008 1176 1288 1256 philosopharentur

280 1273 378 1325 tamen
416 1264 668 1326 administratione
706 1266 751 1325 rei
791 1265 926 1344 publicae
962 1265 1159 1344 regendisque
1196 1266 1288 1326 rebus

278 1353 416 1414 humanis
447 1355 666 1432 occupatissimi
699 1355 837 1434 luerunt,
870 1363 921 1414 aut
955 1372 991 1413 ex
1021 1362 1148 1432 utroque
1177 1372 1286 1433 genere

279 1450 488 1520 temperatam,
511 1444 589 1502 sicut
610 1441 655 1522 hi,
677 1444 730 1520 qui
752 1443 859 1521 partim
882 1442 999 1502 erudito
1022 1444 1083 1503 otio
1105 1445 1213 1521 partim
1236 1461 1287 1503 ne·
1307 1455 1340 1504 ιο

278 1532 409 1590 cessario
429 1532 547 1608 negotio
566 1529 739 1590 alternantia
758 1533 833 1591 vitae
853 1546 924 1590 suae
947 1541 1080 1609 tempora
1103 1530 1288 1592 tribuerunt:

278 1626 402 1697 propter
431 1617 484 1678 has
513 1618 694 1678 differentias
721 1627 820 1697 potest
852 1621 940 1679 etiam
973 1619 1117 1698 triplicari
1143 1637 1287 1679 numerus

279 1710 336 1767 iste
360 1715 508 1767 sectarum
532 1706 620 1766 etad
644 1706 786 1767 ducentas
810 1710 959 1785 octoginta
981 1716 1049 1768 octo
1071 1707 1203 1787 perduci.

368 1793 446 1854 llaec
469 1794 505 1854 de
529 1792 668 1854 Varronis
691 1794 780 1875 libro,
810 1803 952 1873 quantum
975 1798 1072 1874 potui,
1100 1795 1230 1856 breviter
1253 1816 1287 1857 ac

278 1882 407 1943 dilucide
427 1885 522 1963 posui,
546 1885 707 1943 sententias
726 1885 790 1943 eius
814 1885 888 1943 mels
911 1883 1060 1962 explicans
1082 1884 1189 1944 verbis.
1221 1884 1286 1955 Quo
1307 1897 1340 1946 15

279 1971 367 2030 modo
386 1980 485 2033 autem
503 1972 639 2031 relutatis
663 1974 771 2032 ceteris
794 1989 884 2032 unam
907 1971 1003 2051 eligat,
1026 1990 1113 2050 quaro
1136 1972 1199 2033 vult
1221 1991 1287 2034 esse

279 2059 524 2119 Academicorum
553 2067 687 2120 veterum
716 2053 806 2141 (quos
829 2078 846 2119 a
868 2058 989 2120 Platone
1017 2062 1169 2122 institutos
1192 2079 1287 2140 usque

279 2147 314 2207 ad
339 2147 541 2224 Polemonem,
570 2150 621 2225 qui
649 2147 685 2207 ab
712 2147 762 2207 illo
791 2154 914 2226 quartus
942 2150 1007 2208 eius
1030 2148 1160 2208 scholam
1182 2152 1288 2231 tenuit,

279 2254 355 2314 quae
378 2235 533 2296 Academia
556 2235 634 2296 dicta
658 2245 712 2316 est,
734 2235 875 2296 hahuisse
899 2244 980 2296 certa
1003 2235 1138 2314 dogmata
1160 2236 1222 2298 vult
1246 2240 1286 2298 vi·

278 2325 342 2384 deri
367 2332 397 2383 et
419 2323 457 2383 oh
481 2323 536 2384 hoc
555 2323 709 2403 distinguit
732 2324 768 2384 ab
791 2324 973 2384 Academicis
995 2326 1088 2404 novis,
1111 2323 1219 2402 quibus
1241 2328 1285 2385 in·
1306 2338 1339 2386 to

280 2421 362 2472 certa
393 2420 462 2473 sunt
491 2414 604 2486 omnia,
637 2412 715 2490 qnod
743 2411 944 2491 philosophiae
972 2429 1067 2490 genus
1093 2412 1129 2472 ah
1158 2413 1286 2473 Arcesila

280 2503 381 2580 coepit
399 2518 572 2560 successore
591 2495 783 2582 Polemonis),
806 2518 930 2578 eamque
949 2509 1069 2580 sectam,
1091 2501 1121 2561 ld
1140 2510 1186 2563 est
1207 2510 1286 2562 vete·

278 2607 347 2649 rum
369 2588 620 2669 Academicorum,
644 2591 722 2651 sicut
744 2587 927 2650 dubitatione
949 2591 990 2649 ita
1012 2591 1093 2649 omni
1115 2607 1217 2651 errore
1239 2608 1286 2651 ca·

279 2695 346 2738 rere
371 2676 545 2756 arbitretur,
572 2678 692 2756 longum
720 2685 767 2738 est
793 2695 849 2757 per
871 2679 969 2737 omnia
991 2676 1207 2759 demonstrare,
1230 2697 1286 2739 nec

279 2775 378 2826 tamen
406 2767 486 2825 omni
513 2783 549 2825 ex
576 2775 660 2844 parte
688 2783 736 2826 res
767 2765 928 2827 omittenda
952 2775 1005 2826 est.
1051 2765 1192 2827 Removet
1214 2785 1285 2846 ergo
1305 2780 1338 2828 25

278 2856 363 2933 prius
390 2852 454 2913 illas
483 2871 586 2913 omnes
609 2854 804 2936 differentias,
833 2872 908 2932 qrrae
932 2872 1090 2914 nnmerum
1113 2855 1285 2935 multiplica-

279 2961 348 3002 vere
372 2951 538 3022 sectarum,
562 2961 634 3020 qrras
657 2941 723 3003 ideo
746 2943 939 3003 removendas
961 2952 1058 3023 putat,
1081 2945 1149 3021 quia
1173 2962 1231 3004 non
1255 2947 1285 3005 iri

280 3032 323 3091 eis
353 3039 399 3090 est
426 3031 493 3090 finis
521 3029 599 3090 honi.
644 3029 747 3109 Neque
775 3033 854 3091 enim
877 3033 1025 3092 existimat
1047 3030 1136 3091 ullam
1158 3031 1285 3112 philoso-

279 3117 366 3198 phiae
386 3127 496 3179 sectam
515 3137 580 3178 esse
600 3119 762 3199 dicendam,
785 3137 861 3198 quae
880 3137 940 3179 non
958 3137 994 3179 eo
1018 3119 1107 3180 distet
1129 3138 1145 3179 a
1168 3123 1286 3202 ceteris,

279 3206 359 3285 qrrod
379 3206 512 3267 diversos
529 3206 636 3267 habeat
658 3207 732 3267 fines
755 3207 901 3268 honorum
926 3207 1130 3269 etmalorum.
1163 3208 1338 3279 Quandoeo

279 3295 400 3372 quidem
419 3295 497 3355 nulla
517 3304 563 3356 est
580 3295 692 3355 homini
716 3314 802 3356 causa
825 3294 1059 3374 philosophandi,
1083 3299 1140 3355 nisi
1163 3306 1196 3357 ut
1218 3296 1284 3357 bea·

279 3392 328 3444 tus
359 3385 410 3464 sit3
442 3383 521 3462 quod
551 3393 649 3443 autern
678 3383 795 3444 beatum
824 3385 906 3464 lacit,
935 3386 999 3463 ipse
1033 3392 1078 3444 est
1105 3384 1172 3444 linis
1202 3384 1285 3464 honi,

279 3470 360 3532 nulla
379 3480 424 3532 est
442 3473 533 3550 igitur
556 3489 643 3532 cansa
666 3471 899 3553 philosophandi,
922 3473 980 3532 nisi
1002 3472 1069 3532 linis
1092 3471 1175 3532 boni:
1198 3490 1284 3550 quam

279 3558 318 3619 oh
351 3577 415 3620 rem
442 3577 517 3638 quac
546 3559 658 3620 nullum
687 3559 756 3620 boni
788 3562 876 3619 linem
908 3567 1053 3634 sectatur,
1080 3559 1161 3620 nulla
1192 3559 1284 3640 philo-

350 3711 383 3759 21
395 3705 512 3760 arcesila
542 3723 571 3772 o;
586 3706 724 3760 archesila
734 3707 924 3774 chanaon
937 3708 1092 3762 archesilao
1098 3726 1120 3777 p
1133 3712 1142 3778 11
1157 3715 1190 3763 29
1200 3710 1287 3765 distet

277 3777 342 3849 p¹c3
363 3777 450 3831 distat
468 3779 496 3832 R
536 3777 681 3847 ancp’p
