3284 4459
545 506 587 548 nn
601 506 745 548 omrem
757 506 812 547 mu
825 506 851 547 n.
865 506 928 547 xx1.
942 506 966 550 o.
980 508 1014 564 m
1028 509 1062 551 ιε.
1247 494 1312 559 517

303 660 399 722 poena
427 644 479 723 sit,
511 643 579 720 quia
606 649 667 701 tota
695 644 848 720 temptatio
877 649 935 721 est,
963 645 1041 703 sicut
1068 660 1168 703 sacrae
1197 642 1312 705 litterae

303 738 481 810 personant,
504 729 555 790 uhi
579 732 723 809 scriptum
746 738 806 790 est:
834 731 989 804 Numquid
1009 748 1070 791 nou
1093 735 1246 808 temptatio
1269 741 1314 794 est

303 823 366 880 vito
389 821 524 879 humano
546 836 639 893 super
667 820 803 879 terram?
847 817 912 877 Non
936 820 1015 878 enim
1038 836 1126 897 parvo
1149 837 1244 898 poena
1267 830 1313 881 est

303 909 367 986 ipsa
394 908 564 985 insipientia
591 905 637 965 vel
663 908 817 986 inperitia,
850 924 925 984 quae
952 924 1048 984 usque
1079 906 1151 966 adeo
1175 908 1313 986 fugienda

304 997 410 1055 merito
440 994 603 1074 iudicatur,
634 1002 668 1054 ut
697 1011 751 1072 per
778 1012 888 1073 poenas
917 993 1069 1054 doloribus
1096 995 1197 1073 plenas
1227 998 1346 1075 puerit

303 1090 448 1161 cogantur
475 1101 609 1161 quaeque
638 1083 762 1142 artificia
790 1082 836 1141 vel
863 1081 977 1143 litteras
1000 1082 1128 1163 discere3
1155 1086 1312 1163 ipsumque

303 1171 433 1251 discere,
460 1170 496 1230 ad
525 1170 604 1248 quod
634 1172 738 1248 poenis
761 1171 934 1251 adiguntur,
963 1179 1023 1230 tarn
1045 1171 1168 1250 poenale
1192 1181 1238 1232 est
1261 1176 1313 1254 eis,

304 1268 337 1319 ut
359 1276 580 1338 nonnumquam
604 1260 683 1337 ipsas
705 1277 831 1341 poenas,
854 1276 909 1337 per
932 1276 1005 1337 quas
1029 1258 1247 1338 compelluntur
1270 1260 1311 1320 di·

303 1364 401 1428 scerc,
430 1346 533 1407 malint
562 1348 640 1406 lerre
668 1364 755 1425 quam
783 1346 907 1407 discere.
953 1345 1026 1417 Quis
1054 1357 1153 1407 autem
1180 1366 1239 1408 non
1263 1366 1311 1409 ex·

238 1441 242 1446 ’
303 1435 423 1495 horreat
453 1444 484 1495 et
513 1436 589 1494 mori
618 1434 719 1515 eligat,
746 1436 771 1494 si
797 1437 826 1495 ei
853 1443 1037 1514 proponatur
1064 1444 1115 1496 aut
1141 1453 1222 1495 mors
1244 1448 1363 1515 per-10

302 1522 441 1602 petienda
464 1530 515 1583 aut
537 1540 643 1583 rursus
673 1519 817 1583 infantia?
863 1522 943 1594 Quae
967 1522 1087 1601 quidem
1110 1523 1190 1602 quod
1213 1543 1272 1583 non
1296 1543 1312 1584 a

302 1614 379 1684 risu,
407 1611 458 1672 sed
489 1629 506 1671 a
534 1610 606 1671 tletu
629 1610 745 1671 orditur
768 1612 843 1671 hanc
866 1611 977 1692 lucem,
1006 1611 1076 1690 quid
1101 1611 1246 1673 malorum
1268 1616 1312 1673 in-

303 1709 405 1777 gressa
440 1702 480 1759 sit
515 1701 652 1759 nesciens
688 1699 846 1778 prophetat
882 1700 1009 1777 quodam
1051 1700 1146 1761 modo.
1201 1700 1312 1781 Solum,

303 1787 420 1865 qrrando
444 1796 531 1847 natus
555 1795 614 1868 est,
636 1788 738 1847 ierunt
760 1790 862 1848 risisse
886 1786 1088 1865 zoroastrem,
1111 1806 1167 1849 nec
1191 1792 1219 1849 ei
1242 1789 1312 1849 honi

303 1876 412 1954 aliquid
437 1884 623 1936 monstrosus
651 1877 729 1934 risus
759 1874 807 1935 ille
831 1875 991 1955 portendit.
1036 1876 1108 1937 Nam
1132 1880 1311 1956 magicarum
1332 1890 1364 1938 1⁶

303 1966 411 2024 artium
439 1964 531 2024 luisse
559 1962 733 2043 perhibetur
763 1966 911 2044 inventor3
942 1982 1016 2042 quae
1045 1964 1164 2042 quidem
1191 1966 1234 2026 illi
1255 1984 1311 2025 nec

303 2052 338 2111 ad
357 2054 523 2131 praesentis
542 2054 617 2111 ritae
636 2068 740 2111 vanam
763 2051 933 2111 felicitatem
956 2062 1059 2112 contra
1082 2071 1153 2113 suos
1175 2055 1312 2114 inimicos

302 2139 444 2218 prodesse
463 2147 639 2219 potuerunt,
662 2157 678 2199 a
701 2138 777 2198 Nino
801 2142 911 2219 quippe
934 2158 1004 2218 rege
1023 2140 1220 2221 Assyriorum,
1243 2160 1311 2202 cum

303 2236 382 2287 esset
414 2230 477 2307 ipse
509 2227 751 2307 Bactrianorum,
780 2227 857 2287 bello
891 2237 1047 2306 superatus
1079 2237 1133 2287 est.
1183 2228 1311 2289 Prorsus

303 2315 381 2393 quod
414 2318 558 2394 scriptum
587 2325 645 2376 est:
680 2316 782 2376 Graue
809 2319 913 2390 lupum
940 2333 1033 2392 super
1057 2319 1138 2389 tilios
1165 2318 1263 2377 Adam
1291 2336 1311 2377 a
1330 2330 1364 2378 20

303 2408 353 2464 die
376 2407 476 2465 exitus
499 2405 537 2464 de
558 2410 664 2464 uentre
685 2407 793 2464 matris
815 2421 919 2465 eorum
942 2421 1038 2477 usque
1060 2407 1091 2463 iu
1114 2404 1193 2465 diem
1214 2409 1311 2481 sepul-

303 2502 393 2553 turae
422 2495 455 2552 iu
484 2500 610 2553 matrem
640 2496 786 2567 omnium,
818 2510 914 2571 usque
944 2492 1015 2551 adeo
1043 2491 1160 2571 impleri
1188 2510 1311 2554 necesse

302 2590 357 2660 est,
380 2588 413 2641 ut
435 2582 493 2660 ipsi
515 2579 630 2659 parvuli
661 2598 715 2659 per
737 2580 886 2640 lavacrum
908 2582 1141 2658 regenerationis
1165 2580 1200 2640 ab
1224 2583 1311 2659 origi·

304 2668 377 2729 nolis
395 2670 519 2748 pcccati,
542 2686 601 2747 quo
620 2668 682 2727 solo
702 2668 888 2748 tenebantur,
912 2668 1029 2728 vinculo
1047 2670 1105 2728 iam
1125 2668 1214 2729 soluti
1237 2670 1311 2729 mala

303 2756 395 2817 multa
413 2758 560 2836 patientes
578 2755 712 2816 nonnulli
731 2764 762 2816 et
779 2759 919 2817 incursus
938 2758 1096 2835 spirituum
1117 2757 1312 2836 malignorum
1330 2771 1363 2818 ‘25

303 2844 460 2923 aliquando
478 2846 637 2924 patiantur.
684 2843 765 2914 Quae
785 2844 904 2922 quidem
923 2846 1020 2923 passio
1039 2844 1116 2906 absit
1138 2855 1172 2906 ut
1194 2849 1237 2907 eis
1260 2844 1311 2906 ob·

304 2935 351 3013 sit,
374 2935 399 2993 si
418 2931 494 2992 hanc
512 2934 601 2992 vitam
619 2934 649 2991 in
668 2931 717 2991 illa
739 2939 834 2993 aetate
858 2934 946 2993 etiam
969 2935 1032 3011 ipsa
1054 2936 1192 3013 passione
1214 2936 1310 3014 ingra-

303 3030 442 3082 vescente
465 3028 496 3081 et
518 3022 644 3081 animam
668 3019 704 3079 de
728 3038 854 3099 corpore
877 3020 1052 3081 excludente
1075 3022 1214 3084 finierint

705 3226 819 3293 Ourna
842 3226 912 3295 XV.

307 3340 395 3410 Quod
410 3356 497 3400 omne
514 3356 589 3414 opus
605 3341 730 3414 protiae
747 3340 807 3399 Dei
823 3343 958 3401 eruentis
976 3357 1030 3401 noo
1048 3339 1086 3399 de
1099 3337 1312 3415 profunditate
1331 3354 1366 3401 30

361 3430 470 3487 ueteris
493 3430 567 3487 moli
589 3426 752 3502 adfuturi
772 3430 891 3488 soeculi
907 3430 1064 3503 pertineat
1085 3430 1253 3487 nouitatem.

391 3548 500 3609 Verum
524 3552 671 3610 tamenin
694 3551 776 3628 gravi
798 3552 875 3630 ingo,
899 3550 977 3628 quod
999 3551 1129 3629 positum
1153 3557 1312 3629 estsuper

302 3637 378 3698 filios
405 3638 497 3698 Adam
525 3656 541 3696 a
571 3638 619 3698 die
647 3640 743 3697 exitus
772 3638 808 3697 de
837 3646 940 3698 ventre
963 3640 1065 3697 matris
1088 3654 1192 3697 eorum
1215 3656 1312 3717 usque

374 3750 400 3816 3)
419 3746 467 3801 Iob
487 3752 513 3813 i,
529 3754 553 3801 1.
609 3747 653 3816 14)
671 3745 743 3798 Plin.
764 3749 788 3812 7,
805 3748 846 3811 15,
862 3750 903 3798 tt.
959 3745 1003 3814 22)
1021 3742 1106 3797 Eccli.
1126 3748 1208 3812 40,1.

374 3885 407 3933 to
426 3880 617 3932 monstruosus
639 3876 731 3947 capp
