3284 4459
576 479 616 520 nn
631 478 773 520 cmuaun
786 479 840 518 aas
853 478 880 520 n.
895 477 969 520 xvn.
983 477 1005 520 o.
1020 479 1040 519 s.
1252 462 1317 526 219

309 615 469 674 mandauit
485 615 541 674 titt
557 615 710 686 Dominus,
733 630 820 688 quem
843 593 886 674 ud
907 615 1025 673 modum
1048 628 1130 673 nuno
1145 619 1320 689 parauerat

310 704 458 763 Dominus
481 719 609 778 reqnum
632 701 715 761 tuum
738 720 833 777 usque
856 705 888 761 in
911 708 1068 761 oeternum
1091 719 1184 776 super
1207 701 1317 761 lsroet:

309 800 340 852 et
357 809 441 850 nunc
455 808 587 865 reqnum
605 797 688 850 tuum
707 807 768 850 nou
784 791 878 850 stabit
896 791 959 863 tiit,
982 795 1012 850 et
1028 796 1157 864 quaeret
1174 790 1319 849 Dominus

309 881 370 939 sibi
391 880 539 940 nominem
556 881 723 939 seeundum
746 896 801 939 eor
823 874 918 952 suum,
941 885 971 940 et
992 879 1150 939 mundabit
1171 880 1202 938 ei
1218 878 1318 938 Domi-

308 985 368 1028 nus
396 985 461 1028 esse
488 970 520 1028 in
543 969 714 1043 prinoipem
740 985 834 1042 super
857 970 1001 1043 populum
1028 983 1132 1036 suum;
1159 969 1231 1040 qnia
1259 977 1353 1026 nonu

311 1057 472 1116 custodisti
491 1072 571 1130 quoe
592 1057 748 1115 mandauit
769 1056 826 1114 titt
848 1054 1001 1128 Dominus,
1024 1072 1084 1114 non
1108 1057 1150 1114 sie
1174 1056 1319 1133 aecipien-

308 1143 382 1203 dum
415 1151 476 1224 est,
507 1161 541 1203 ae
569 1145 596 1203 si
623 1145 721 1223 ipsum
749 1141 866 1202 Saulem
895 1142 973 1202 Deus
1000 1145 1030 1202 in
1059 1150 1211 1203 aeternum
1235 1159 1319 1220 psae-

310 1232 458 1310 paravesit
476 1240 678 1312 regnaturum,
701 1239 731 1291 et
753 1230 810 1290 hos
832 1240 935 1310 postea
958 1231 1087 1291 noluerit
1110 1247 1227 1290 servare
1251 1248 1319 1309 pec·

307 1321 390 1379 santi
418 1312 529 1401 (neque
558 1321 636 1380 enim
664 1337 733 1379 eum
760 1327 952 1398 peccaturum
975 1337 1041 1379 esse
1065 1311 1242 1400 nesciebat);
1267 1317 1318 1378 sed

310 1414 536 1487 praeparaverat
557 1426 681 1486 regnum
705 1410 785 1487 eius,
808 1410 839 1467 in
864 1425 921 1486 quo
945 1408 1039 1486 figura
1062 1409 1147 1486 segni
1169 1415 1248 1467 esset
1271 1425 1317 1467 ae·
1339 1419 1372 1468 ιο

307 1499 398 1556 tenni.
443 1494 513 1555 ideo
541 1495 664 1556 addidit:
696 1496 737 1556 Et
763 1513 845 1556 nune
872 1514 1000 1571 reqnum
1028 1502 1110 1556 tuum
1138 1513 1198 1557 non
1228 1496 1321 1556 stabit

308 1586 374 1644 ttoi.
421 1583 510 1644 Stetit
532 1602 604 1662 ergo
627 1592 657 1643 et
680 1582 782 1663 stabit,
812 1583 891 1662 quod
915 1586 945 1644 in
969 1583 1018 1644 illo
1042 1585 1237 1663 significatum
1261 1591 1319 1662 est3

308 1670 363 1732 sed
392 1690 451 1731 non
479 1671 549 1732 huie
577 1671 680 1744 stabit,
714 1674 782 1751 quia
808 1690 870 1732 non
898 1674 928 1732 in
959 1681 1112 1732 aeternum
1136 1674 1198 1751 ipse
1223 1672 1319 1732 iuerat

310 1769 504 1839 regnaturus,
536 1779 591 1820 nec
618 1762 775 1839 progenies
803 1763 884 1841 eius,
916 1768 949 1820 ut
976 1759 1079 1820 saltem
1106 1778 1160 1840 per
1183 1768 1319 1839 posteros

306 1848 436 1909 ‘aiterum
459 1847 544 1908 alteri
568 1849 762 1909 succedentes
791 1848 943 1909 videretur
965 1847 1082 1927 impleri
1105 1847 1184 1927 quod
1207 1848 1319 1910 dictum
1340 1860 1371 1909 15

308 1944 369 1997 est:
407 1937 445 1997 Iu
477 1944 643 1998 oeternum.
693 1937 733 1997 Et
763 1944 906 2018 quaeret,
938 1939 1052 2017 inquit,
1083 1937 1230 1997 Dominus
1261 1939 1321 1997 sibi

309 2027 474 2095 uominem5
502 2027 562 2085 sive
591 2023 680 2085 David
708 2027 769 2085 sive
797 2027 896 2104 ipsum
927 2024 1116 2085 Mediatosem
1150 2026 1318 2104 significans

309 2115 479 2173 testamenti
503 2115 586 2194 novi,
614 2115 664 2192 qui
688 2112 870 2191 figurabatur
892 2115 923 2172 in
946 2112 1104 2174 chrismate
1128 2115 1231 2194 etiam,
1260 2132 1319 2192 quo

311 2211 419 2261 unctus
451 2209 498 2261 est
529 2203 592 2280 ipse
625 2200 714 2262 David
747 2210 777 2263 et
807 2203 965 2280 progenies
997 2202 1070 2261 eius.
1122 2199 1188 2261 Non
1221 2209 1319 2262 autem

310 2292 394 2368 quasi
417 2291 530 2349 neseiat
552 2289 674 2370 ubisit,
697 2292 736 2350 ita
759 2289 816 2350 sibi
840 2288 988 2349 hominem
1013 2288 1092 2349 Dens
1115 2291 1243 2370 quaerit3
1266 2289 1318 2350 sed
1337 2303 1371 2351 20

308 2395 364 2456 per
395 2376 545 2437 hominem
575 2395 657 2437 more
686 2377 840 2439 hominum
870 2376 1015 2457 loquitur,
1047 2379 1116 2458 quia
1146 2386 1176 2438 et
1203 2380 1246 2437 sic
1276 2375 1317 2437 io·

311 2464 428 2544 quendo
451 2483 506 2524 nos
529 2468 653 2544 quaerit.
698 2463 763 2525 Non
787 2465 882 2526 solum
907 2469 985 2526 enim
1010 2464 1069 2525 Deo
1093 2464 1187 2547 Patri,
1215 2483 1318 2525 vesum

310 2555 366 2632 ipsi
399 2571 517 2632 quoque
550 2552 707 2632 Unigenito
740 2556 823 2635 eius,
862 2556 912 2632 qui
945 2556 1025 2614 venit
1058 2571 1201 2632 quaerere
1238 2552 1317 2632 quod

309 2643 448 2722 perierat,
469 2659 565 2720 usque
584 2641 656 2702 adeo
675 2645 733 2702 iam
752 2659 869 2701 eramus
893 2645 965 2716 noti,
988 2650 1021 2702 ut
1044 2643 1074 2702 in
1097 2645 1162 2722 ipso
1186 2658 1318 2703 essemus

310 2729 397 2789 electi
433 2737 501 2789 aute
538 2732 778 2791 constitutionem
815 2730 926 2790 mundi.
985 2731 1120 2802 Quaeret
1153 2732 1213 2792 sibi
1246 2748 1317 2809 ergo
1337 2743 1371 2791 25

307 2816 383 2877 dixit
405 2836 511 2897 „suum
529 2813 675 2879 habebit“.
721 2817 804 2879 Unde
823 2820 854 2878 in
873 2816 975 2878 Latina
994 2818 1092 2896 lingua
1115 2819 1172 2878 hoe
1194 2818 1318 2880 verbum

309 2908 416 2984 accipit
445 2909 694 2985 praepositionem
724 2914 755 2966 et
783 2900 963 2987 „adquirit“
990 2905 1115 2986 dieitun;
1145 2907 1223 2986 quod
1247 2910 1318 2968 satis

309 3004 445 3072 apertum
472 3004 519 3054 est
547 2994 617 3074 quid
645 2995 799 3074 significet.
846 2995 1029 3073 Quamquam
1056 3002 1087 3055 et
1114 2997 1178 3055 sine
1208 2995 1317 3056 addita-

309 3090 410 3142 mento
437 3085 664 3162 praepositionis
693 3101 836 3162 quaerere
863 3082 1053 3162 intellegatur
1079 3081 1250 3166 adquirere;
1282 3101 1319 3144 ex

308 3187 369 3248 quo
391 3169 474 3231 lucra
497 3179 639 3232 vocantur
663 3179 693 3231 et
716 3181 865 3250 quaestus.
967 3201 968 3204 ¹
1337 3184 1372 3233 30
1459 3197 1460 3200 ¹

380 3325 408 3388 6)
428 3327 452 3377 1.
472 3321 544 3374 Sam.
566 3327 607 3390 13,
627 3328 660 3377 13
680 3340 722 3390 sq.
758 3326 804 3390 24)
823 3323 869 3378 Lo.
890 3327 931 3391 19,
953 3327 993 3378 10.
1030 3325 1076 3391 tn)
1096 3322 1165 3392 Eph.
1188 3331 1211 3389 l,
1229 3328 1254 3380 4.

378 3539 412 3587 22
431 3549 528 3588 uerum
545 3551 613 3601 mum
632 3551 729 3590 verum
748 3537 835 3593 etium
852 3552 869 3592 tt
