3284 4459
335 476 401 541 538
741 488 943 531 saususmsu

335 628 404 703 igue
427 622 577 703 supplicii3
598 624 743 704 primum,
772 624 842 701 quie
864 621 974 684 dehent
996 622 1173 702 adtendere,
1196 640 1286 701 quam
1311 624 1353 683 sit

335 712 520 773 intolerabile
543 720 632 789 atquc
654 728 671 771 a
694 728 764 771 sana
782 709 917 771 doctrina
940 713 1029 771 nimis
1052 710 1181 790 derium,
1205 720 1238 771 ut
1262 710 1352 771 multi
1462 776 1463 783 q

336 820 371 861 ac
392 817 486 879 paene
508 817 626 879 omnes,
648 802 701 877 qui
722 798 862 859 haereses
886 801 990 878 impias
1013 798 1214 860 condiderunt
1236 816 1352 859 exeun-

334 897 382 949 tes
399 888 436 948 de
455 886 597 948 catholica
615 887 740 947 ecclesia
758 894 789 947 ct
806 886 877 947 lacti
900 895 971 947 sunl
988 886 1223 968 haeresiarchae,
1245 886 1351 947 melio-

299 986 318 1036 ὁ
335 994 385 1037 res
398 975 526 1037 habeant
538 993 651 1055 causas,
665 992 754 1054 quam
766 974 806 1055 hi,
819 976 872 1053 qui
887 992 1048 1053 numquam
1062 975 1186 1036 luerunt
1200 974 1351 1055 catholici,

335 1083 405 1125 cum
430 1066 463 1125 in
486 1081 591 1125 eorum
613 1063 735 1142 laqueos
756 1062 947 1143 incidissent,
980 1066 1006 1123 si
1029 1062 1095 1123 illos
1123 1062 1350 1125 haeresiarchas

335 1153 392 1214 hoc
410 1153 480 1214 lacit
498 1152 617 1212 liberari
635 1170 652 1212 a
670 1149 815 1231 supplicio
835 1152 1026 1233 sempiterno,
1049 1151 1128 1230 quod
1147 1154 1178 1211 in
1202 1150 1350 1211 catholica

336 1240 461 1301 ecclesia
483 1240 622 1320 baptizati
639 1246 710 1300 sunt
732 1249 763 1299 et
785 1248 1002 1299 sacramentum
1027 1241 1161 1319 corporis
1181 1238 1294 1301 Christi
1317 1242 1351 1300 in

335 1346 406 1389 vero
424 1328 539 1390 Christi
565 1346 691 1407 corpore
718 1329 857 1406 primitus
886 1334 1078 1407 acceperunt3
1108 1345 1177 1387 cum
1201 1330 1286 1406 peior
1309 1330 1352 1388 sit
1464 1370 1465 1373 ,

285 1428 317 1477 ιο
335 1420 440 1496 utique
458 1417 595 1477 desertor
611 1416 680 1476 lidei
698 1424 783 1476 etex
800 1414 955 1475 desertore
978 1424 1164 1495 oppugnator
1187 1418 1252 1475 eius
1276 1416 1350 1475 effe·

335 1515 403 1567 ctus
425 1522 514 1584 quam
536 1505 594 1584 ifle,
617 1506 669 1583 qui
692 1521 752 1564 non
770 1503 905 1563 deseruit
923 1502 1002 1582 quod
1021 1520 1081 1563 non
1104 1506 1215 1584 tenuit3
1238 1503 1351 1564 deinde

335 1596 404 1672 quia
435 1602 466 1653 et
497 1592 543 1653 his
576 1592 709 1653 occurrit
743 1590 894 1670 apostolus
932 1590 1035 1651 eadem
1067 1590 1157 1651 rerba
1189 1592 1351 1670 prolerens

335 1690 367 1741 et
392 1682 572 1741 enumeratis
600 1679 658 1740 illis
688 1682 786 1740 carnis
815 1677 957 1759 operibus
986 1679 1089 1740 eadem
1112 1682 1238 1741 veritato
1260 1697 1350 1759 pree·

335 1769 451 1829 dicens:
478 1770 626 1841 Quoniam
643 1771 790 1843 quitatio
808 1774 913 1843 ayunt,
935 1785 1064 1843 requiem
1087 1768 1147 1829 Det
1168 1784 1229 1829 nun
1249 1772 1350 1845 possi-

286 1867 318 1916 16
337 1858 458 1917 debunt.

411 1948 495 2010 Unde
517 1967 574 2009 nec
593 1949 637 2010 illi
655 1952 687 2009 in
705 1948 831 2028 perditis
850 1956 881 2009 et
899 1944 1114 2009 damnabilibus
1138 1943 1272 2005 moribus
1296 1944 1350 2005 de·

335 2031 408 2093 bcnt
438 2050 504 2092 esse
531 2033 647 2110 securi,
679 2033 732 2109 qui
759 2049 854 2110 usquc
883 2032 912 2092 in
940 2032 1029 2091 linem
1058 2030 1179 2109 quidem
1206 2032 1288 2093 velut
1316 2034 1350 2093 in

336 2122 544 2181 communione
576 2118 719 2179 ecclcsiae
750 2118 911 2179 catholicae
948 2126 1158 2202 perseverant,
1194 2122 1350 2181 intuentes

336 2207 415 2288 quod
439 2207 551 2269 dictum
574 2216 632 2267 est:
660 2209 720 2280 Qui
732 2210 980 2284 perseveraverit
1000 2224 1095 2282 usque
1117 2211 1150 2269 iu
1169 2211 1271 2282 finem,
1295 2212 1350 2270 bic

283 2310 317 2358 20
335 2301 437 2359 suiuus
454 2300 523 2371 erit,
545 2304 576 2357 et
593 2314 647 2375 per
669 2298 745 2357 ritae
768 2297 954 2373 iniquitatem
976 2296 1071 2375 ipsam
1093 2298 1169 2357 ritae
1191 2298 1348 2370 iustitiam,

337 2384 415 2465 quod
438 2387 483 2446 eis
501 2384 637 2446 Christus
659 2392 715 2465 est,
735 2384 888 2464 deserunt,
910 2385 972 2443 sire
995 2382 1168 2443 fornicando
1190 2385 1252 2445 sire
1275 2385 1350 2445 alias

335 2474 527 2535 inmunditias
545 2472 732 2552 flagitiorum,
755 2489 829 2550 quas
853 2489 909 2532 nec
932 2473 1098 2550 exprimere
1122 2471 1273 2551 apostolus
1296 2492 1348 2532 ro·

335 2561 399 2641 luit,
421 2564 452 2622 in
471 2580 526 2622 suo
544 2578 669 2640 corpure
691 2559 898 2641 perpetrando,
921 2562 982 2619 sive
1007 2560 1192 2639 turpitudine
1211 2559 1348 2621 luxuriae

336 2649 497 2710 dillluendo
525 2651 586 2709 sire
608 2647 717 2727 aliquid
740 2647 819 2708 aliud
839 2665 944 2708 eorum
962 2647 1085 2729 agendo,
1109 2648 1145 2708 de
1164 2648 1274 2726 quibus
1291 2650 1348 2710 ait:

283 2750 317 2797 us
341 2739 489 2809 Quoniam
510 2739 566 2812 qui
586 2739 662 2798 tatia
685 2743 793 2812 cpont,
820 2753 950 2812 aequum
972 2736 1033 2797 Dei
1053 2752 1113 2797 non
1132 2738 1348 2813 possidebunt;

337 2843 371 2884 ac
396 2843 452 2904 per
478 2823 553 2904 hoc,
580 2825 760 2903 quicumque
787 2832 878 2903 agunt
905 2823 986 2905 talia,
1018 2825 1075 2884 nisi
1103 2826 1133 2884 in
1162 2826 1346 2905 sempiterno

336 2912 480 2993 supplicio
500 2920 676 2993 nonerunt,
698 2915 766 2991 quia
784 2915 814 2973 in
835 2912 887 2971 bei
906 2929 998 2990 reguo
1022 2929 1088 2972 csse
1111 2930 1171 2972 nou
1194 2920 1347 2991 poterunt.

335 3001 370 3062 ln
388 3000 434 3061 his
452 3002 532 3061 enim
550 3000 767 3079 perseverando
790 3018 886 3079 usque
908 3002 939 3060 in
961 2999 1050 3060 huius
1073 3002 1149 3060 vitae
1172 3000 1261 3061 duem
1285 3019 1348 3063 non

334 3092 439 3168 ulique
470 3087 588 3149 dicendi
624 3096 695 3149 sunt
724 3091 755 3148 in
788 3087 906 3149 Christo
943 3105 1149 3167 perseverasse
1186 3106 1282 3167 usquc
1316 3092 1349 3151 in

283 3189 318 3240 80
335 3178 438 3259 finem,
466 3180 535 3256 quia
560 3178 591 3237 in
615 3175 731 3237 Christo
757 3194 950 3256 perseverare
978 3184 1025 3236 est
1055 3178 1086 3236 in
1109 3177 1175 3236 eius
1198 3175 1255 3237 lide
1278 3196 1349 3257 per-

336 3283 484 3347 severare3
506 3283 582 3344 quae
605 3265 692 3345 tides,
720 3273 753 3326 ut
775 3282 841 3324 eam
864 3264 967 3325 definit
989 3263 1068 3324 idem
1090 3264 1258 3344 apostolus,
1284 3285 1348 3343 per

336 3357 524 3416 dilectionem
546 3361 710 3430 operatam
732 3355 853 3414 dilectio
876 3362 989 3434 autem,
1018 3354 1096 3413 sicut
1118 3355 1182 3432 ipse
1204 3352 1275 3413 alibi
1302 3354 1348 3415 di·

407 3510 450 3576 ss)
469 3507 530 3562 usi.
550 3512 574 3573 s,
593 3511 636 3562 21.
673 3509 717 3573 ao)
737 3506 786 3560 mc
806 3511 849 3573 10,
868 3510 910 3560 aa.
947 3506 993 3574 aa)
1012 3502 1073 3559 sal.
1093 3510 1118 3573 s,
1137 3510 1162 3560 a.

336 3624 549 3635 —————-

405 3688 437 3736 11
461 3682 537 3748 quod
554 3698 611 3735 nou
629 3664 670 3735 12¹
689 3683 736 3748 (cf.
755 3686 894 3751 631,10);
917 3684 993 3751 quod
1010 3700 1164 3753 numquam
1182 3684 1256 3739 R'A
1273 3686 1347 3753 rell.;

333 3767 419 3820 quem
436 3767 589 3818 numquam
605 3769 623 3805 c
639 3754 649 3820 ΙΙ
667 3757 701 3804 22
720 3752 863 3820 apostolus
882 3754 1036 3822 exprimere
1054 3772 1070 3809 v
