3284 4459
540 557 581 598 on
595 540 806 598 emouendos
818 555 845 596 n.
858 553 921 598 εει.
936 555 960 598 e.
973 557 1006 598 u.
1219 538 1279 606 177

268 707 341 754 eum
371 697 402 752 et
427 692 464 752 im
493 691 718 751 militudinem
750 692 899 762 adduxit3
931 693 1016 752 cuius
1049 691 1281 772 similitudinem,

269 782 332 840 uisi
363 777 443 839 illius
474 778 553 838 undo
585 778 664 838 dicit·
690 777 859 858 apostolust'
891 781 951 853 Qui
975 782 1103 857 proprio
1128 783 1193 853 uitio
1221 797 1280 841 uon

268 869 418 947 pepercit,
439 869 496 928 sed
509 868 672 943 pro'noiris
689 864 827 929 omnibus
849 870 980 930 tradidit
997 871 1084 930 eum?
1120 867 1280 948 Propterea

271 964 304 1016 et
327 954 422 1036 isaac,
450 957 528 1015 sieut
551 954 693 1015 Dominus
720 971 840 1016 crucem
869 971 965 1036 suum,
992 959 1033 1017 ita
1059 953 1116 1017 sibi
1144 956 1221 1036 ligna
1245 956 1280 1016 ud

272 1047 409 1105 victimae
431 1042 543 1124 locum,
570 1042 679 1122 quibus
702 1045 799 1104 iuerat
821 1054 852 1104 et
874 1044 1073 1124 inponendus,
1097 1046 1159 1124 ipse
1183 1053 1315 1123 pontu-u

272 1135 324 1194 viu
375 1131 528 1194 Postremo
560 1134 638 1210 <puin⁴
658 1130 738 1191 isaac
769 1131 866 1192 occidi
893 1149 952 1192 non
980 1129 1150 1213 oportebat,'
1179 1142 1280 1211 postea

272 1237 364 1300 quam
386 1228 433 1280 est
450 1228 535 1299 puter
553 1220 642 1280 tenire
665 1215 841 1299 prohibitus,
866 1222 932 1298 quis
955 1229 1019 1280 oret
1042 1219 1092 1280 ille
1114 1223 1200 1300 aries,
1222 1237 1281 1298 quo

273 1307 424 1379 immolato
451 1307 606 1387 impletum
633 1316 679 1368 εει
701 1309 900 1387 significativo
917 1309 1058 1386 sunguine
1082 1304 1281 1368 sucrificium?

273 1397 386 1475 Nempe
415 1395 532 1475 quando
560 1413 628 1456 eum
659 1397 731 1457 vidit
757 1395 916 1476 Abraham,
949 1395 1088 1480 comibus
1115 1399 1145 1456 in
1173 1397 1280 1457 indice

274 1485 442 1546 tenebatur.
487 1483 561 1555 Quis
588 1498 659 1562 ergo
686 1483 736 1544 iiio
765 1483 959 1564 figurabatur,
988 1486 1044 1544 nisi
1072 1483 1174 1565 lesnes
1198 1493 1340 1564 unte-1o

273 1591 364 1652 quum
386 1571 597 1652 immolaretur,
619 1573 712 1650 spinis
735 1571 861 1632 Iudaicis
885 1568 1066 1632 cononatus?

365 1659 424 1720 Sed
447 1660 544 1720 divina
566 1675 621 1740 pec
642 1659 778 1739 angelum
802 1659 890 1720 verba
913 1661 1012 1739 potius
1035 1660 1195 1722 audiamus.
1234 1661 1282 1722 Ait

274 1751 385 1828 quippe
418 1750 579 1827 scripture:
618 1748 660 1808 Et
689 1751 826 1810 extendit
855 1751 1011 1810 Adranam
1044 1763 1165 1810 monum
1196 1767 1281 1810 suum

272 1855 395 1898 mucre
417 1840 621 1913 machaerum,
644 1843 680 1896 ut
699 1839 855 1898 occideret
873 1840 970 1910 filium
992 1855 1087 1898 suum.
1133 1838 1173 1898 Iit
1194 1851 1281 1898 oocu-

273 1929 323 1985 uit·
348 1927 431 1985 mum
461 1928 587 2000 unpeius
610 1925 732 1986 Domini
755 1919 796 1985 de
823 1930 907 1986 caclo
935 1933 966 1986 et
987 1927 1080 1986 dicit:
1108 1928 1282 1986 Abraham!
1303 1933 1342 1987 ιε’

277 2015 333 2074 Ille
346 2021 447 2073 nutum
461 2016 556 2074 dreit:
575 2013 658 2074 Ecce
670 2030 735 2088 epo.
772 2013 813 2073 Et
831 2017 924 2074 dicit:
947 2015 1013 2075 Non
1033 2017 1143 2075 inicias
1161 2031 1281 2074 manum

273 2111 359 2162 tuum
384 2118 478 2178 super
501 2117 644 2177 puerum,
672 2117 769 2176 neque
792 2100 900 2176 suctus·
922 2105 968 2162 illi
993 2105 1172 2177 quicquum
1200 2119 1282 2163 nunc

272 2193 356 2251 enim
378 2192 456 2250 sciui
472 2193 545 2265 quic
563 2193 647 2250 times
667 2190 763 2250 Deum
786 2197 878 2263 tuum,
902 2198 933 2250 et
953 2207 1013 2251 non
1031 2193 1199 2266 pepercisti
1217 2193 1281 2262 litio

273 2286 328 2339 tuo
356 2280 466 2338 dilecto
490 2286 618 2354 propter
644 2295 698 2338 mc.
749 2279 837 2338 Nunc
864 2281 941 2339 sciui
968 2278 1079 2338 dlotum
1108 2287 1153 2340 est
1179 2289 1281 2357 „nunc

274 2368 349 2426 sciri
368 2360 456 2446 ieci“;
479 2383 575 2444 neque
595 2367 673 2426 enim
693 2365 748 2425 hoc
771 2365 902 2426 nondum
922 2365 1033 2426 sciebat
1052 2365 1138 2426 Deus.
1172 2364 1281 2425 Deinde
1301 2379 1337 2427 20

273 2456 370 2515 ariete
389 2453 439 2514 iilo
457 2453 606 2515 immolato
626 2471 680 2533 pro
698 2453 778 2514 Isaeo
801 2453 861 2514 snio
884 2472 938 2514 suo
962 2456 1088 2529 uocauit,
1111 2462 1144 2513 ut
1166 2453 1283 2532 legitur,

276 2543 433 2604 Abraham
464 2558 571 2604 nomen
603 2544 664 2603 toci
693 2537 788 2603 iilius:
820 2543 966 2603 Dominus
995 2544 1086 2612 uidit;
1116 2548 1150 2601 ut
1178 2543 1284 2602 dicant

273 2633 382 2692 hodie:
409 2631 448 2691 In
474 2640 574 2692 monte
600 2631 745 2692 Dominus
772 2634 925 2707 apparuit.
972 2629 1055 2690 Siout
1083 2627 1194 2689 dictum
1225 2637 1283 2690 est:

277 2719 368 2779 Nunc
399 2722 490 2791 sciui,
522 2736 577 2797 pro
609 2736 645 2779 eo
675 2717 753 2797 quod
787 2728 833 2778 est
861 2737 940 2778 nunc
968 2719 1038 2778 sciri
1066 2717 1135 2778 ieci:
1168 2719 1207 2777 ita
1235 2717 1283 2777 hic

274 2807 424 2868 Dominus
446 2809 537 2875 uidit,
568 2824 622 2886 pro
650 2825 685 2865 eo
713 2805 792 2884 quod
815 2815 861 2866 est
884 2805 1026 2866 Dominus
1050 2807 1200 2886 apparuit,
1227 2805 1283 2865 hoc
1302 2819 1336 2866 ιε

274 2903 324 2954 est
347 2893 440 2955 videri
463 2913 495 2954 se
519 2895 597 2954 iecit.
642 2894 682 2954 Et
703 2888 822 2957 uocauit
844 2897 970 2969 unpetus
989 2895 1110 2954 Domini
1128 2895 1283 2954 Abraham

273 2985 412 3044 secundo
441 2984 480 3042 de
508 2986 594 3044 coelo
621 2985 740 3043 dicens:
772 2983 834 3043 Per
864 2999 912 3042 me
941 2985 1035 3058 ipsum
1063 2985 1177 3058 iuravi,
1211 2985 1285 3042 dicit
1323 3025 1334 3066 ·.

279 3071 434 3144 Dominus,
453 3076 581 3148 propter
598 3073 680 3145 quod
693 3068 799 3144 fecisti
819 3072 942 3130 uerbum
965 3071 1022 3130 icoc
1045 3077 1075 3130 et
1097 3087 1158 3130 uon
1175 3088 1284 3148 peper-

274 3161 350 3219 cisti
367 3161 433 3232 filio
461 3166 511 3219 ino
535 3161 643 3220 dilecto
668 3166 796 3234 propter
823 3175 882 3238 me,
913 3161 974 3218 nisi
995 3159 1174 3218 benedicens
1198 3160 1283 3218 bene-

179 3312 180 3317 *
273 3247 380 3316 dicum
403 3253 446 3318 tc,
475 3254 505 3307 et
530 3249 733 3322 multiplicans
754 3247 958 3322 multiplicabo
980 3263 1081 3306 semen
1095 3253 1187 3332 tuum
1211 3254 1283 3306 turn·
1303 3257 1337 3306 30

179 3408 180 3417 ἵ
272 3351 370 3410 quum
400 3331 502 3396 stultus
533 3337 614 3394 cneii
650 3341 679 3395 et
711 3342 863 3408 tunquam
898 3336 1059 3412 murenam,
1091 3351 1170 3408 quac
1197 3336 1284 3394 iuxta

178 4072 186 4158 k

349 3453 377 3519 3)
396 3450 475 3504 Rom.
494 3454 519 3516 8,
538 3455 580 3506 32.

353 3579 365 3624 1
381 3574 412 3625 ei
425 3588 476 3624 oni.
491 3587 526 3640 ep
539 3572 548 3638 ΙΙ
563 3576 578 3622 2
592 3571 730 3623 undenos
740 3572 884 3637 (181,12);
900 3569 934 3622 de
949 3585 1029 3638 quou
1043 3571 1052 3638 ΙΙ
1066 3569 1141 3621 idem
1155 3569 1244 3636 uposi.
1254 3569 1289 3637 cii

273 3647 296 3696 3
310 3641 393 3694 illum
406 3659 445 3696 uu
458 3644 467 3711 ΙΙ
481 3643 535 3694 bet
552 3640 608 3706 V¹;
621 3657 672 3695 oin.
682 3641 765 3694 relic
778 3643 787 3709 ΙΙ
802 3645 833 3692 11
845 3640 964 3693 iudaicis
976 3640 1137 3709 RAD’ppu3
1151 3637 1242 3692 iudeis
1256 3641 1287 3705 Vi

272 3729 298 3766 a
315 3712 426 3773 inducie
444 3711 515 3766 ab'e
532 3714 541 3780 ΙΙ
561 3715 593 3764 18
612 3714 693 3764 inum
713 3711 920 3780 VRAanep
939 3718 970 3765 ui
990 3712 1083 3782 Oppm
1102 3710 1134 3778 tu
1150 3709 1220 3780 Fpu
1238 3727 1287 3764 sec.

275 3783 359 3839 Alex.
373 3786 431 3852 §123
450 3783 522 3836 dom.
542 3798 606 3851 upp.
624 3782 655 3834 in
673 3784 768 3835 monte
784 3784 830 3850 Vll
845 3785 876 3834 Ἡ
896 3797 940 3834 me
957 3779 1168 3850 ricuinum
1186 3781 1289 3834 memet

276 3854 449 3981 igipgbpv
467 3855 479 3923 i
498 3858 532 3907 30
555 3852 628 3907 sicut
650 3852 746 3907 niellus
769 3869 785 3905 u
805 3854 814 3921 ΙΙ
836 3857 868 3904 31
892 3866 964 3920 quae
985 3850 1126 3919 VRFW
1146 3865 1223 3933 quae
1247 3851 1290 3903 esi

272 3975 275 3979 .
346 3943 365 3979 a
391 3942 424 3979 eu

333 4033 391 4063 nuo.
405 4033 437 4064 nn
451 4032 497 4064 σεε.
511 4032 560 4063 υιι.
582 4023 613 4062 11.
1045 4010 1076 4058 12
