3284 4459
338 499 404 563 202
736 512 937 558 uaueusrnu

338 647 412 728 illic,
440 648 519 727 quod
543 649 579 709 ad
602 648 786 711 Hierusalem
816 657 965 711 terrenam
989 658 1103 712 tantum
1125 652 1285 730 pertineat,
1313 651 1349 731 si,

339 736 482 816 quidquid
505 737 546 798 ibi
570 737 606 797 de
630 737 678 798 illa
707 738 753 797 vel
776 747 899 817 propter
922 737 1000 799 illam
1023 739 1133 799 dicitur
1156 747 1244 817 atque
1267 755 1347 799 com·

338 824 450 905 pietur,
478 827 623 904 significat
650 826 774 906 aliquid,
801 825 991 906 quodetiam
1016 827 1052 888 ad
1075 825 1259 888 Hierusalem
1283 843 1349 888 cae·

338 913 443 974 lestem
466 912 622 993 allegorica
644 916 893 994 praefiguratione
916 915 1075 994 reseratum
1099 914 1151 976 sed
1175 923 1263 976 erunt
1286 915 1349 976 sola

303 1000 398 1062 tduo
421 1020 542 1083 genera,
573 1020 665 1063 canum
689 1003 768 1083 quod
791 1002 826 1062 ad
851 1002 1035 1064 Hierusalem
1059 1003 1194 1077 liberam,
1222 1003 1348 1065 alterurn

339 1088 418 1168 qnod
447 1090 483 1150 ad
512 1099 670 1170 utramque
698 1093 854 1171 pertineat.
899 1089 970 1152 Mihi
999 1101 1098 1154 autem
1121 1093 1199 1152 sicut
1222 1091 1348 1154 multum

338 1177 476 1240 ridentur
504 1197 618 1258 errare,
647 1182 698 1257 qui
725 1178 820 1240 nullas
849 1197 897 1240 res
925 1188 1023 1259 gestas
1050 1182 1082 1241 in
1110 1198 1145 1240 eo
1168 1197 1278 1259 genere
1301 1179 1348 1241 lit-

338 1273 469 1327 terarum
502 1266 611 1345 aliquid
641 1266 719 1328 aliud
747 1277 866 1347 praeter
893 1267 939 1349 id,
971 1268 1050 1348 quod
1079 1285 1114 1328 eo
1137 1267 1225 1328 modo
1248 1277 1348 1348 gestae

338 1362 417 1435 sunt,
440 1356 606 1434 significare
626 1356 816 1437 arbitrantur,
839 1358 879 1416 ita
898 1355 1024 1417 multum
1048 1357 1166 1436 audere,
1190 1359 1240 1435 qui
1263 1374 1348 1436 pror·

287 1457 320 1504 ao
339 1459 392 1504 sns
423 1441 465 1503 ibi
496 1446 594 1504 omnia
626 1443 890 1524 significationibus
923 1445 1087 1524 allegoricis
1118 1444 1248 1506 involuta
1281 1463 1348 1506 esse

340 1530 531 1593 contendunt.
569 1531 638 1592 ldeo
661 1535 818 1614 tripertita,
841 1549 900 1594 non
924 1532 1063 1613 bipertita
1086 1551 1151 1594 esse
1175 1533 1243 1594 dixi.
1284 1532 1348 1593 Hoc

340 1621 420 1679 euim
439 1621 584 1700 existimo,
607 1629 785 1681 nontamen
808 1619 932 1700 culpans
954 1640 1015 1703 eos,
1038 1624 1089 1700 qui
1112 1624 1265 1701 potuerint
1287 1620 1348 1682 lilio

338 1707 376 1768 de
407 1725 594 1787 quacumque
626 1727 660 1770 re
691 1719 774 1788 gesta
806 1727 927 1770 sensum
960 1709 1176 1789 intellegentiae
1207 1709 1348 1790 spiritalis

338 1795 525 1876 exsculpere,
558 1805 671 1858 serrata
702 1797 853 1858 dumtaxat
878 1799 1016 1877 primitus
1043 1797 1184 1860 historiae
1213 1801 1348 1860 veritate.

286 1901 319 1947 15
339 1883 478 1944 Ceterum
501 1902 576 1963 quae
599 1887 640 1945 ita
663 1885 812 1966 dicuntur,
835 1894 869 1947 ut
891 1885 982 1947 rebus
1004 1885 1175 1947 humanitus
1198 1904 1251 1948 seu
1275 1887 1348 1947 diri·

339 1974 420 2033 nitus
452 1975 543 2051 gestis
575 1975 636 2033 sire
669 1974 807 2052 gerendis
840 1977 998 2035 convenire
1028 1992 1087 2036 uon
1120 1977 1249 2057 possint,
1279 1978 1348 2053 quis

338 2059 432 2121 tidelis
455 2059 571 2122 dubitet
599 2079 658 2122 non
687 2079 753 2122 esse
775 2065 904 2124 inaniter
927 2058 1025 2122 dicta?
1075 2062 1148 2133 Quis
1171 2081 1205 2124 aa
1229 2081 1288 2124 non
1311 2063 1347 2124 ad

337 2146 568 2228 intellegentiam
591 2149 752 2229 spiritalem
775 2159 904 2233 revocet,
927 2153 952 2211 si
976 2152 1079 2233 possit,
1101 2161 1151 2212 aut
1175 2151 1211 2212 ab
1235 2169 1271 2212 eo
1294 2154 1348 2231 qui

337 2244 436 2315 potest
460 2237 623 2298 revocanda
647 2256 713 2299 esse
736 2235 885 2300 latentur?

284 2501 319 2550 ao
745 2479 861 2547 uapor
883 2482 940 2548 IV.

338 2609 385 2668 De
404 2612 619 2685 praefigurata
643 2613 874 2670 commutatione
893 2610 1058 2672 Israelitici
1081 2614 1172 2687 regni
1193 2619 1223 2672 et
1243 2630 1347 2674 cucer-

357 2698 433 2757 dotr'r'
454 2705 484 2757 et
506 2700 544 2758 de
566 2699 621 2772 leis,
644 2715 724 2772 quae
745 2699 844 2773 Anna,
867 2705 966 2759 mater
988 2700 1145 2773 Samuelis,
1164 2717 1330 2777 personum

592 2803 703 2868 gerens
725 2789 874 2847 ecclesiae
892 2789 1093 2864 prophetavit.

267 2975 273 2988 .
429 2926 596 2988 Procursus
618 2928 710 3005 igitur
733 2928 859 2988 civitatis
877 2927 931 2989 Hei
953 2927 1005 2988 arbi
1027 2931 1162 3008 pervenit
1185 2928 1220 2990 ad
1244 2948 1348 3010 regum

284 3027 319 3077 25
338 3023 486 3094 tempora,
513 3012 631 3093 quando
658 3013 747 3074 David
772 3014 859 3075 Saule
887 3015 1045 3096 reprobato
1072 3020 1113 3078 ita
1141 3035 1265 3097 regnum
1287 3022 1348 3099 pri-

338 3122 405 3166 mus
424 3102 562 3183 obtinuit,
584 3111 618 3163 ut
636 3103 702 3164 eius
720 3102 826 3164 deiude
845 3107 957 3182 posteri
974 3107 1006 3166 in
1025 3115 1143 3167 terrena
1163 3106 1348 3168 Hierusalem

338 3192 479 3254 diuturna
508 3192 697 3252 successione
727 3199 902 3272 regnarent,
932 3191 1012 3254 dedit
1038 3193 1176 3275 liguram,
1202 3212 1236 3256 re
1265 3205 1348 3274 gesta

338 3281 508 3359 significans
531 3287 619 3358 atque
642 3282 868 3359 praenuntians,
899 3281 976 3359 quod
1001 3291 1129 3344 nonest
1156 3291 1347 3363 praetereun-

338 3368 409 3429 dum
433 3368 564 3448 silentio,
592 3367 629 3427 de
652 3385 754 3428 rernm
777 3371 939 3430 mutatione
963 3368 1144 3451 suturarum,
1164 3371 1251 3450 ,quod
1274 3371 1347 3432 adti-

285 3469 319 3518 30
339 3464 390 3517 uet
413 3456 448 3516 ad
472 3455 530 3516 duo
554 3464 743 3536 testamenta,
766 3465 852 3516 vetus
874 3465 905 3516 et
927 3475 1051 3540 novum,
1075 3457 1126 3520 ubi
1149 3459 1347 3520 sacerdotium

339 3562 522 3624 regnumque
537 3551 683 3604 mutatum
698 3551 744 3605 est
764 3562 818 3623 per
838 3543 1021 3606 sacerdotem
1040 3547 1226 3627 eundemque
1246 3566 1347 3628 regem

409 3741 612 3838 wmmB
706 3743 790 3762 A!
