3284 4459
339 482 404 547 570
736 496 758 536 s.
772 495 938 537 anensem

338 633 434 709 gressi
456 639 527 691 sunt
548 630 669 710 medici,
691 640 834 710 parantur
856 634 954 690 omnia
977 648 1051 709 quae
1074 630 1148 691 hora
1171 630 1220 690 ilia
1242 650 1349 710 posce·

338 717 398 800 bat,
419 718 572 779 tremenda
599 719 777 780 ferramenta
799 719 994 798 proferuntur
1016 719 1156 779 adtonitis
1179 723 1349 798 suspensis·

338 826 397 886 que
420 805 566 867 omnibus.
610 805 662 867 Eis
684 817 799 882 autern,
823 825 949 886 quorum
973 818 1037 867 erat
1059 810 1153 867 mmor
1176 810 1350 889 auctoritas

338 895 488 955 deiectum
524 896 612 955 animi
649 898 714 956 eius
749 895 928 956 consolando
960 894 1144 975 erigentibus
1173 896 1210 957 ad
1240 914 1349 957 manus

302 985 451 1049 sseotnri
479 982 611 1043 membra
637 985 668 1044 in
697 983 807 1045 iectuio
835 994 1065 1065 componuntur,
1092 983 1248 1045 solvuntur
1276 985 1349 1045 nodi

337 1071 577 1153 ligamentorum,
604 1071 733 1132 nudatur
760 1072 859 1152 locus,
885 1075 1006 1152 inspicit
1034 1072 1168 1133 medicus
1191 1082 1221 1133 et
1244 1092 1348 1134 secan·

337 1159 409 1220 dnm
431 1159 514 1220 iilum
537 1163 634 1219 sinum
658 1170 788 1221 armatus
810 1169 898 1239 atque
922 1163 1053 1221 intentus
1077 1162 1209 1239 inquirit.
1256 1162 1347 1222 Seru-

337 1258 419 1309 tatur
440 1248 535 1309 oculis
558 1248 716 1327 digitisque
745 1256 925 1329 contrectat,
953 1259 1076 1328 temptat
1098 1248 1227 1328 denique
1250 1250 1349 1311 modis

337 1335 491 1397 omnibus:
517 1368 555 1379 -
579 1339 692 1396 invenit
708 1338 907 1397 firmissimam
930 1339 1107 1398 cicatricem.
1151 1337 1213 1397 iam
1235 1338 1348 1399 laetitia

286 1442 320 1490 ιο
338 1425 386 1485 illa
415 1434 447 1485 et
475 1423 539 1485 laus
566 1433 654 1503 atque
683 1428 845 1503 gratiarum
877 1427 952 1486 actio
980 1426 1166 1487 misericordi
1193 1437 1223 1487 et
1252 1430 1347 1487 omni·

337 1516 453 1593 potenti
484 1512 563 1593 Deo,
595 1531 669 1591 quae
702 1514 766 1574 insa
798 1524 845 1573 est
874 1531 926 1574 ore
958 1516 1090 1574 omnium
1121 1513 1347 1577 lacrimantibus

337 1601 460 1681 gaudiis,
483 1619 543 1661 non
561 1610 608 1661 est
625 1601 834 1661 committenda
852 1603 927 1661 meis
944 1601 1056 1682 verbis3
1079 1605 1227 1681 cogitetur
1245 1608 1348 1684 potius

337 1707 426 1769 quam
449 1690 573 1749 dicatur.
1293 1698 1296 1702 “

425 1777 460 1837 in
491 1776 593 1836 eadem
626 1776 801 1855 Carthagine
833 1777 1019 1859 innocentia,
1050 1778 1271 1859 religiosissima
1304 1784 1347 1842 ie·

286 1883 319 1931 15
337 1868 433 1946 urina,
460 1865 497 1926 de
523 1867 672 1943 primariis
699 1868 793 1944 ipsius
820 1868 962 1947 civitatis,
991 1870 1023 1928 iu
1050 1868 1176 1929 mamilia
1204 1888 1347 1931 cancrum

337 1953 476 2035 habebat,
508 1971 585 2034 rem,
617 1956 695 2014 siout
725 1953 833 2014 medici
860 1954 977 2035 dicunt,
1007 1955 1096 2017 nuliis
1122 1957 1347 2020 medicamentis

338 2042 506 2103 sanabilem.
551 2044 611 2102 hut
632 2060 703 2120 ergo
721 2042 853 2121 praecidi
876 2042 951 2103 soiet
974 2055 1004 2103 et
1026 2062 1042 2104 a
1065 2063 1190 2125 corpore
1214 2051 1347 2125 separari

338 2131 504 2191 membrum
534 2130 586 2191 ubi
615 2132 759 2211 nascitur,
786 2141 852 2211 aut,
880 2141 914 2192 ut
940 2132 1088 2210 aliquanto
1116 2134 1228 2195 diutius
1255 2136 1345 2196 homo

338 2224 429 2300 vivat,
456 2229 554 2279 tamen
581 2218 650 2279 inde
678 2229 773 2279 morte
796 2218 957 2297 quamlibet
980 2221 1092 2281 tardius
1109 2222 1268 2305 adiutura,
1299 2243 1345 2284 se-

284 2320 319 2370 20
339 2309 469 2370 cundum
487 2307 673 2387 Hippocratis
694 2317 728 2367 nt
750 2308 851 2367 ierunt
873 2312 1049 2370 sententiam
1072 2314 1167 2371 oannis
1190 2321 1237 2372 est
1259 2316 1344 2373 omit·

337 2397 426 2458 tenda
456 2399 578 2459 curatio.
623 2395 686 2456 Hoc
712 2395 761 2455 iila
789 2414 805 2455 a
835 2398 931 2475 perito
959 2398 1073 2458 medico
1096 2409 1127 2460 et
1149 2417 1220 2460 suae
1242 2400 1346 2462 domui

338 2486 564 2547 familiarissimo
583 2493 737 2562 acceperat
753 2494 785 2543 et
802 2485 839 2545 ad
858 2484 953 2545 solum
972 2485 1065 2546 Deum
1085 2506 1116 2547 se
1140 2488 1250 2549 orando
1274 2508 1345 2549 con-

338 2585 475 2635 verterat.
519 2573 702 2633 Admonetur
729 2574 760 2632 in
784 2576 895 2633 somnis
918 2576 1134 2653 propinquante
1157 2577 1283 2658 Pascha,
1311 2588 1346 2639 ut

336 2665 369 2722 in
391 2672 475 2741 parte
498 2663 673 2721 feminarum
696 2660 865 2722 observanti
887 2662 923 2722 ad
946 2661 1161 2747 baptisterium,
1184 2685 1345 2744 quaecum·

285 2763 319 2810 25
338 2768 396 2828 que
423 2749 466 2809 illi
492 2748 636 2825 baptizata
656 2751 795 2826 primitus
818 2753 1014 2825 occurrisset,
1042 2754 1172 2827 signaret
1194 2756 1222 2814 ei
1244 2754 1345 2816 locum

337 2841 421 2915 signo
440 2839 558 2899 Christi.
600 2840 692 2915 Fecit,
713 2838 785 2918 <et>
808 2841 964 2900 confestim
986 2844 1096 2902 sanitas
1116 2851 1274 2903 consecuta
1290 2854 1345 2905 est.

336 2925 468 2986 Medicus
487 2943 566 3004 sane,
589 2926 640 3004 qui
658 2927 686 2984 ei
708 2923 823 2986 dixerat
847 2936 879 2987 ut
902 2926 974 2987 nihii
997 2930 1158 2990 curationis
1181 2930 1345 3012 adhiberet,

337 3017 363 3075 si
386 3013 472 3092 paulo
491 3013 602 3072 diutius
625 3012 711 3073 veliet
733 3016 841 3094 rivere,
864 3033 932 3076 curn
955 3018 1132 3095 inspexisset
1154 3037 1218 3079 eam
1241 3030 1345 3099 postea

338 3112 369 3163 et
395 3103 578 3161 sanissimam
601 3103 807 3182 comperisset,
835 3122 922 3181 quatu
949 3107 1032 3183 prius
1055 3105 1164 3166 habere
1186 3107 1257 3167 ittud
1283 3127 1346 3169 ma-

285 3205 320 3254 tto
338 3190 400 3250 ium
423 3189 473 3250 taii
496 3191 679 3266 inspectione
698 3200 883 3269 cognoverat,
906 3195 1050 3269 quaesivit
1071 3194 1107 3254 ab
1131 3214 1164 3255 ea
1188 3196 1345 3257 vehemen-

338 3287 385 3340 ter
395 3276 467 3353 quid
481 3276 665 3338 adhibuisset
677 3276 891 3359 <curationis>,
910 3284 1043 3360 cupiens,
1057 3293 1199 3361 quantum
1212 3285 1345 3365 intellegi

338 3367 433 3446 datur,
456 3382 543 3426 nosse
563 3364 817 3439 medicamentum,
840 3383 898 3443 quo
918 3366 1104 3446 llippoeratis
1127 3371 1258 3432 definitio
1282 3376 1345 3434 un-

338 3464 466 3515 ceretur.
512 3452 646 3531 Cumque
663 3450 700 3510 ab
724 3470 758 3511 ea
780 3454 851 3530 quid
875 3454 984 3515 iactum
1007 3467 1087 3518 esset
1109 3459 1249 3540 audisset,
1272 3480 1346 3523 voce

330 3566 545 3576 -.———

404 3620 437 3667 22
456 3630 621 3683 responsum
639 3630 732 3683 accep.
747 3622 789 3667 'to
801 3615 811 3682 ΙΙ
826 3619 859 3667 23
873 3614 1023 3683 propinqu.
1039 3616 1186 3684 RAobep
1204 3616 1244 3671 ed.
1256 3619 1351 3685 princ.

334 3688 415 3752 (495,
437 3688 481 3752 5);
509 3701 624 3753 approp.
651 3685 742 3752 erqo
760 3686 769 3750 ΙΙ
788 3688 822 3736 26
850 3684 922 3738 conf.
946 3687 1106 3756 RAaeyp3
1135 3690 1165 3740 et
1190 3687 1262 3741 conf.
1290 3690 1351 3755 Go3

332 3756 368 3820 cf.
383 3758 495 3820 576,11
510 3759 566 3824 1131
587 3754 739 3808 curationis
754 3755 782 3808 R
795 3755 836 3808 ed.
848 3756 955 3821 prtum
968 3772 1019 3810 om.
1034 3759 1117 3812 AG*¹
1131 3758 1188 3812 rell.
1203 3776 1235 3825 u;
1253 3764 1319 3827 576,
1334 3765 1352 3817 5

330 4075 500 4145 A
