3284 4459
542 495 583 536 on
597 494 738 536 muratas
752 495 806 534 una
818 495 845 536 o.
859 495 947 537 xvna
961 495 983 537 o.
996 497 1016 537 a.
1223 481 1290 547 265

281 629 440 691 suetudine
468 645 502 690 ao
530 631 741 708 superstitione
770 628 959 690 Graecorum.
1005 628 1038 690 ln
1065 627 1173 709 quihus
1196 627 1289 691 Criasi

280 721 362 797 regis
394 719 502 778 ooniux
525 715 727 777 hlelantomioe
761 725 791 777 et
820 716 954 778 Phorbas
981 717 1059 779 lilius
1086 736 1206 792 eorum,
1238 723 1290 797 qui

280 816 350 885 post
371 814 486 886 patrem
513 824 566 865 rex
589 807 763 884 Argivorum
797 815 898 866 sextus
922 806 990 886 luit,
1018 815 1048 866 et
1070 808 1188 885 septimi
1210 809 1290 885 regis

281 894 409 974 Triopae
437 893 514 954 filius
537 893 619 953 lasus
647 901 678 953 et
705 911 758 954 rex
781 912 878 954 nonus
901 893 1056 954 Sthenelus
1079 896 1140 955 sive
1165 893 1288 955 Sthene-

281 983 347 1043 leus
376 985 436 1043 sive
460 981 634 1062 Sthenelus,
666 984 745 1042 varie
773 984 882 1061 quippe
911 985 941 1042 in
969 982 1094 1043 diversis
1116 982 1324 1044 auotorthust

281 1073 440 1132 invenitur.
485 1070 538 1130 llis
569 1069 750 1148 temporibus
784 1073 872 1130 etiarn
900 1070 1066 1131 Mercurius
1098 1072 1190 1131 luisse
1222 1088 1288 1149 per·

281 1159 410 1239 hibetur,
429 1177 521 1238 nepos
539 1159 664 1219 Atlantis
687 1177 723 1218 ex
742 1157 814 1219 Maia
830 1159 897 1240 lilia,
916 1158 994 1237 quod
1008 1159 1186 1238 vulgatiores
1201 1162 1290 1220 etiam

282 1248 398 1308 litterae
417 1255 584 1326 personant.
621 1245 779 1308 Multarum
798 1255 897 1306 autem
915 1249 1023 1308 artium
1041 1249 1155 1327 peritus
1175 1247 1289 1328 olaruit,

283 1354 357 1414 quas
385 1345 416 1395 et
444 1333 613 1395 hominihus
643 1334 776 1415 tradidit3
806 1354 865 1414 quo
894 1338 999 1396 merito
1029 1353 1098 1396 eum
1121 1344 1189 1415 post
1211 1353 1288 1396 mor-

282 1433 343 1484 tem
367 1423 455 1483 deum
479 1441 544 1483 esse
568 1422 726 1483 voluerunt
748 1425 808 1483 sire
831 1425 921 1484 etiam
943 1422 1142 1484 erediderunt.
1187 1423 1342 1486 Poste-10

283 1514 346 1572 rior
375 1511 466 1572 luisse
494 1510 637 1572 llerenles
664 1510 788 1592 dieitur,
820 1511 856 1572 ad
883 1529 918 1572 ea
946 1520 1043 1573 tamen
1066 1520 1200 1592 tempora
1222 1530 1289 1592 per·

283 1603 382 1660 linens
407 1600 594 1680 Argivorum,
623 1601 755 1678 quamvis
783 1600 917 1660 nonnulli
944 1618 1012 1661 eum
1035 1599 1183 1661 blerourio
1206 1618 1289 1680 prae·

284 1689 382 1750 ferant
401 1697 543 1768 tempore,
561 1705 636 1766 quos
656 1686 715 1748 lalli
734 1689 879 1749 existimo.
925 1687 984 1749 Sed
1002 1687 1134 1767 quolibet
1158 1697 1289 1768 tempore

283 1779 345 1838 nati
373 1778 447 1857 sint,
475 1785 591 1838 constat
620 1778 698 1836 inter
721 1776 879 1836 historicos
901 1794 1018 1856 graves,
1045 1779 1098 1856 qui
1120 1777 1193 1840 haee
1215 1780 1288 1838 anti·

284 1883 342 1944 qua
365 1864 474 1926 litteris
497 1863 722 1945 mandaverunt,
745 1862 847 1925 ambos
870 1864 1004 1924 homines
1028 1865 1135 1946 luisse,
1158 1873 1188 1926 et
1210 1866 1288 1944 quod
1310 1878 1343 1927 15

284 1953 458 2015 mortalibus
481 1953 517 2014 ad
540 1955 625 2014 istam
646 1955 733 2013 vitam
756 1952 939 2013 eommodius
961 1952 1126 2013 ducendam
1148 1952 1291 2014 henelioia

283 2042 375 2102 multa
390 2040 580 2122 contulerint,
598 2040 727 2102 honores
739 2038 776 2100 ah
790 2043 834 2100 eis
848 2042 993 2102 meruisse
1007 2041 1129 2101 divinos.
1160 2041 1290 2103 Minerva

283 2148 353 2190 vero
384 2129 469 2208 longe
500 2129 546 2188 his
574 2130 736 2209 antiquior3
765 2146 834 2189 nam
860 2127 1043 2208 temporibus
1067 2127 1159 2208 Ogygi
1187 2130 1222 2190 ad
1250 2130 1290 2192 la·

284 2236 365 2298 cum,
394 2220 446 2296 qui
468 2216 599 2278 Tritonis
623 2217 745 2298 dicitur,
773 2216 907 2296 virginali
930 2220 1102 2296 apparuisse
1125 2217 1220 2278 iertur
1242 2237 1289 2279 ae·

284 2315 362 2382 tate,
395 2306 473 2367 unde
505 2314 536 2366 et
567 2305 700 2366 Tritonia
731 2314 900 2385 nuncupata
933 2314 990 2386 est;
1022 2304 1185 2367 multorum
1218 2324 1288 2367 sane
1308 2320 1343 2369 20

284 2413 408 2474 operum
435 2395 582 2455 inventrix
611 2403 641 2454 et
668 2401 749 2455 tanto
772 2393 932 2475 proclivius
954 2393 1009 2454 dea
1032 2393 1158 2475 eredita,
1180 2403 1290 2473 quanto

285 2486 383 2546 minus
413 2485 495 2561 origo
527 2484 591 2542 eius
622 2484 759 2546 innotuit.
805 2480 890 2553 Quod
919 2484 997 2543 enim
1025 2481 1061 2542 de
1089 2485 1184 2562 eapite
1214 2482 1290 2544 lovis

284 2580 352 2632 nata
384 2573 517 2650 canitur,
548 2571 645 2650 poetis
674 2579 704 2631 et
733 2569 857 2650 sabulis,
888 2588 949 2630 non
978 2571 1117 2631 historiae
1140 2570 1290 2649 rebusque

284 2661 376 2739 gestis
399 2667 444 2720 est
466 2657 679 2738 adplicandum.
734 2658 917 2737 Quamquam
945 2657 1064 2738 Ogygus
1086 2661 1149 2738 ipse
1173 2659 1289 2738 quando

285 2748 387 2827 suerit,
415 2749 500 2808 euius
529 2745 712 2826 temporibus
739 2749 827 2808 etiam
854 2747 997 2808 diluvium
1019 2765 1157 2827 magnum
1180 2749 1290 2808 laetum
1308 2759 1343 2808 25

284 2845 339 2913 est,
356 2852 416 2896 non
429 2832 502 2894 illud
516 2836 686 2911 maximum,
700 2834 731 2894 in
746 2851 803 2911 quo
818 2832 893 2893 nulli
905 2833 1041 2894 homines
1056 2843 1221 2912 evaserunt,
1233 2837 1291 2896 nisi

284 2925 336 3001 qui
368 2924 399 2983 in
431 2939 498 2982 area
530 2938 595 2981 esse
623 2929 801 3001 potuerunt,
833 2920 913 2999 quod
940 2924 1072 3000 gentium
1102 2941 1157 2982 neo
1180 2921 1291 2985 (iraeoa

284 3029 340 3072 neo
363 3009 466 3070 Latina
494 3010 575 3069 novit
597 3008 733 3091 historia,
760 3009 811 3069 sed
840 3018 938 3070 tamen
962 3013 1055 3070 maius
1078 3028 1165 3088 quam
1188 3019 1291 3092 postea

284 3108 419 3178 tempore
442 3095 628 3158 Deucalionis
658 3097 726 3178 suit,
758 3098 836 3158 inter
866 3100 1028 3179 scriptores
1059 3097 1200 3159 historiae
1230 3118 1290 3161 non

284 3189 430 3248 convenit.
483 3183 558 3246 Nam
589 3183 681 3245 Varro
712 3186 780 3246 inde
812 3203 937 3246 exorsus
970 3193 1015 3247 est
1045 3184 1171 3266 librum,
1204 3190 1289 3249 errius
1308 3201 1343 3250 30

283 3276 464 3336 mentionem
489 3275 627 3352 superius
657 3273 727 3355 leel,
754 3281 785 3334 et
807 3272 880 3334 nihil
902 3273 971 3353 sibi,
999 3292 1035 3334 ex
1058 3292 1117 3353 quo
1139 3277 1290 3353 perveniat

283 3363 319 3423 ad
338 3380 388 3422 res
406 3360 561 3438 Romanas,
583 3363 723 3440 proponit
745 3363 895 3439 antiquius
918 3379 1006 3440 quam
1024 3360 1117 3442 Ogygi
1139 3362 1289 3441 diluvium,

283 3451 341 3510 hoo
378 3459 425 3511 est
455 3448 548 3528 Ogygi
585 3450 695 3510 laetum
728 3448 920 3527 temporibus.
975 3448 1076 3511 Nostri
1108 3458 1206 3510 autem
1237 3453 1290 3528 qui

284 3538 425 3599 chronica
452 3539 652 3618 seripserunt,
684 3539 768 3616 prius
796 3535 958 3617 Eusebius,
990 3547 1057 3616 post
1083 3536 1290 3621 Hieronymus,

353 3659 397 3725 ar)
416 3656 445 3711 P.
465 3661 526 3723 aar,
541 3661 583 3708 aa.

279 3749 494 3761 ’0,-

354 3795 388 3844 18
407 3788 511 3859 Ogygii
528 3791 615 3857 othl
632 3786 757 3856 Ogygios
771 3805 787 3840 o
800 3789 809 3856 ll
824 3792 858 3838 26
872 3787 902 3839 in
917 3803 971 3854 quo
986 3787 1146 3856 RAFepp3
1165 3786 1195 3839 in
1208 3802 1291 3844 outo
