3284 4459
344 494 367 556 4
733 506 933 549 socorsum

345 658 428 723 nem,
458 642 548 702 altera
578 642 742 704 secundum
770 644 908 721 spiritum
940 644 1038 703 vivere
1067 644 1098 702 in
1128 646 1176 705 sui
1205 646 1350 724 cuiusque

344 732 462 809 generis
489 748 562 809 pace
589 730 750 791 volentium
778 738 822 811 et,
852 728 977 791 cum'id
1009 731 1088 810 quod
1121 740 1263 811 expetunt
1299 734 1348 794 ad·

345 827 519 899 sequuntur,
542 819 572 879 iu
596 820 643 879 sui
666 821 810 897 cuiusque
834 821 952 899 generis
973 837 1046 899 pace
1068 821 1238 882 viventium.

759 1006 877 1075 Caena
892 1008 936 1074 II.

310 1148 326 1195 5
346 1138 391 1197 De
409 1138 471 1197 vitu
490 1140 619 1211 carnali,
643 1154 722 1211 quoe
739 1154 799 1198 non
817 1155 858 1197 ex
875 1140 1014 1213 corporis
1036 1144 1160 1213 tantum,
1183 1140 1239 1198 ced
1260 1142 1350 1200 etiam

570 1244 610 1286 ex
632 1228 728 1285 animi
749 1227 952 1299 intellependa
973 1229 1014 1285 sit
1035 1229 1123 1286 vitiis.

432 1347 521 1409 Prius
539 1366 610 1428 ergo
629 1347 787 1408 videndum
807 1357 862 1429 est,
884 1348 955 1427 quid
974 1350 1013 1409 sit
1035 1349 1200 1411 secundum
1222 1368 1350 1431 carnem,

345 1436 415 1515 quid
434 1436 597 1497 secundum
617 1438 753 1515 spiritum
767 1438 880 1497 nivem.
925 1436 1067 1516 Quisquis
1089 1441 1169 1499 enim
1191 1438 1248 1499 hoc
1270 1439 1349 1517 quod

345 1525 472 1586 diximus
490 1526 585 1603 prima
603 1525 700 1585 ironte
723 1524 920 1604 inspicit,'vel
942 1542 1003 1585 non
1024 1525 1160 1587 recolens
1183 1528 1229 1589 vel
1252 1530 1350 1587 minus

293 1626 326 1673 ιο
344 1612 500 1673 advertens
528 1630 616 1692 quern
644 1612 680 1673 ad
708 1612 829 1673 modum
855 1615 1019 1692 scripturae
1043 1622 1160 1675 sanctae
1183 1615 1350 1696 loquantur,

344 1708 443 1780 potest
469 1708 576 1780 putare
611 1700 801 1780 philosophos
840 1701 958 1780 quidem
993 1700 1157 1781 Epicureos
1186 1703 1350 1765 secundum

345 1806 464 1850 carnem
486 1791 594 1869 vivere,
616 1791 685 1868 quia
708 1806 856 1849 summum
879 1785 990 1850 bonum
1012 1789 1140 1851 hominis
1162 1793 1192 1852 in
1216 1794 1350 1871 corporis

345 1876 494 1956 voluptate
512 1886 687 1959 posuerunt,
710 1880 783 1938 etsi
803 1878 853 1956 qui
872 1877 921 1937 alii
944 1887 1022 1959 sunt,
1046 1881 1097 1957 qui
1120 1897 1239 1958 quoquo
1262 1880 1349 1941 modo

346 1968 479 2045 corporis
510 1964 622 2026 bonurn
654 1983 802 2026 summurn
839 1964 951 2027 bonum
982 1984 1047 2026 esse
1079 1966 1206 2029 hominis
1238 1971 1350 2049 opinati

292 2061 423 2135 insunt,
446 2060 476 2113 el
494 2070 598 2113 eorum
621 2072 708 2114 omne
731 2053 845 2133 vulgus,
868 2056 1002 2133 quinon
1025 2054 1122 2133 aliquo
1146 2056 1281 2135 dogmate
1303 2056 1350 2117 vel

344 2160 380 2202 eo
407 2141 494 2202 rnodo
521 2141 778 2224 philosophantur,
806 2141 859 2201 sed
887 2142 1032 2221 proclives
1060 2143 1095 2204 ad
1118 2143 1269 2205 libidinem
1292 2147 1350 2205 nisl

345 2249 380 2291 ex
403 2228 615 2311 voluptatibus,
639 2248 712 2309 quas
735 2232 886 2309 corporeis
910 2228 1046 2290 sensibus
1070 2234 1198 2312 capiunt,
1220 2232 1349 2310 gaudere

344 2321 496 2399 nesciunt3
521 2317 636 2378 Stoicos
659 2326 767 2399 autem,
790 2320 842 2397 qui
864 2336 1011 2378 summum
1034 2317 1146 2379 bonum
1167 2318 1296 2381 hominis
1318 2323 1349 2381 in

344 2408 441 2467 animo
459 2414 583 2487 ponunt,
606 2406 769 2467 secundum
788 2408 926 2485 spiritum
948 2409 1055 2480 vivere,
1078 2409 1146 2485 quia
1169 2415 1200 2467 et
1222 2407 1350 2470 hominis

291 2507 326 2555 20
345 2498 460 2555 animus
488 2493 558 2573 quid
587 2502 633 2555 est
660 2496 717 2554 nisi
745 2490 889 2573 spiritus?
934 2493 992 2554 Sed
1022 2496 1099 2555 sicut
1121 2495 1254 2573 loquitur
1276 2500 1349 2558 scri·

344 2592 431 2663 ptura
454 2582 564 2663 divina,
592 2583 756 2643 secundum
779 2600 899 2642 carnem
921 2584 1019 2642 rivere
1043 2586 1160 2662 utrique
1184 2592 1349 2645 monstran-

344 2679 402 2732 tur.
448 2670 573 2731 Carnem
601 2674 710 2750 quippe
738 2670 864 2749 appellat
891 2689 950 2731 non
978 2670 1073 2731 solum
1101 2689 1209 2751 corpus
1236 2676 1350 2734 terreni

344 2767 432 2838 atque
460 2759 592 2820 mortalis
620 2760 775 2820 animantis
809 2751 914 2839 (veluti
943 2777 1012 2819 cunr
1038 2759 1124 2821 dicit:
1160 2762 1227 2822 Non
1254 2765 1350 2823 omno

344 2864 419 2909 coro
438 2849 543 2908 eadem
562 2864 655 2919 cor0;
678 2850 741 2908 alio
763 2849 884 2923 quidem
905 2849 1041 2922 hominis,
1064 2851 1127 2909 alia
1151 2857 1251 2911 autem
1273 2867 1349 2911 coro

292 2947 325 2996 25
342 2939 473 3013 pecoris,
496 2939 560 2995 olto
582 2939 751 3016 volucrum,
774 2938 838 2997 alio
856 2929 1012 3018 piscium),
1034 2937 1087 2997 sed
1109 2945 1139 2997 et
1162 2937 1226 2998 aliis
1248 2938 1349 2999 multis

345 3023 440 3083 modis
458 3024 671 3101 significatione
690 3022 779 3083 huius
797 3026 925 3083 nominis
942 3026 1046 3106 utitur,
1064 3026 1142 3086 inter
1160 3043 1235 3104 quos
1253 3029 1349 3087 varios

343 3110 501 3171 locutionis
524 3111 627 3172 modos
650 3129 738 3190 saepe
762 3114 849 3171 etiarn
872 3114 970 3191 ipsum
992 3112 1156 3195 hominem,
1178 3114 1207 3175 id
1230 3123 1277 3176 est
1298 3133 1348 3176 na·

343 3206 440 3259 turam
458 3198 595 3279 hominis
617 3216 737 3260 carnem
755 3209 915 3281 nuncupat,
937 3200 1023 3260 modo
1047 3200 1203 3262 locutionis
1225 3220 1242 3261 a
1263 3211 1348 3281 parte

344 3294 452 3369 toturn,
484 3286 570 3365 quale
602 3294 661 3348 est:
693 3287 743 3347 Ex
775 3290 917 3365 operibus
944 3292 1018 3363 lepis
1045 3307 1106 3350 non
1133 3293 1349 3364 iustificabitur

291 3388 325 3437 30
344 3378 439 3436 omnis
457 3392 541 3437 core.
586 3373 663 3445 Quid
683 3376 761 3435 eninr
779 3375 872 3437 voluit
890 3376 1019 3457 intellegi
1038 3379 1096 3438 nisi
1119 3380 1214 3438 omnis
1237 3375 1349 3440 homo?

414 3511 458 3578 aa)
479 3516 502 3564 1.
522 3509 582 3565 eor.
604 3515 645 3578 15,
665 3516 706 3564 ea.
745 3512 790 3579 30)
808 3510 888 3565 Rom.
906 3518 932 3579 a,
951 3516 993 3566 20.

416 3712 430 3758 1
444 3704 563 3759 alteram
574 3704 622 3761 Fe
635 3706 645 3775 ΙΙ
659 3710 675 3757 2
689 3706 854 3757 assecuntur
869 3705 968 3759 VAFe
981 3705 990 3774 ll
1004 3709 1039 3757 24
1053 3704 1104 3757 sed
1117 3703 1174 3758 alie
1188 3704 1304 3772 quidem
1316 3705 1353 3780 all

343 3780 377 3829 25
397 3779 425 3829 et
443 3775 604 3846 Fontem
621 3792 672 3830 om.
693 3777 781 3831 VAle
