3284 4459
575 526 617 567 nu
628 525 774 567 ermanus
788 526 842 567 om
855 526 881 566 u.
895 526 969 566 mr.
984 525 1007 566 o.
1021 527 1054 566 so.
1251 511 1316 575 633

313 664 371 723 erit
393 660 591 722 inamissibilis
610 660 744 722 voluntas
767 662 885 740 pietatis
908 667 939 721 et
960 662 1125 740 aequitutis,
1145 678 1206 739 quo
1228 660 1316 719 modo

313 758 361 811 est
393 750 548 810 felicitatis.
593 748 666 809 Nam
696 752 798 827 utique
830 748 979 829 peccando
1011 767 1067 808 uec
1093 751 1231 827 pietatem
1261 767 1317 808 nec

315 838 483 899 felicitatem
510 838 673 918 tenuimus,
700 837 879 898 voluntatem
909 854 979 897 vero
1002 836 1149 896 felicitatis
1173 856 1228 897 nec
1251 854 1316 916 per·

313 927 374 987 dita
407 927 543 986 felicitate
580 925 771 1005 perdidimus.
826 923 912 986 Certe
950 924 1037 989 lleus¹
1064 927 1128 1003 ipse
1164 925 1317 1006 numquid,

314 1017 452 1093 quoniam
467 1032 589 1093 peccare
605 1033 663 1074 nou
677 1022 785 1094 potest,
803 1014 870 1074 ideo
888 1012 1014 1073 liberum
1034 1011 1188 1073 arbitrium
1207 1013 1316 1073 babere
1336 1026 1351 1074 o

315 1103 466 1181 negandus
489 1098 555 1163 est?

403 1189 467 1251 Erit
490 1209 560 1269 ergo
583 1189 662 1250 illius
686 1192 810 1249 civitatis
842 1197 871 1250 et
894 1208 952 1249 una
974 1192 1005 1249 in
1028 1189 1165 1249 omnibus
1188 1198 1219 1249 et
1240 1192 1317 1249 inse·
1365 1184 1367 1188 ’

315 1277 452 1359 parabilis
471 1280 501 1337 in
520 1277 642 1356 singulis
661 1278 795 1337 voluntas
815 1277 917 1356 libera,
940 1276 976 1337 ab
994 1281 1074 1337 omni
1098 1277 1172 1337 malo
1196 1276 1317 1339 liberata

269 1431 272 1436 ,
315 1375 346 1427 et
368 1366 486 1446 impleta
505 1369 584 1426 omni
602 1365 689 1446 bono,
712 1367 814 1426 lruens
837 1365 1040 1426 indeficienter
1063 1375 1252 1426 aeternorum
1274 1369 1317 1426 iu·

315 1455 465 1516 cunditate
493 1456 681 1535 gaudiorum,
710 1453 799 1514 oblita
828 1454 997 1534 culparum,
1024 1451 1113 1513 oblita
1142 1472 1317 1534 poenarum,
1338 1469 1371 1516 10

316 1562 371 1603 nec
394 1542 460 1603 ideo
483 1552 580 1603 tamen
604 1561 673 1604 snae
698 1542 878 1602 liberationis
901 1542 1007 1623 oblita,
1035 1551 1068 1603 ut
1090 1541 1241 1602 liberatori
1264 1560 1318 1603 suo

316 1650 375 1692 non
399 1634 437 1692 sit
455 1634 584 1710 ingrata:
607 1639 748 1709 quantum
769 1649 839 1709 ergo
863 1630 974 1691 adtinet
997 1631 1031 1690 ad
1056 1633 1207 1690 scientiam
1232 1633 1318 1690 ratio-

316 1719 429 1801 nalem,
467 1738 578 1779 memor
613 1722 841 1798 praeteritorum
879 1721 967 1779 etiam
1004 1718 1146 1779 malorum
1183 1736 1318 1799 suorum,

316 1818 458 1887 qnantum
481 1817 579 1868 autem
602 1808 637 1868 ad
656 1809 835 1887 experientis
859 1825 988 1886 sensnm,
1010 1824 1133 1886 prorsus
1156 1809 1318 1867 immemor.

281 1903 283 1907 ‘
315 1896 389 1956 Nam
412 1907 441 1956 et
464 1898 661 1976 peritissimus
684 1896 830 1975 medicus,
858 1898 935 1955 sicut
958 1903 1020 1955 arte
1044 1898 1194 1976 sciuntur,
1216 1886 1389 1956 omnes1o'

316 1985 378 2044 lere
403 1987 535 2062 corporis
559 1983 677 2043 morbos
701 1985 793 2063 novit3
817 1984 895 2043 sicnt
918 1991 1015 2042 autem
1039 2001 1162 2062 corpore
1187 1986 1318 2043 sentiun-

317 2081 375 2151 tur,
397 2070 540 2150 plurimos
564 2074 672 2151 nescit,
695 2090 769 2150 quos
792 2074 855 2149 ipse
879 2089 939 2131 nou
961 2088 1066 2149 passus
1089 2078 1143 2131 est.
1188 2070 1225 2131 Ut
1248 2090 1319 2150 ergo

316 2162 455 2219 scientiae
480 2159 623 2220 malorum
645 2160 720 2220 duae
744 2168 826 2238 sunt3
849 2177 926 2241 una,
949 2177 1006 2237 qua
1028 2161 1189 2238 potentiam
1214 2161 1319 2219 mentis

317 2266 375 2307 non
396 2246 499 2329 latent,
522 2247 621 2322 altera,
645 2266 702 2326 qna
721 2250 900 2327 experientis
918 2246 1055 2307 sensibus
1077 2248 1232 2307 inhaerent
1254 2242 1319 2329 (ali-

316 2344 363 2396 ter
387 2338 494 2415 qnippe
519 2338 654 2396 sciuntur
677 2338 744 2395 vitia
768 2338 865 2396 omnia
887 2354 942 2414 per
965 2337 1124 2413 sapientiae
1148 2335 1320 2416 doctrinam,
1338 2350 1373 2398 20

318 2424 403 2483 aliter
429 2443 483 2503 per
510 2426 676 2503 insipientis
704 2425 860 2503 pessimam
889 2416 1006 2505 vitam):
1033 2424 1073 2483 ita
1102 2431 1131 2483 et
1157 2423 1319 2483 obliviones

317 2512 461 2572 malornm
490 2511 564 2573 duae
592 2522 669 2572 sunt.
715 2512 806 2572 Aliter
834 2531 868 2572 ea
896 2529 1022 2588 namque
1045 2511 1228 2571 obliviscitur
1251 2530 1318 2572 eru·

318 2601 398 2661 ditns
417 2610 446 2661 et
465 2601 578 2680 doctus,
602 2600 686 2660 aliter
704 2610 844 2679 expertus
863 2608 892 2659 et
915 2617 1033 2679 passus,
1055 2599 1113 2673 ille,
1136 2602 1162 2659 si
1183 2602 1319 2680 peritiam

317 2689 464 2769 neglegat,
487 2692 553 2770 iste,
576 2692 601 2749 si
620 2691 737 2749 miseria
756 2697 862 2749 careat.
908 2687 1077 2748 Secundum
1100 2688 1176 2747 liano
1199 2688 1318 2748 oblivio·

318 2796 401 2859 uem,
432 2796 518 2856 qrram
548 2779 713 2857 posteriore
744 2775 807 2837 loco
836 2778 938 2856 posui,
971 2793 1030 2835 non
1057 2784 1146 2837 erunt
1173 2790 1371 2837 memoresto

316 2868 411 2925 sancti
443 2868 671 2943 praeteritorum
703 2864 860 2943 malorum,
892 2864 1036 2924 carebunt
1067 2867 1147 2923 enim
1174 2865 1319 2945 omnibus,

316 2956 357 3013 ita
386 2962 420 3013 ut
448 2956 565 3031 penitus
592 2953 746 3029 deleantur
775 2952 811 3012 de
840 2952 975 3012 sensibus
999 2969 1111 3013 eorum.
1156 2952 1198 3011 Ea
1222 2961 1318 3012 tamen

317 3044 449 3120 potentia
468 3044 617 3121 scientiae,
641 3060 715 3120 quae
735 3059 838 3119 magna
857 3044 887 3099 in
911 3043 954 3100 eis
977 3043 1043 3120 erit,
1066 3058 1125 3100 non
1148 3041 1243 3100 solnm
1267 3059 1318 3101 sua

317 3131 488 3208 praeterita,
512 3129 563 3189 sed
588 3132 676 3189 etiam
698 3130 902 3189 damnatorum
925 3146 976 3187 eos
1000 3131 1178 3207 sempiterna
1203 3130 1320 3189 miseria

317 3235 376 3276 non
400 3216 509 3277 latebit.
555 3217 689 3294 Alioquin
714 3219 738 3276 si
762 3235 794 3275 se
818 3218 909 3276 luisse
932 3218 1057 3275 miseros
1076 3218 1218 3276 nescituri
1241 3225 1320 3297 sunt,
1338 3230 1372 3278 30

317 3324 376 3383 quo
405 3306 505 3385 modo,
537 3308 614 3365 sicut
642 3307 682 3364 ait
708 3304 851 3385 psalmus,
884 3307 1111 3364 misericordias
1139 3305 1260 3365 Domini
1288 3308 1320 3364 in

317 3401 474 3454 aeternum
510 3387 698 3455 cantabunt?
744 3391 808 3461 Ouo
846 3394 960 3451 cantico
991 3393 1023 3449 in
1055 3392 1178 3469 gloriam
1209 3395 1319 3470 gratiae

386 3520 430 3587 aa)
448 3516 492 3569 Pa.
512 3521 554 3583 os,
570 3520 593 3569 a.

386 3646 402 3693 9
421 3640 531 3694 iocund.
549 3638 654 3695 onom
667 3640 676 3708 ll
692 3644 724 3691 12
738 3655 794 3692 non
813 3638 851 3691 sil
863 3638 976 3707 ingrata
991 3638 1126 3702 Rane3
1143 3654 1199 3691 non
1217 3653 1267 3692 om.
1282 3618 1323 3702 Aa

314 3729 371 3766 non
380 3712 509 3782 sitgreta
518 3728 556 3765 oo
569 3712 578 3779 ll
594 3715 627 3763 14
636 3708 825 3779 experimenta
835 3711 874 3776 A3
888 3708 1014 3773 -iumo¹;
1026 3707 1062 3760 -ti
1071 3706 1103 3761 α’
1115 3710 1125 3777 ll
1140 3723 1269 3761 sensuum
1278 3707 1323 3777 ΑΙΙ

317 3806 350 3855 15
369 3802 398 3854 el
414 3800 509 3870 perit]
528 3798 631 3867 expett.
652 3798 667 3851 b
685 3798 693 3866 ll
712 3802 746 3850 30
765 3796 789 3849 si
807 3796 863 3865 ipsi
881 3812 911 3849 se
925 3796 953 3850 A
965 3797 975 3865 l
989 3801 1022 3848 32
1041 3797 1112 3865 grat.
1133 3794 1239 3849 domini
1252 3792 1323 3850 Eme
