3284 4459
713 511 734 553 Β.
747 511 915 554 tudunum

714 712 829 778 Onrur
852 712 909 779 IV.

308 844 355 906 De
376 860 490 904 comm
513 843 589 904 bono
612 848 643 903 et
663 857 776 902 summ
798 844 877 903 molo
899 843 975 916 quid
995 842 1165 903 Christiani
1184 846 1319 904 sentiant

366 938 475 992 contro
494 931 694 1008 philosophos,
717 933 771 1005 qui
791 946 936 991 summum
960 930 1069 991 tonum
1091 935 1124 992 io
1145 948 1180 993 re
1200 932 1261 992 eibi

692 1035 757 1080 esse
779 1019 933 1079 dicerunt.

274 1154 290 1206 5
400 1141 432 1204 Si
455 1161 526 1221 ergo
554 1149 714 1220 quaeratur
741 1159 757 1201 a
788 1139 888 1217 nobie,
915 1139 987 1219 quid
1009 1143 1112 1202 civitas
1135 1141 1189 1203 lter
1210 1141 1248 1205 do
1270 1143 1318 1204 his

309 1231 433 1312 singulis
455 1234 635 1308 interrogata
657 1227 837 1308 respondeat
862 1247 897 1290 ac
918 1231 1048 1309 primurn
1072 1230 1110 1290 de
1133 1229 1242 1292 finibus
1266 1230 1317 1292 bo·

309 1338 416 1384 uorum
447 1319 651 1396 malorumque
683 1317 754 1397 quid
787 1319 908 1379 sentiat:
943 1317 1136 1398 respondebit
1166 1326 1319 1381 aeternam
1433 1325 1436 1330 “

309 1411 398 1470 vitam
421 1425 487 1468 esse
507 1424 654 1469 summum
677 1404 798 1487 bonurn,
820 1413 972 1466 aeternam
994 1424 1065 1467 vero
1087 1415 1214 1468 mortem
1237 1426 1317 1469 eum-

310 1514 390 1558 mum
419 1495 541 1575 malum3
568 1502 691 1575 propter
718 1494 797 1554 illanr
823 1494 949 1574 proinde
976 1493 1195 1573 adipiscendam
1216 1498 1318 1557 istam-

258 1597 291 1648 10
310 1603 368 1664 que
391 1583 538 1644 vitandam
565 1590 647 1644 recte
675 1581 761 1643 nohis
789 1600 855 1643 esee
877 1581 1043 1643 vivendum.
1087 1582 1214 1663 Propter
1237 1584 1318 1664 quod

309 1674 453 1751 scriptum
470 1679 532 1732 este
556 1672 657 1733 Iustus
675 1689 716 1734 ex
730 1673 794 1746 ride
811 1674 901 1742 viuit5
923 1673 1062 1750 quoniam
1084 1689 1183 1751 neque
1206 1671 1318 1733 bonum
1343 1722 1347 1728 .

309 1769 445 1822 nostrum
468 1762 526 1820 iam
549 1758 695 1841 videmuS,
725 1758 803 1820 unde
826 1767 945 1839 oportet
967 1768 1001 1821 ut
1023 1758 1172 1822 credendo
1195 1779 1317 1840 quaera-

309 1866 389 1928 muS,
420 1866 516 1926 neque
539 1850 638 1927 ipsum
660 1855 742 1908 recte
765 1849 864 1908 virere
892 1846 978 1908 nohis
1004 1866 1041 1908 ex
1063 1847 1149 1910 nobis
1172 1857 1232 1931 eet,
1259 1853 1319 1910 nisi

309 1936 466 1998 credentes
496 1936 614 1996 adiuvet
640 1943 671 1996 et
697 1943 816 1996 orantes
848 1938 901 2014 qui
928 1944 958 1997 ot
985 1938 1078 2014 ipsam
1106 1937 1194 1997 iidem
1226 1937 1318 2018 dedit,

258 2039 290 2090 tu
309 2042 368 2105 qua
397 2043 452 2084 nos
481 2023 517 2084 ab
545 2024 595 2084 illo
623 2024 802 2084 adiuvandos
830 2041 897 2084 esse
924 2023 1089 2085 credamus.
1134 2025 1179 2086 llli
1208 2035 1318 2108 autem,

309 2115 361 2193 qui
387 2114 418 2173 iu
446 2115 502 2174 ista
530 2115 588 2174 vita
616 2113 690 2173 lines
717 2112 864 2184 bonorum
888 2121 918 2172 ot
940 2112 1085 2173 malorum
1107 2131 1174 2174 ease
1196 2124 1318 2194 putave-

309 2209 398 2284 runt,
429 2203 490 2262 sivo
523 2203 554 2262 in
587 2219 712 2281 corpore
744 2203 804 2261 sive
838 2203 868 2260 in
900 2203 998 2261 animo
1030 2205 1092 2261 sive
1123 2204 1154 2262 iu
1187 2213 1318 2282 utroque

309 2300 454 2371 ponentes
482 2308 632 2352 summurn
659 2289 784 2369 bonum,
811 2298 913 2369 atque,
941 2297 975 2350 ut
1001 2288 1030 2349 id
1059 2289 1233 2370 explicatius
1256 2292 1317 2352 elo·

309 2398 396 2460 quar,
429 2381 489 2439 sivo
517 2382 548 2438 in
576 2377 724 2457 voluptate
753 2380 814 2437 sire
842 2380 873 2437 in
900 2379 1009 2438 virtute
1037 2380 1098 2438 sive
1126 2381 1317 2461 inutraque,

257 2483 291 2532 ao
310 2471 371 2528 sive
398 2468 429 2528 in
456 2470 556 2545 quiete
585 2469 646 2527 sive
679 2468 710 2526 in
741 2468 851 2526 virtute
879 2467 941 2526 sive
968 2468 998 2526 in
1026 2474 1166 2548 utraque,
1197 2470 1258 2529 sire
1286 2472 1318 2530 in

310 2555 459 2634 voluptate
482 2554 570 2615 simul
588 2562 619 2615 et
641 2557 740 2633 quiete
764 2556 825 2614 sire
847 2556 879 2614 in
902 2555 1010 2615 virtute
1034 2557 1095 2615 sire
1117 2557 1149 2615 in
1172 2558 1318 2638 utrisque,

311 2645 371 2703 sive
398 2645 430 2702 in
457 2645 562 2722 primis
589 2651 711 2705 naturae
742 2645 804 2703 sive
832 2644 864 2702 in
892 2644 1001 2702 virtute
1030 2645 1090 2702 sive
1117 2646 1148 2704 in
1171 2647 1318 2726 utrisque,

309 2730 359 2791 hio
391 2730 468 2791 beati
501 2748 567 2790 esso
599 2740 630 2794 et
660 2749 678 2790 a
715 2749 747 2792 se
778 2732 852 2809 ipsie
887 2729 1048 2791 beatificari
1084 2734 1159 2792 mim
1190 2736 1318 2795 vanitate

311 2818 476 2879 voluerunt.
522 2817 623 2879 lnrisit
649 2818 704 2880 hos
731 2817 846 2879 Veritas
872 2836 926 2898 per
953 2818 1127 2899 prophetam
1155 2820 1318 2884 dicentem:

258 2921 291 2970 aa
311 2907 457 2968 Dominus
478 2910 561 2968 novit
583 2911 781 2983 copitotiooer
802 2910 955 2969 hominum
977 2907 1032 2982 rel,
1054 2910 1133 2969 eicut
1155 2908 1212 2970 hoc
1234 2913 1317 2972 testi·

311 2997 443 3056 monium
470 2998 570 3075 posuit
600 2996 750 3075 apostolus
772 2994 896 3057 Paulus:
923 2996 1069 3058 Dominus
1096 3001 1180 3058 nouit
1201 3002 1318 3074 copita-

311 3087 406 3146 tt'ooes
428 3086 618 3166 cupientium,
640 3087 781 3160 quoniam
803 3102 903 3146 uanae
924 3092 1003 3145 sunt.

401 3171 473 3243 Quis
492 3174 571 3232 enirn
592 3173 703 3234 sufficit
721 3175 876 3252 quantovis
894 3171 1079 3251 eloquentiae
1097 3172 1218 3235 llumine
1241 3177 1319 3236 ritae

311 3260 400 3322 huius
432 3263 566 3322 miseriae
598 3257 768 3341 explicare?
813 3259 907 3331 Quam
936 3260 1113 3322 lamentatus
1141 3271 1187 3323 cst
1213 3262 1319 3324 Cicero

259 3364 293 3412 ao
311 3351 343 3409 in
366 3348 565 3410 consolatione
584 3347 621 3411 de
640 3360 735 3409 morte
759 3348 843 3430 filiae,
867 3352 944 3409 sicut
966 3351 1076 3430 potuit;
1099 3348 1151 3411 sed
1174 3361 1319 3429 quantum

311 3437 454 3516 estquod
472 3433 591 3517 potuit?
621 3435 665 3499 Ea
683 3439 801 3519 quippe,
819 3455 895 3516 quae
913 3436 1054 3498 dicuntur
1072 3440 1167 3518 prima
1185 3449 1319 3521 naturae,

382 3555 1319 3628 mummffldmomhumnwew

381 3701 415 3751 23
433 3696 589 3751 beatificari
602 3696 684 3751 Rae
700 3697 762 3763 (lai.
773 3700 791 3751 7
804 3714 827 3752 c.
837 3701 874 3752 30
887 3702 980 3766 οπως
999 3698 1077 3753 beati
1090 3699 1151 3754 lieri
1165 3701 1322 3773 Aubcppo

312 3769 651 3838 mmmmm
