3284 4459
366 523 432 588 ‘260
774 536 974 580 shuousrrm

366 675 540 750 Argivorum
567 672 653 733 simul
683 689 751 732 cum
775 671 908 732 Abrahae
932 671 1088 751 nepotibus
1110 681 1209 732 ortum
1232 679 1291 750 est,
1319 668 1371 730 ubi

365 761 479 838 primus
498 762 629 840 regnarit
647 759 781 823 Inachus.
828 759 913 833 Sane,
936 760 1015 839 quod
1038 759 1288 838 praetereundum
1311 777 1370 818 non

366 849 436 927 iuit,
465 851 551 909 etiam
583 849 659 928 apud
693 849 864 929 sepulcrum
896 851 1013 927 septimi
1047 851 1093 909 sui
1123 850 1202 927 regis
1231 847 1370 908 Thuriaci

366 937 531 998 sacrificare
569 936 721 1016 Sicyonios
758 936 854 997 solere
890 935 982 996 Varro
1017 937 1117 998 reiert
1168 935 1370 1015 Regnantibus

331 1035 347 1082 a
366 1042 456 1103 porro
476 1028 585 1087 octavis
603 1025 732 1105 regibus,
751 1026 928 1086 Armamitrc
946 1026 1141 1104 Assyriorum,
1164 1023 1370 1103 Sicyoniorum

366 1111 515 1193 Leucippo
548 1122 579 1174 et
606 1116 703 1194 primo
733 1115 907 1192 Argivorum
935 1113 1052 1188 Inacho,
1072 1111 1150 1173 Deus
1179 1112 1297 1174 locutus
1324 1117 1371 1172 est

365 1200 401 1262 ad
425 1201 505 1262 isaac
528 1211 615 1281 atque
643 1205 699 1281 ipsi
723 1207 841 1281 'quoque
864 1201 979 1281 eadem,
1009 1219 1083 1280 quae
1105 1203 1183 1281 patri
1205 1203 1284 1281 eius,
1311 1201 1370 1260 duo

365 1289 413 1350 ida
440 1293 590 1371 promisit,
620 1293 724 1351 semini
752 1290 866 1350 scilicet
893 1292 957 1350 eius
985 1298 1094 1350 terram
1122 1288 1257 1350 Chamon
1285 1297 1315 1348 et
1339 1291 1368 1347 in

366 1380 430 1439 eius
466 1381 577 1439 semine
614 1377 851 1439 benedictionem
886 1387 1060 1440 cunctarum
1097 1380 1237 1456 gentium.
1291 1375 1370 1436 ilaec

314 1477 347 1526 ιο
365 1468 428 1546 ipsa
456 1469 600 1546 promissa
627 1476 697 1527 sunt
723 1469 811 1527 etiam
839 1466 898 1526 filio
921 1469 998 1546 eius,
1021 1468 1122 1544 nepoti
1144 1465 1290 1545 Abrahae,
1318 1466 1370 1543 qui

366 1565 411 1615 est
434 1555 596 1634 appellatus
618 1557 714 1636 primo
737 1554 839 1633 Iacob,
861 1563 928 1634 post
950 1554 1050 1634 israei,
1073 1573 1140 1614 cum
1163 1557 1221 1613 iam
1244 1552 1370 1615 Beiocus

365 1661 418 1703 rex
446 1661 542 1704 nonus
570 1644 704 1722 Assyriae
733 1654 762 1703 et
788 1642 963 1703 Phoroneus
989 1641 1089 1703 Inachi
1116 1642 1194 1702 tilius
1221 1641 1370 1702 secundus

365 1741 504 1810 regnaret
526 1732 655 1812 Argivis,
686 1730 836 1810 Leucippo
860 1731 955 1792 adhuc
977 1731 1054 1809 apud
1078 1730 1231 1809 Sicyonios
1254 1749 1370 1810 perma-

365 1828 463 1880 nente.
508 1819 561 1879 His
594 1819 777 1898 temporibus
809 1819 929 1879 Graecia
962 1816 1017 1878 sub
1047 1818 1203 1879 Phoroneo
1233 1818 1369 1897 Argolico

314 1918 346 1966 15
366 1925 435 1986 rege
458 1906 554 1987 legum
579 1916 609 1968 et
631 1907 807 1968 iudiciorum
831 1907 1006 1986 quibusdam
1029 1907 1135 1967 clarior
1158 1907 1234 1968 saeta
1257 1916 1303 1967 est
1325 1909 1370 1967 iu-

366 1997 486 2056 stitutis.
541 1995 678 2074 Phegous
711 2004 809 2057 tamen
846 1996 938 2055 irater
968 1995 1057 2056 buius
1088 1995 1237 2056 Phoronei
1269 1997 1370 2056 iunior

367 2102 434 2145 cum
458 2093 537 2146 esset
560 2092 703 2164 mortuus,
726 2083 761 2144 ad
785 2086 850 2144 eius
873 2084 1043 2162 sepulcrum
1066 2084 1211 2163 templum,
1231 2092 1277 2145 est
1297 2102 1370 2144 con.-

365 2175 519 2254 stitutum,
551 2175 582 2233 in
618 2190 676 2251 quo
713 2171 862 2234 coleretur
898 2182 931 2233 ut
963 2172 1042 2233 heus
1074 2180 1104 2232 et
1135 2174 1163 2232 ei
1194 2172 1284 2233 bores
1316 2175 1370 2232 im-

366 2261 554 2322 molarentur.
600 2259 695 2335 Credo
721 2259 834 2320 honore
863 2270 943 2322 tanto
973 2260 1039 2321 ideo
1069 2261 1189 2340 dignum
1217 2270 1370 2340 putarunt,

314 2352 433 2428 acquic
461 2351 491 2409 in
514 2351 598 2428 regui
621 2351 668 2409 sui
690 2357 773 2427 parte
803 2344 903 2430 (pater
926 2351 1034 2428 quippe
1057 2349 1120 2409 loca
1143 2348 1286 2410 ambobus
1309 2349 1368 2410 dis·

364 2437 523 2518 tribuerat,
553 2440 584 2498 in
616 2436 725 2515 quibus
757 2454 792 2496 eo
822 2439 937 2498 vivente
972 2431 1145 2519 regnarent)
1175 2440 1230 2498 iste
1263 2437 1370 2498 sacella

366 2529 559 2588 constituerat
586 2525 621 2585 ad
645 2525 783 2584 colendos
811 2524 883 2585 deos
907 2533 936 2586 et
959 2524 1099 2586 docuerat
1122 2525 1272 2586 observari
1295 2534 1369 2586 tem·

365 2631 436 2694 pora
468 2631 522 2693 per
560 2631 675 2673 menses
713 2621 801 2691 atque
838 2631 946 2692 annos,
981 2613 1053 2692 quid
1086 2632 1190 2674 eorum
1222 2624 1370 2692 quatenus

366 2705 542 2763 metirentur
564 2710 652 2780 atque
672 2711 871 2762 numerarent.
915 2700 994 2762 flacc
1017 2705 1048 2761 in
1071 2720 1106 2762 eo
1130 2721 1203 2763 nora
1228 2705 1370 2763 mirantes

313 2799 346 2846 at>
366 2789 455 2850 rudes
478 2789 573 2850 adhuc
595 2788 729 2849 homines
753 2797 847 2849 morte
871 2789 949 2849 obita
973 2790 1061 2849 deum
1084 2808 1150 2850 esse
1173 2791 1283 2852 iactum
1307 2793 1368 2851 sire

365 2881 474 2957 opinati
493 2886 563 2938 sunt
582 2879 642 2937 sire
662 2877 826 2938 voluerunt.
871 2878 943 2938 Nam
967 2887 996 2938 et
1018 2878 1050 2938 io
1073 2878 1130 2938 iiiia
1153 2877 1252 2940 inachi
1276 2879 1368 2939 fuisse
1462 2904 1463 2935 ;

364 2965 545 3046 perhibetur,
569 2984 643 3044 quae
662 2974 764 3046 postca
786 2965 842 3026 Isis
865 2967 1007 3046 appellata
1029 2975 1062 3028 ut
1087 2984 1189 3046 magna
1212 2968 1266 3027 dea
1290 2968 1370 3028 culta

364 3063 411 3116 est
438 3056 469 3116 in
496 3056 639 3136 Aegypc03
670 3054 877 3140 quamvisahi
910 3055 1039 3115 scribant
1068 3073 1132 3116 eam
1156 3074 1190 3115 ex
1215 3056 1370 3135 Aethiopia

364 3146 394 3204 in
418 3146 581 3224 Aegyptum
605 3144 719 3203 venisse
747 3145 893 3224 reginam,
921 3153 950 3203 et
973 3143 1052 3222 quod
1074 3142 1132 3204 late
1154 3146 1291 3223 iusteque
1314 3145 1370 3205 im·

312 3235 511 3311 imperaverit
540 3235 641 3311 eisque
674 3229 764 3292 multa
801 3229 953 3315 commoda
986 3240 1016 3293 et
1049 3230 1176 3293 litteras
1195 3233 1371 3313 instituerit,

364 3320 443 3381 hunc
472 3320 614 3381 honorem
646 3319 688 3380 iili
720 3318 851 3380 habitum
879 3338 944 3379 esse
973 3319 1118 3400 divinum,
1148 3329 1250 3400 postea
1279 3312 1370 3399 guam

364 3407 405 3469 ibi
433 3419 547 3470 mortua
575 3417 637 3488 est,
666 3416 696 3468 et
723 3416 838 3468 tantum
860 3405 1019 3486 honorem,
1049 3416 1082 3469 ut
1104 3407 1220 3488 capitali
1242 3398 1369 3470 crimine

364 3515 434 3558 reus
457 3498 549 3577 beret,
572 3499 598 3556 si
621 3499 687 3575 quis
710 3513 775 3556 eam
798 3497 889 3556 fuisse
904 3495 1062 3557 hominem
1085 3496 1205 3558 diceret.
1297 3511 1300 3514 ’

363 3646 575 3656 ———-—-

436 3736 469 3784 12
488 3730 611 3799 Assyriis
628 3743 645 3785 tr
