3284 4459
348 518 392 583 32
751 531 773 573 s.
787 530 953 573 auonsmvr

348 669 565 748 perveniretur,
582 667 641 727 nisi
653 668 867 745 praecessisset
883 665 1018 727 voluntas
1037 664 1120 726 mala.
1156 666 1250 726 Porro
1263 666 1358 729 malae

348 756 507 816 voluntatis
526 756 644 815 initium
664 772 739 833 quae
758 757 856 833 potuit
874 772 939 813 esse
962 755 1019 814 nisi
1043 751 1208 842 superbia?
1232 756 1359 817 Initium

349 846 429 905 enirn
452 846 547 904 omnis
562 846 686 920 peceati
702 844 846 919 superbio
864 849 916 903 est.
962 841 1040 912 Quid
1062 849 1109 902 est
1131 851 1229 903 autern
1253 862 1358 923 super·

349 931 397 993 bia
419 932 477 991 nisi
499 948 656 1011 perversae
685 930 869 992 celsitudinis
897 926 1067 1009 appetitus?
1111 930 1255 991 Perverse
1277 935 1359 993 enim

314 1028 396 1084 cest
429 1018 573 1081 celsitudo
606 1019 725 1081 deserto
758 1037 812 1100 eo,
844 1021 894 1079 oui
925 1017 1015 1079 debet
1045 1020 1161 1080 animus
1192 1020 1360 1100 inhaerere,

349 1109 496 1187 principio
524 1107 582 1168 sibi
609 1108 736 1185 quodam
763 1107 851 1168 modo
880 1108 946 1167 lieri
968 1115 1057 1186 atque
1080 1124 1147 1167 esse
1169 1109 1359 1187 principium.

349 1196 413 1257 Hoc
431 1196 473 1277 lit,
496 1213 564 1257 cum
583 1195 648 1257 sibi·
664 1197 751 1256 nirnis
769 1194 873 1274 placet
920 1194 983 1255 Sibi
1005 1213 1075 1255 vero
1097 1197 1139 1255 ita
1161 1196 1267 1276 placet,
1288 1216 1360 1258 oum

350 1284 387 1345 ab
418 1284 468 1345 illo
499 1282 578 1345 bono
610 1282 774 1345 inmutabili
807 1283 920 1363 delicit,
952 1281 1033 1361 quod
1065 1285 1094 1343 ei
1120 1286 1213 1363 magis
1240 1284 1360 1363 placere

349 1372 455 1433 debuit
468 1391 556 1451 quarn
570 1375 634 1451 ipse
649 1371 714 1433 sibi.
760 1371 948 1451 spontaneus
962 1381 1009 1432 est
1021 1379 1122 1433 autem
1139 1373 1195 1433 iste
1214 1372 1360 1455 delectus,

297 1477 330 1525 10
350 1452 498 1542 quoniam,
521 1463 546 1521 si
565 1460 700 1520 voluntas
719 1462 750 1521 in
769 1477 870 1520 amoro
888 1461 1052 1538 superioris
1074 1459 1256 1522 inmutabilis
1278 1460 1361 1544 boni,

305 1592 307 1597 -
350 1569 366 1608 a
390 1567 449 1627 quo
467 1547 682 1610 inlustrabatur
700 1556 734 1609 ut
751 1547 867 1609 videret
889 1556 920 1609 et
941 1547 1160 1609 accendebatur
1181 1558 1215 1609 nt
1237 1561 1361 1632 amaret,

349 1636 461 1698 stabilis
483 1644 681 1716 permaneret,
704 1654 764 1697 non
782 1636 851 1697 inde
875 1635 910 1696 ad
934 1635 990 1696 sibi
1012 1636 1189 1715 placendum
1211 1648 1359 1699 avertere·

349 1735 399 1787 tur
421 1734 453 1785 et
470 1744 507 1785 ex
524 1724 580 1785 hoc
599 1724 823 1786 tenebresceret
839 1732 870 1786 et
893 1724 1075 1803 frigesceret,
1098 1734 1132 1786 ut
1155 1725 1201 1785 vel
1223 1726 1272 1786 illa
1294 1745 1359 1787 cre·

350 1814 435 1875 deret
469 1831 572 1875 verum
608 1812 717 1874 dixisse
749 1821 938 1892 serpentem,
974 1813 1020 1873 vel
1051 1812 1100 1872 ille
1133 1813 1186 1874 bei
1221 1813 1360 1875 mandato

298 1916 330 1966 15
349 1904 451 1963 uxoris
483 1911 680 1981 praeponeret
717 1900 898 1962 voluntatem
931 1908 1109 1979 putaretque
1142 1919 1174 1962 se
1206 1903 1362 1964 venialiter

349 2000 601 2068 transgressorem
628 2007 694 2049 esse
721 1992 886 2069 praecepti,
913 1990 939 2050 si
966 1991 1043 2049 vitae
1070 2008 1141 2051 suae
1164 1992 1276 2052 sociam
1298 2009 1360 2053 non

350 2078 503 2139 desereret
530 2080 618 2138 etiam
652 2079 684 2137 in
713 2080 855 2139 societate
885 2079 1007 2156 peccati.
1052 2077 1117 2138 Non
1151 2096 1222 2157 ergo
1249 2080 1360 2141 malum

350 2184 426 2246 opus
444 2167 628 2245 factumest,
650 2164 679 2226 id
700 2174 745 2226 est
762 2164 811 2226 illa
835 2167 1040 2246 transgressio,
1062 2174 1097 2227 ut
1119 2166 1186 2227 cibo
1208 2167 1360 2247 prohibito

350 2263 552 2328 vescerentur,
575 2256 633 2315 nisi
651 2253 688 2314 ab
706 2255 750 2314 eis
769 2256 821 2331 qui
842 2256 901 2314 iam
923 2254 993 2315 mali
1015 2262 1107 2315 erant.
1152 2254 1255 2333 Neque
1280 2259 1360 2317 eninr

297 2358 332 2406 20
350 2344 436 2404 lieret
458 2341 506 2403 ille
535 2343 651 2403 lruotus
678 2341 772 2402 malus
801 2344 859 2403 nisi
880 2341 918 2402 ab
941 2340 1047 2403 arbore
1070 2342 1153 2403 mala.
1199 2342 1237 2405 Ut
1259 2352 1361 2405 autern

306 2470 307 2473 =
351 2438 431 2491 esset
458 2430 546 2491 arbor
573 2430 661 2509 mala,
689 2438 791 2491 contra
817 2438 954 2491 naturam
980 2430 1090 2491 iactum
1118 2440 1178 2511 est,
1204 2434 1273 2510 quia
1302 2434 1362 2493 nisi

350 2522 421 2579 vitio
440 2519 607 2599 voluntatis,
625 2519 704 2597 qrvod
724 2527 827 2579 contra
845 2527 981 2579 naturam
999 2526 1054 2599 est,
1072 2536 1132 2579 non
1146 2521 1251 2598 utique
1265 2521 1360 2583 lieret.

352 2607 411 2667 Sed
429 2609 498 2667 vitio
518 2607 672 2685 depravari
690 2608 746 2667 nisi
770 2626 806 2667 ex
825 2606 916 2667 nibilo
940 2607 1015 2667 iacta
1038 2616 1144 2668 natura
1166 2625 1225 2668 non
1248 2618 1360 2688 posset

351 2697 392 2756 Ac
416 2713 471 2775 per
492 2694 549 2756 hoc
572 2705 606 2755 ut
628 2703 733 2756 natura
756 2696 804 2775 sit,
827 2713 862 2755 ex
887 2713 922 2755 eo
946 2693 1035 2756 habet
1057 2694 1137 2775 quod
1159 2714 1176 2755 a
1200 2695 1260 2757 beo
1284 2698 1361 2758 lacta

296 2798 333 2848 25
352 2792 411 2864 est3
438 2792 472 2843 ut
500 2791 599 2844 autem
628 2782 664 2843 ab
695 2801 730 2843 eo
754 2783 833 2863 quod
856 2792 903 2843 est
924 2783 1054 2864 deficiat,
1081 2802 1117 2843 ex
1141 2783 1197 2844 hoc
1220 2783 1300 2864 quod
1323 2786 1361 2846 de

352 2871 443 2932 nilrilo
467 2872 542 2931 iacta
573 2880 625 2931 est.
672 2870 732 2931 Nec
760 2874 803 2931 sic
827 2871 936 2932 deiecit
958 2871 1060 2952 homo,
1087 2880 1121 2933 ut
1143 2874 1264 2934 omnino
1287 2873 1362 2934 nihil

352 2968 445 3041 esset,
472 2959 524 3019 sed
552 2968 586 3020 ut
613 2960 771 3020 inclinatus
794 2959 830 3019 ad
854 2977 886 3019 se
908 2961 1006 3038 ipsurn
1030 2962 1128 3020 minus
1152 2969 1244 3041 esset,
1271 2980 1360 3040 quarn

352 3056 429 3129 erat,
457 3066 524 3108 cum
553 3050 581 3107 ei
608 3050 660 3127 qui
687 3065 801 3109 summe
830 3056 876 3108 est
897 3046 1077 3108 inhaerebat
1122 3047 1236 3109 Relicto
1259 3051 1360 3128 itaque

352 3137 413 3197 lieo
442 3155 507 3196 esse
535 3138 566 3195 in
595 3144 689 3196 semet
715 3138 796 3215 ipso,
823 3136 880 3196 hoc
908 3144 954 3196 est
981 3135 1038 3197 sibi
1060 3134 1191 3218 placere,
1219 3140 1361 3198 uoniam

296 3240 334 3289 30
353 3224 425 3285 nihil
448 3242 513 3285 esse
537 3233 596 3304 est,
619 3224 671 3285 sed
695 3224 786 3285 nilrilo
809 3226 1018 3303 propinquare.
1063 3222 1146 3283 Unde
1170 3224 1291 3305 superbi
1314 3244 1361 3287 se-

353 3314 482 3373 cuudurn
515 3314 677 3391 scripturas
710 3320 827 3372 sanctas
860 3312 915 3373 alio
945 3314 1064 3373 nomine
1092 3312 1276 3392 appellantur
1303 3313 1362 3375 sibi

352 3401 511 3480 placentes.
539 3440 541 3445 ·
565 3398 682 3461 lionam
714 3408 760 3461 est
792 3402 875 3461 enirn
904 3417 1025 3462 sursum
1057 3399 1167 3461 babere
1199 3419 1264 3482 cor;
1301 3420 1362 3463 non

353 3488 506 3549 tamenad
525 3490 681 3569 seipsum,
704 3487 784 3568 quod
803 3497 849 3549 est
872 3487 1037 3569 superbiae,
1060 3488 1112 3549 sed
1135 3488 1172 3549 ad
1195 3487 1363 3572 bominum,

421 3638 447 3705 s)
466 3634 551 3689 necti.
572 3640 614 3702 10,
631 3640 664 3689 aa
683 3636 746 3705 (15).
807 3637 852 3704 eo)
870 3634 920 3689 aaa.
942 3639 1023 3702 r,1s.
1078 3637 1125 3705 aa>
1140 3640 1166 3690 a.
1184 3635 1260 3690 Patr.
1280 3643 1304 3703 a,
1321 3644 1364 3693 ro.

350 3735 564 3747 *ἢ*

422 3799 438 3846 2
458 3809 530 3861 quae
556 3792 779 3862 VAFe13quid
799 3792 882 3859 Gob3
901 3793 978 3861 quod
991 3810 1035 3862 pv
