3284 4459
336 478 379 544 56
737 489 937 535 sauousrmr

335 627 430 689 ceudo
457 626 598 689 recedere
625 644 685 687 non
712 624 839 688 habebat
860 629 892 688 in
913 634 1068 706 potestate.
1114 626 1188 688 Nam
1211 626 1290 687 sicut
1311 628 1346 687 in

335 716 391 777 hac
409 734 497 777 carne
515 718 614 776 vivere
632 716 696 775 sine
716 715 893 776 adiumentis
911 716 1119 790 alimentorum
1140 717 1173 775 iu
1195 722 1345 794 potestate

336 822 395 865 uon
419 812 477 886 est,
504 822 564 865 nou
592 811 691 863 autem
718 805 748 865 iu
771 820 806 864 ea
828 806 927 865 vivere
949 806 980 864 iu
1002 810 1149 883 potestate
1172 812 1231 883 est,
1263 803 1345 882 quod

336 893 449 954 iaciunt
467 892 519 972 qui
537 910 569 953 se
587 893 669 971 ipsos
687 900 807 953 necant:
829 894 871 952 ita
888 890 965 953 bene
987 894 1086 953 virere
1109 894 1174 952 siue
1196 892 1346 952 adiutorio

300 980 389 1041 silei
411 982 500 1042 etiam
527 983 558 1042 in
584 980 720 1060 paradiso
747 996 807 1041 non
835 989 899 1042 erat
919 983 952 1040 io
973 988 1134 1060 potestate3
1157 988 1222 1041 erat
1243 988 1345 1041 autem

336 1072 367 1130 in
389 1077 535 1149 potestate
559 1068 633 1129 male
657 1070 764 1143 vivere,
787 1068 841 1130 sed
863 1067 1045 1129 heatitudine
1067 1086 1127 1129 non
1149 1085 1346 1148 permansura

336 1165 368 1219 et
397 1176 491 1237 poena
520 1159 681 1218 iustissima
711 1165 859 1219 secutura.
904 1156 979 1218 Cum
1008 1159 1099 1235 igitur
1128 1156 1218 1218 huius
1249 1158 1345 1218 futuri

336 1264 424 1307 casus
437 1246 558 1307 humani
572 1244 651 1305 Beus
669 1262 730 1305 non
748 1252 828 1306 esset
845 1247 975 1325 ignarus,
998 1263 1053 1305 cur
1070 1263 1140 1306 eum
1157 1263 1218 1305 nou
1231 1247 1347 1307 sineret

338 1336 429 1396 invidi
461 1334 556 1413 angeli
588 1333 766 1411 malignitate
799 1329 960 1413 temptari?
991 1333 1072 1394 nudo
1104 1334 1192 1394 modo
1223 1332 1346 1412 quidem

283 1434 318 1483 10
336 1422 416 1501 quod
434 1424 604 1483 vinceretur
621 1423 763 1503 incertus,
786 1423 839 1482 sed
858 1421 949 1482 nihilo
967 1424 1066 1482 minus
1088 1424 1241 1501 praescius
1263 1421 1345 1500 quod

336 1511 372 1572 ab
391 1514 456 1571 eius
474 1512 586 1570 semine
605 1510 704 1571 adiuto
724 1527 776 1570 sua
795 1512 888 1589 gratia
905 1511 984 1571 idem
1002 1513 1066 1589 ipse
1090 1509 1224 1571 diabolus
1246 1510 1346 1571 iuerat

337 1608 507 1661 sanctorum
536 1597 628 1677 gloria
656 1599 765 1658 maiore
793 1599 964 1659 vincendus.
1010 1598 1053 1659 lta
1080 1600 1190 1659 lactum
1218 1605 1279 1679 cst,
1309 1607 1346 1658 ut

336 1706 392 1748 neo
424 1686 518 1747 Deum
549 1685 659 1767 aliquid
696 1687 866 1747 futurorum
903 1686 1026 1767 lateret,
1062 1705 1118 1747 neo
1149 1686 1344 1766 praesciendo

336 1793 513 1856 quemquam
542 1792 666 1854 peccare
697 1773 879 1853 conpelleret
908 1783 954 1855 et,
984 1775 1054 1855 quid
1082 1777 1242 1836 interesset
1264 1777 1345 1835 inter

284 1876 317 1924 15
334 1866 485 1944 propriam
517 1865 661 1941 citiusque
698 1865 969 1942 praesumptionem
1001 1868 1031 1923 et
1062 1880 1145 1924 suam
1177 1864 1344 1943 tuitionem,

335 1952 483 2031 angelicae
512 1960 542 2013 et
567 1950 713 2012 humanae
741 1951 877 2012 rationali
898 1959 1053 2012 creaturae
1075 1953 1271 2029 consequenti
1293 1970 1343 2011 ex·

335 2043 480 2120 parientia
516 2040 742 2103 demonstraret.
792 2039 866 2111 Quis
895 2041 976 2099 enim
1004 2038 1112 2100 audeat
1139 2039 1262 2100 eredere
1292 2048 1345 2100 aut

336 2128 452 2209 dicere,
485 2137 518 2189 ut
547 2146 645 2207 neque
671 2127 793 2206 angelus
821 2144 919 2206 neque
946 2127 1034 2187 homo
1062 2127 1198 2207 caderet,
1228 2129 1260 2187 in
1290 2126 1343 2188 Dei

334 2225 481 2296 potestate
514 2234 573 2276 non
603 2212 718 2277 sitisse?
762 2214 821 2276 Sed
851 2215 907 2276 hoc
937 2233 1042 2276 corum
1070 2218 1211 2295 potestati
1240 2216 1345 2276 malunt

282 2318 317 2367 20
336 2323 396 2366 non
423 2304 540 2364 auferre
568 2313 656 2382 atque
684 2306 739 2384 ita,
765 2312 796 2364 et
818 2313 963 2383 quantum
985 2303 1054 2364 mali
1076 2321 1181 2364 eorum
1203 2304 1344 2383 superbia

334 2402 364 2454 et
387 2400 530 2471 quantum
552 2390 622 2452 boni
644 2410 698 2453 sua
720 2395 813 2471 gratia
835 2391 955 2474 valeret,
976 2392 1143 2453 ostendere.

691 2579 807 2647 (innon
829 2580 981 2648 XXVIII

333 2692 381 2755 De
402 2694 550 2768 qualitate
572 2693 704 2753 duarum
727 2694 892 2767 civitatum,
916 2699 1059 2754 terrenae
1081 2699 1172 2769 utque
1195 2694 1343 2756 coelestis.

423 2814 572 2877 Fecerunt
588 2817 689 2894 itaque
706 2816 843 2877 civitates
865 2815 938 2875 duas
960 2832 1077 2876 amores
1100 2815 1168 2898 duc,
1191 2824 1344 2879 terrenam

281 2916 315 2967 25
335 2903 448 2965 scilicet
478 2921 560 2964 amor
589 2904 636 2964 sui
666 2921 761 2983 usque
789 2902 825 2963 ad
852 2911 1055 2982 contemptum
1083 2902 1152 2984 lici,
1184 2904 1342 2967 caelestem

333 3010 405 3054 vero
431 3008 513 3052 amor
540 2989 594 3051 Dei
621 3009 717 3070 usque
744 2990 780 3051 ad
809 2998 1013 3070 contemptum
1035 2994 1091 3053 sui.
1136 2991 1270 3072 Denique
1292 2994 1343 3055 illa

333 3084 365 3141 iu
388 3098 420 3140 se
443 3082 520 3159 ipsa,
546 3078 619 3141 haec
650 3081 682 3140 in
705 3078 830 3139 Bomino
853 3079 1004 3158 gloriatur.
1049 3079 1101 3140 llla
1122 3083 1203 3141 enim
1227 3085 1344 3161 quaerit

334 3167 371 3229 ab
389 3166 557 3228 hominihus
575 3166 710 3247 gloriam3
732 3167 803 3228 huic
820 3177 920 3229 autem
938 3167 1018 3228 licus
1036 3170 1234 3231 conscientiae
1257 3174 1343 3232 testis

334 3258 461 3317 maxima
480 3263 525 3316 est
543 3254 644 3334 gloria.
681 3254 732 3317 llla
754 3258 785 3317 in
808 3255 901 3335 gloria
923 3273 977 3317 sua
998 3256 1107 3318 exaltat
1129 3267 1219 3336 caput
1240 3276 1343 3340 suum;

279 3356 316 3407 ao
334 3345 408 3406 haec
426 3343 498 3403 dicit
515 3341 576 3403 Deo
595 3361 663 3405 suo:
689 3344 794 3405 Gloria
817 3362 885 3405 meo
908 3352 938 3406 et
958 3348 1100 3406 multans
1122 3353 1216 3422 eaput
1236 3365 1342 3408 anenno

335 3432 380 3493 llli
398 3434 430 3492 in
448 3429 633 3511 principibus
652 3433 716 3493 eius
734 3432 781 3492 rel
798 3434 831 3492 in
849 3434 892 3493 eis
915 3450 989 3512 quas
1013 3433 1151 3513 subiugat
1172 3435 1344 3496 nationibus

405 3569 451 3637 30)
469 3566 514 3621 Pe.
533 3571 558 3633 3,
577 3571 603 3622 4.

406 3758 440 3808 30
459 3752 566 3807 exaltas
581 3753 652 3819 AF3
671 3752 799 3807 exultans
819 3753 862 3807 7¹
