3284 4459
530 509 1022 556 onmwuannomnxvmco.
1222 500 1288 565 319

281 643 400 725 publica
421 645 527 724 impiae
550 646 676 708 civitatis
699 645 902 708 diiudicandas
924 655 955 709 et
972 648 1232 729 aliasprobandas
1254 667 1288 711 ac

281 733 479 814 recipiendas,
507 733 577 794 alias
591 733 797 814 inprobandas
820 735 1076 815 repudiandasque
1100 740 1226 820 curavit,
1255 756 1289 799 ac

280 839 342 887 non
363 823 473 901 passim
492 824 556 888 siue
575 821 635 883 ullo
658 822 768 883 iudicio
791 825 973 902 confuseque
996 824 1099 886 habuit
1121 827 1152 885 in
1176 828 1288 905 gremio

281 929 336 980 suo
354 918 399 972 tot
417 912 634 972 controversias
652 910 805 972 bominum
827 911 1044 995 dissidentium,
1067 930 1127 973 non
1149 912 1187 974 de
1210 917 1289 994 agris

281 1007 312 1059 et
334 997 471 1060 domibus
493 998 539 1062 vel
557 1015 743 1077 quacumque
766 1002 935 1080 pecuniaria
960 1003 1083 1082 ratione,
1096 1001 1157 1062 sed
1181 1002 1217 1063 de
1241 1003 1323 1063 biso

280 1086 385 1168 rebus,
417 1085 526 1166 quibus
555 1089 754 1154 autmtscre·
772 1091 880 1149 vivitur
909 1097 960 1150 aut
992 1085 1100 1150 beate?
1144 1088 1201 1151 Ubi
1230 1093 1288 1151 etsi

281 1175 376 1255 aliqua
413 1192 482 1236 vera
519 1175 711 1257 dicebantur,
752 1176 854 1237 eadem
889 1176 1008 1239 lieentia
1045 1177 1222 1239 dicebantur
1257 1187 1288 1240 et

281 1263 366 1344 lalsa,
389 1281 512 1342 prorsus
535 1272 650 1326 utnon
674 1265 784 1326 trustra
808 1265 875 1325 talis
898 1268 1000 1326 civitas
1022 1268 1180 1345 mysticum
1203 1284 1287 1326 voca-

280 1350 383 1413 bulum
407 1350 562 1432 babylonis
586 1354 741 1431 acceperit.
787 1351 916 1432 Babylon
940 1357 1155 1434 interpretatur
1177 1357 1286 1434 quippe

281 1440 425 1521 conlusio,
448 1440 526 1518 quod
549 1459 604 1501 nos
627 1443 684 1501 iam
702 1441 811 1501 dixisse
835 1444 1032 1503 meminimus.
1078 1442 1139 1504 Nec
1162 1445 1288 1505 interest
1308 1457 1342 1504 ιο

280 1526 389 1588 diaboli
416 1531 495 1608 regis
523 1530 600 1610 eius,
627 1547 714 1607 quam
742 1533 900 1591 contrariis
923 1532 1003 1591 inter
1025 1549 1057 1592 se
1081 1533 1218 1593 rixentur
1241 1549 1287 1591 er·

281 1614 414 1695 roribus,
441 1629 516 1695 quos
543 1619 649 1678 merito
676 1617 784 1678 multae
813 1621 969 1697 variaeque
993 1621 1152 1698 impictatis
1176 1622 1288 1699 pariter

281 1705 421 1784 possidet.

370 1796 407 1853 tc
429 1810 498 1854 vero
528 1811 601 1872 gens
624 1793 685 1874 illa,
712 1793 761 1855 ille
785 1795 926 1875 populus,
953 1795 1002 1856 illa
1026 1796 1141 1878 civitas,
1169 1795 1216 1856 illa
1240 1813 1290 1856 res

280 1880 416 1964 publica,
445 1881 488 1942 illi
513 1880 678 1962 israelitae,
708 1882 816 1961 quibus
845 1884 956 1945 credita
985 1893 1056 1946 sunt
1082 1884 1198 1964 eloquia
1228 1881 1290 1964 Dei,
1311 1896 1343 1946 tt

281 1968 364 2050 nullo
390 1969 478 2030 modo
505 1970 777 2049 pseudoprophetas
806 1989 873 2031 cum
902 1973 980 2032 veris
1007 1972 1161 2052 prophetis
1190 1972 1289 2051 parili·

280 2067 342 2120 tate
369 2058 504 2120 licentiae
534 2058 745 2139 consciderunt,
774 2060 827 2120 sed
857 2060 1020 2121 concordes
1042 2063 1121 2121 inter
1144 2078 1177 2122 se
1200 2069 1290 2139 atque
1326 2122 1331 2130 ,

280 2149 313 2208 in
336 2146 415 2207 nullo
439 2146 647 2208 dissentientes
677 2165 829 2208 sacrarum
851 2147 1018 2211 litterarum
1041 2166 1162 2211 veraces
1176 2147 1222 2216 ,ab
1246 2151 1289 2210 eis

281 2233 517 2316 agnoscebantur
535 2243 565 2296 et
582 2234 760 2297 tenebantur
778 2245 924 2298 auctores.
969 2235 1028 2315 lpsi
1051 2238 1095 2296 eis
1118 2245 1203 2298 erant
1224 2237 1288 2315 phif

280 2323 410 2404 losophi,
438 2322 493 2383 boc
520 2331 567 2384 est
590 2332 735 2384 spretores
758 2326 932 2404 sapientiae,
960 2327 1015 2403 ipsi
1039 2326 1202 2404 sapientes,
1230 2326 1288 2403 ipsi
1307 2339 1343 2387 ao

281 2411 419 2492 theologi,
440 2413 498 2490 ipsi
515 2411 686 2492 prophetae,
708 2414 765 2491 ipsi
784 2412 922 2473 doctores
940 2411 1095 2491 probitatis
1114 2421 1202 2490 atque
1226 2415 1287 2491 pie·

281 2503 358 2562 tatis.
405 2499 589 2578 Quicumque
609 2499 772 2575 secundum
794 2499 861 2560 illos
885 2502 982 2579 sapuit
1004 2509 1035 2561 et
1056 2502 1137 2580 vixit,
1159 2517 1219 2560 non
1242 2518 1287 2563 se·

282 2588 413 2650 cundum
432 2587 574 2669 homines,
597 2586 649 2650 sed
673 2588 836 2650 secundum
856 2587 962 2668 Derim,
981 2590 1032 2667 qui
1055 2605 1109 2667 per
1132 2606 1184 2648 eos
1207 2587 1287 2651 locu·

282 2686 330 2739 tus
354 2684 409 2758 est,
431 2679 529 2756 sapuit
547 2685 578 2737 et
595 2678 675 2737 vixit.
710 2675 755 2737 lbi
774 2679 799 2738 si
817 2676 1000 2756 prohibitum
1023 2685 1070 2738 est
1091 2676 1288 2758 sacrilegium,

282 2765 362 2826 Deus
383 2763 544 2844 probibuit.
591 2763 622 2824 Si
646 2764 758 2827 dictum
781 2773 840 2827 est:
863 2766 988 2826 Honora
1007 2773 1130 2842 patrem
1152 2773 1236 2827 tuum
1259 2775 1288 2828 et
1307 2779 1341 2827 au

282 2862 410 2918 necarem
432 2861 524 2934 tuam,
547 2850 626 2914 Dens
648 2854 743 2914 iussit.
790 2852 822 2913 Si
844 2853 956 2914 dictum
979 2862 1038 2915 est:
1062 2855 1128 2916 Non
1150 2857 1288 2916 moecho·

282 2944 380 3018 beris,
409 2959 470 3005 non
492 2943 687 3002 homicidium
707 2940 821 3017 facies,
852 2941 1109 3018 confortaberis,
1137 2952 1167 3003 et
1190 2951 1289 3004 cetera
1332 2981 1335 2986 -

282 3030 478 3109 huiusmodi,
500 3047 559 3090 non
578 3028 650 3090 baec
674 3048 725 3092 ora
748 3029 886 3110 bumana,
908 3029 960 3092 scd
982 3030 1102 3092 oracula
1124 3029 1220 3091 divina
1244 3031 1288 3092 iu-

282 3120 399 3180 derunt.
452 3116 600 3198 Quidquid
633 3116 799 3198 philosophi
832 3118 950 3197 quidam
982 3120 1060 3179 inter
1092 3118 1181 3198 laisa,
1213 3137 1287 3197 quae

282 3209 394 3287 opinati
417 3213 502 3281 sunt,
525 3223 628 3267 verum
651 3205 751 3268 videre
774 3216 937 3286 potuerunt
959 3215 989 3267 et
1011 3205 1166 3267 laboriosis
1189 3206 1287 3285 dispu-
1307 3221 1342 3270 30

284 3293 443 3356 tationibus
473 3293 652 3372 persuadere
682 3294 775 3356 moliti
803 3304 888 3375 stant,
920 3293 999 3372 qnod
1027 3294 1170 3355 mundum
1199 3297 1288 3354 istum

282 3381 362 3445 Deus
381 3382 631 3461 ieceriteumque
650 3383 714 3461 ipsc
737 3382 1013 3461 providentissimus
1035 3381 1230 3461 administret,
1251 3380 1288 3442 de

356 3509 399 3578 10)
418 3508 447 3563 L.
469 3513 502 3562 to
521 3526 543 3565 c.
563 3515 593 3576 43
613 3514 654 3563 1⁷.
702 3511 745 3578 ii)
765 3509 851 3562 Exod.
872 3513 915 3577 20,
931 3514 963 3562 12
975 3526 1034 3578 sqq.

285 3709 390 3830 RGbm
410 3702 555 3774 parilitate
571 3701 704 3756 licentiae
722 3719 787 3770 maa3
810 3701 874 3771 pori
891 3701 1007 3758 licentio
1023 3720 1041 3758 o
1059 3706 1070 3773 ll
1090 3708 1124 3757 to
1143 3705 1293 3792 tuumooc.

370 3791 407 3843 el)
