3284 4459
545 539 585 579 on
599 537 950 581 c1v1usruuu1nxvm
966 538 989 579 c.
1003 539 1036 580 rs.
1222 521 1287 586 sis

283 678 322 735 ita
341 682 374 736 ut
393 691 516 753 corpora
536 675 599 753 ipsa
622 673 774 734 hominnm
798 672 905 734 alicubi
928 674 1051 753 iaceant,
1074 673 1199 732 viventia
1225 673 1287 750 qui·

283 763 364 844 dem,
391 761 442 822 sed
471 761 562 822 multo
589 763 706 840 gravius
734 770 822 840 atque
846 760 1049 822 vehementius
1071 777 1160 840 quam
1184 775 1287 820 somno

284 853 345 912 suis
373 849 510 911 sensibus
537 849 693 929 obseratis3
726 848 941 930 phantasticum
970 857 1069 910 autem
1096 848 1168 909 illud
1198 847 1288 909 veluti

284 948 471 1019 corporatum
498 940 528 998 in
557 937 680 999 alicuius
708 937 841 999 animalis
869 937 966 1015 elflgie
989 945 1128 1016 appareat
1151 936 1289 998 sensibus

284 1028 385 1088 alienis
408 1025 533 1106 talisque
557 1027 644 1087 etiam
667 1025 723 1087 sibi
746 1043 811 1086 esse
836 1026 923 1086 bomo
947 1025 1092 1105 videatur,
1122 1027 1200 1086 sicut
1222 1025 1288 1085 talis
1308 1037 1323 1084 s

284 1115 339 1177 sibi
358 1115 451 1176 videri
470 1124 570 1194 posset
588 1117 618 1175 in
638 1117 758 1194 somnis,
780 1121 810 1175 et
828 1123 948 1194 portare
971 1131 1075 1193 onera3
1098 1131 1173 1191 quae
1197 1130 1287 1173 onera

284 1207 309 1264 si
332 1221 401 1264 vera
424 1212 493 1264 sunt
516 1220 653 1284 corpora,
675 1211 833 1282 portantur
855 1221 870 1262 a
894 1201 1096 1283 daemonibus,
1121 1209 1153 1261 ut
1175 1200 1289 1261 inluda-

284 1302 333 1353 tur
359 1290 541 1367 hominibus,
571 1293 677 1370 partim
705 1308 773 1350 vera
801 1307 925 1350 onerum
948 1306 1089 1369 corpora,
1116 1291 1222 1368 partim
1245 1291 1289 1349 iu·

284 1388 452 1441 mentorum
479 1378 550 1440 lalsa
577 1378 776 1440 cernentibus.
821 1377 895 1438 Nam
918 1377 1035 1456 quidam
1059 1379 1178 1437 nomine
1201 1377 1289 1438 Prae·

284 1470 410 1529 stantius
433 1468 510 1547 patri
536 1485 591 1528 suo
621 1469 779 1545 contigisse
802 1464 964 1546 indicabat,
991 1474 1025 1527 ut
1047 1483 1193 1526 venenum
1216 1464 1288 1525 rtlnu
1309 1476 1343 1526 to

283 1575 338 1637 per
361 1573 480 1617 caseum
502 1557 533 1615 in
557 1555 644 1616 domo
667 1573 719 1616 sua
743 1563 874 1615 sumeret
896 1563 927 1615 ct
948 1557 1061 1615 iaceret
1081 1556 1112 1613 in
1136 1553 1213 1615 lecto
1235 1571 1291 1614 suo

285 1647 370 1724 quasi
397 1644 562 1725 dormiens,
591 1645 642 1721 qui
669 1651 766 1704 tumen
795 1641 876 1704 nullo
904 1642 991 1703 modo
1020 1649 1137 1721 poterat
1158 1644 1290 1703 excitari.

284 1733 356 1794 Post
385 1732 496 1810 aliquot
523 1741 620 1793 autem
648 1731 711 1792 (lies
739 1748 807 1792 enm
835 1731 916 1790 velut
943 1730 1095 1810 evigilasse
1122 1729 1239 1791 (licebat
1261 1737 1292 1791 et

179 1895 180 1898 Ἴ
285 1822 369 1900 quasi
392 1821 505 1880 somnia
532 1835 668 1880 narrasse
698 1836 773 1898 quae
796 1837 901 1898 passus
923 1828 983 1900 est,
1013 1817 1156 1879 caballum
1179 1837 1212 1879 se
1235 1819 1290 1879 sci·

283 1909 354 1970 licet
377 1910 486 1969 lactum
514 1924 659 1968 annonam
686 1909 765 1968 inter
793 1907 849 1968 alia
871 1910 1002 1967 iumenta
1024 1906 1169 1968 baiulasse
1192 1907 1290 1968 militi·
1313 1917 1344 1966 rt

285 1997 359 2080 bns,
391 2015 464 2075 quae
489 1995 597 2058 dicitur
624 1995 741 2070 Retica,
766 1997 904 2074 quoniam
927 1994 963 2055 ad
987 1994 1087 2055 Retias
1109 1994 1291 2074 deportatur.

286 2085 371 2156 Quod
395 2087 444 2164 ita,
468 2092 500 2146 ut
518 2086 656 2165 narravit,
678 2083 788 2146 iactum
811 2084 903 2144 fuisse
926 2090 1111 2162 compertum
1134 2091 1193 2163 est;
1216 2101 1291 2162 quae

285 2184 384 2235 tamen
404 2175 431 2233 ei
450 2190 502 2232 sua
521 2174 634 2233 somnia
650 2170 835 2233 videbantur.
870 2170 1012 2232 iudicavit
1030 2178 1061 2232 et
1079 2171 1153 2231 alius
1167 2189 1198 2231 se
1213 2171 1292 2232 domi

285 2279 356 2322 suae
376 2278 429 2341 per
448 2269 575 2342 noctem,
593 2268 749 2338 antequam
769 2261 979 2340 requiesceret,
998 2258 1106 2320 vidisse
1124 2262 1291 2319 venientem

285 2349 321 2410 ad
350 2365 382 2410 se
409 2347 617 2428 philosophum
644 2347 790 2427 quendem
814 2347 871 2408 sibl
894 2349 1079 2407 notissimum
1104 2345 1219 2426 sibique
1243 2365 1291 2407 ex·
1312 2358 1345 2408 20

286 2439 421 2517 posuisse
449 2435 588 2497 nonnulla
614 2435 772 2517 Platonica,
795 2454 869 2514 qnae
893 2444 978 2496 antea
1001 2443 1121 2515 rogatus
1143 2453 1291 2515 exponere

286 2525 440 2586 noluisset.
484 2523 523 2585 Et
549 2542 617 2585 cum
647 2522 682 2584 ab
707 2524 810 2585 eodem
833 2523 1008 2603 philosopho
1032 2526 1197 2603 quaesitum
1221 2524 1291 2583 luis·

286 2622 342 2694 set,
365 2631 419 2674 cur
441 2614 472 2673 in
496 2612 582 2673 domo
605 2614 670 2672 eius
694 2613 813 2693 fecerit,
837 2612 915 2690 quod
939 2614 969 2671 in
994 2611 1081 2672 domo
1104 2629 1157 2672 sna
1179 2613 1292 2691 petenti

287 2709 456 2780 negaverat:
484 2699 573 2782 „Non
600 2700 673 2779 leci,
702 2702 814 2781 inquit,
843 2698 895 2760 sed
924 2718 970 2759 me
994 2701 1100 2761 iecisse
1124 2696 1293 2761 somniavi.“

287 2791 329 2851 Ac
356 2807 411 2870 per
436 2788 494 2850 hoc
521 2787 606 2849 alteri
632 2807 686 2868 per
714 2790 871 2868 imaginem
893 2787 1106 2866 phantasticam
1130 2787 1292 2850 exhibitum
1311 2798 1345 2848 25

286 2887 334 2939 est
357 2876 495 2958 vigilanti,
519 2873 597 2955 qnod
622 2876 696 2938 alter
719 2876 790 2938 vidit
812 2878 844 2936 iu
866 2878 987 2938 somnis.

376 2964 455 3025 llaec
485 2964 520 3025 ad
551 2982 605 3024 nos
635 2983 694 3026 non
723 2963 976 3045 quibuscumque,
1003 2962 1141 3045 qualibus
1171 2963 1293 3025 credere

287 3061 460 3133 putaremus
492 3050 660 3132 indignum,
693 3052 744 3113 sed
777 3056 819 3113 eis
852 3051 1052 3112 referentibus
1084 3062 1293 3133 pervenerunt,

286 3160 363 3222 quos
394 3139 478 3201 nobis
506 3158 564 3200 non
593 3143 829 3201 existimaremus
857 3141 948 3200 luisse
972 3141 1120 3201 mentitos.
1165 3137 1292 3200 Proinde

288 3229 367 3309 quod
391 3228 524 3290 homines
552 3227 692 3290 dicuutur
720 3229 948 3307 mandatumque
975 3236 1021 3289 est
1048 3226 1155 3289 litteris
1179 3226 1214 3287 ab
1238 3229 1293 3288 diis
1312 3239 1346 3288 30

287 3317 333 3378 vel
357 3319 455 3397 potius
474 3315 666 3377 daemonibus
684 3316 848 3378 Arcadibus
870 3318 900 3376 in
924 3316 1010 3395 lupos
1033 3315 1128 3376 solere
1152 3319 1294 3394 converti,

287 3414 319 3467 et
343 3404 420 3485 quod
1279 3420 1282 3424 ·

378 3527 566 3591 Carminibus
590 3528 675 3590 Circe
698 3531 792 3591 socios
815 3529 944 3590 mutavit
967 3527 1063 3606 Ulixi,

289 3650 453 3712 secundum
471 3653 562 3713 istum
582 3651 699 3712 modum
720 3650 791 3711 mibi
814 3650 931 3710 videtur
953 3650 1019 3710 lieri
1040 3650 1183 3729 potuisse,
1206 3665 1294 3726 quem

358 3751 402 3819 83)
420 3749 502 3818 Vetg.
521 3749 617 3817 Eclog.
637 3751 662 3812 8,
678 3751 720 3800 to.

289 3839 501 3853 —..---

359 3879 392 3928 33
410 3871 496 3940 ulyxi
515 3887 531 3925 o
