3284 4459
365 518 432 582 290
775 529 801 572 s.
819 530 985 574 inensam
1007 541 1010 545 ·

367 675 439 727 sunt
468 674 582 728 autema
617 663 708 726 Solon
740 665 946 747 Atheniensis,
978 664 1082 728 Chilon
1114 663 1371 745 Lacedaemonius,

366 753 546 816 Periandrus
569 752 753 834 Corinthius,
776 752 935 815 Cleobulus
958 752 1091 833 Lindius,
1111 752 1181 814 Bias
1203 753 1371 816 Prienaeus.

367 842 479 904 Omnes
500 841 542 922 hi,
564 851 678 922 septem
699 841 838 922 appellati
858 844 1024 922 sapientes,
1046 849 1114 920 pest
1136 850 1239 921 poetas
1262 841 1371 904 theold

367 949 420 1011 gns
443 931 628 1004 claruerunt,
650 933 724 1009 :qnia
746 948 856 1010 genere
880 933 955 992 vitae
978 929 1105 1009 quodam
1128 929 1267 992 laudabili
1289 947 1371 1010 prae·

331 1018 484 1081 astabant
511 1017 680 1080 hominihus
708 1021 816 1080 ceteris
841 1027 874 1079 et
898 1036 1019 1080 morum
1046 1017 1186 1080 nonnulla
1215 1028 1372 1098 praecepta

368 1109 580 1168 sententiarum]
598 1106 742 1168 brevitate
760 1106 907 1186 complexi
924 1115 1004 1170 sunt.
1047 1105 1126 1170 Nibll
1146 1117 1248 1168 antem
1270 1125 1372 1170 monu-

367 1204 549 1276 mentorum,
576 1194 656 1274 qnod
679 1194 714 1255 ad
738 1194 852 1258 litteras
873 1195 999 1276 adtinet,
1028 1197 1156 1275 posteris
1178 1195 1374 1276 reliquerunt,

367 1287 425 1345 nisi
443 1283 523 1363 quod
542 1283 632 1345 Salon
651 1283 791 1363 quasdam
811 1283 895 1362 leges
913 1282 1143 1345 Atheniensibus
1164 1282 1284 1344 dedisse
1305 1300 1372 1362 per·

367 1371 502 1453 hibetur,
530 1371 636 1433 Thales
663 1389 733 1432 vero
760 1371 900 1451 physicus
927 1372 984 1432 luit
1005 1380 1036 1434 et
1058 1389 1181 1437 suorum
1204 1370 1373 1450 aeguum

317 1471 350 1520 ιο
368 1459 460 1521 libros
490 1459 618 1539 reliquit.
662 1457 705 1520 Eo
734 1462 910 1538 captiuitatis
931 1458 1066 1520 Iudaicae
1089 1467 1223 1538 ternpore
1246 1467 1278 1520 et
1299 1460 1374 1520 dnn

368 1548 521 1610 ximander
539 1558 569 1610 et
586 1548 780 1610 Anaximenes
798 1557 830 1608 et
847 1546 1044 1627 Xenophanes
1061 1547 1176 1627 physici
1192 1546 1374 1609 claruerunt
1460 1536 1461 1597 Ῡ

368 1636 454 1697 'lunc
471 1645 502 1697 et
519 1635 708 1716 Pythagoras,
726 1654 763 1697 ex
779 1654 840 1715 quo
859 1645 1023 1716 coeperunt
1040 1635 1181 1716 appellari
1199 1634 1374 1716 platos-pta

744 1860 861 1929 Onnnr
884 1859 1002 1926 XXVL

374 1991 462 2062 Quod
483 2007 518 2052 eo
536 1998 678 2070 ternpore,
701 2007 759 2065 quo
777 1993 905 2067 impletis
921 1992 1115 2065 septuaginta
1137 1993 1227 2051 annu
1245 1991 1376 2054 Iudaeo

321 2086 351 2136 tt
481 2095 550 2139 rum
572 2087 617 2139 est
638 2083 772 2141 resoluto
794 2080 967 2154 captivitas,
994 2077 1128 2138 Romani
1147 2095 1266 2154 pemque
1350 2124 1353 2137 .

595 2185 614 2226 a
638 2168 792 2228 dominatu
822 2171 883 2228 sint
906 2168 992 2240 regie
1015 2167 1144 2227 liberati.

458 2289 516 2350 Per
543 2289 621 2350 idem
653 2299 769 2368 tempus
792 2287 902 2369 Cyrrus,
931 2307 983 2349 rex
1006 2287 1180 2370 Persarum,
1213 2291 1264 2368 qui
1286 2292 1377 2351 etiam

371 2375 524 2440 Chaldaeis
552 2386 581 2437 et
609 2379 735 2456 Assyriis
762 2376 941 2457 imperabat,
963 2376 1091 2438 relaxata
1112 2376 1262 2456 aliquanta
1285 2381 1377 2460 capti·

371 2468 458 2526 ritate
486 2464 674 2544 ludaeorum,
702 2465 914 2544 quinquaginta
936 2464 1015 2526 mdia
1037 2465 1190 2526 hominnm
1210 2483 1249 2526 ex
1271 2468 1316 2528 eis
1337 2466 1378 2526 ad
1462 2494 1463 2503 ¹

318 2564 352 2614 20
371 2552 594 2614 instaurandum
626 2551 768 2632 templum
800 2553 917 2632 regredi
947 2553 1025 2615 iecit.
1070 2553 1095 2614 l
1125 2553 1232 2632 quihus
1260 2562 1377 2616 tantum

370 2643 464 2722 prima
492 2649 595 2721 coepta
623 2641 792 2712 fundamina
820 2649 850 2702 et
877 2640 967 2701 altare
995 2650 1199 2702 constructum
1229 2651 1283 2703 est.
1328 2641 1377 2703 ln·

371 2728 558 2789 cursantibus
573 2738 672 2790 autem
684 2726 820 2790 hostibus
835 2747 1019 2809 nequaquam
1038 2729 1178 2808 progredi
1195 2730 1378 2792 aedificando

371 2816 542 2891 valuerunt,
569 2815 750 2896 dilatumque
777 2835 852 2897 opus
880 2826 925 2878 cst
952 2834 1047 2896 usque
1075 2816 1111 2877 ad
1138 2815 1267 2879 Darium.
1316 2817 1380 2880 Per

371 2903 450 2966 idem
478 2913 594 2984 tempus
623 2907 710 2966 etiarn
734 2903 781 2964 illa
806 2913 876 2968 sunt
897 2914 994 2985 gesta,
1017 2923 1091 2984 quae
1115 2909 1283 2986 conscripta
1305 2917 1379 2969 stunt

318 3003 353 3052 at
372 2995 403 3054 in
426 2991 501 3053 libro
525 2991 637 3074 ludlth;
666 3011 755 3073 quem
777 3011 848 3054 sane
871 2995 901 3054 in
925 3011 1067 3053 canonem
1090 2996 1306 3073 scripturarum
1328 2994 1379 3057 lu·

372 3081 437 3142 daei
465 3099 523 3141 non
552 3084 700 3162 recepisse
729 3081 877 3142 dicuntur.
924 3079 986 3142 Sub
1009 3080 1096 3142 llario
1118 3099 1189 3161 ergo
1212 3101 1282 3163 rege
1304 3081 1380 3145 Per·

372 3186 471 3230 sarum
490 3169 618 3249 impletis
637 3171 821 3250 septuaginta
840 3171 933 3250 annis,
957 3188 1032 3249 quos
1049 3167 1214 3231 Hieremias
1231 3171 1380 3252 propheta

371 3256 574 3339 praedixerat,
596 3257 709 3318 reddita
733 3265 778 3318 est
800 3255 916 3318 ludaeis
939 3257 1034 3318 solnta
1057 3260 1223 3337 captivitate
1241 3259 1380 3336 libertas,

372 3354 513 3424 regnante
539 3343 739 3408 Rornanorum
767 3347 893 3424 septimo
921 3363 991 3423 rege
1018 3343 1186 3424 Tarquinio.
1232 3345 1298 3418 Quo
1325 3367 1379 3410 ex·

319 3433 456 3516 depulso
480 3436 567 3494 etiam
590 3433 647 3513 ipsi
669 3451 685 3494 a
707 3451 812 3512 regum
835 3451 957 3494 suornm
981 3433 1177 3494 dominatione
1201 3433 1287 3496 liberi
1310 3453 1381 3498 esse

371 3530 542 3602 coeperunt
586 3520 686 3601 Usque
716 3521 752 3582 ad
778 3521 836 3582 hoc
864 3529 982 3601 tempus
1006 3521 1166 3602 prophetas
1194 3521 1298 3585 habuit
1321 3543 1378 3605 po

440 3677 455 3723 1
470 3669 563 3723 chilon
573 3668 667 3738 (ailon)
675 3683 741 3736 uun
756 3667 862 3724 Chilon
875 3669 884 3736 ΙΙ
898 3673 914 3721 2
927 3667 1093 3737 periandros
1102 3686 1168 3736 essm
1180 3669 1383 3746 Perianderol

370 3747 403 3797 16
423 3741 480 3794 rint
496 3741 566 3810 fgp3
588 3742 653 3792 sunt
671 3755 707 3808 qu
720 3741 730 3808 ΙΙ
744 3744 778 3792 25
798 3753 932 3792 canonem
951 3737 1045 3811 ΒΕΘ
1064 3743 1383 3816 (247,9;15;255,2);

366 3827 476 3867 xcautione
494 3809 650 3879 Aabeppc

434 4103 566 4160 A
