3284 4459
339 468 406 531 418
743 479 765 521 s.
780 478 947 523 aucusrnm

341 618 400 677 line
429 618 487 676 erit
516 614 641 694 saeculi,
668 614 725 675 hoc
755 625 801 676 est
828 618 859 675 io
888 615 991 676 ultimo
1024 626 1054 675 et
1083 618 1208 675 maximo
1239 615 1351 675 iudicio

310 743 312 750 ·
342 699 424 785 liei),
456 708 579 779 quando
606 721 720 777 omnes,
751 707 806 779 qni
833 708 864 765 in
891 707 1088 765 monumentis
1109 715 1195 778 sunt,
1223 707 1354 765 andierat

342 810 444 854 rocem
466 795 531 853 aias
553 800 584 853 ei
602 795 777 869 procedent.
823 791 887 853 Non
907 791 980 851 dixit
1004 809 1091 869 quem
1115 792 1150 851 acl
1175 792 1294 852 modum
1318 794 1352 852 in

342 884 450 959 prima:
480 881 521 941 Et
548 883 602 956 qni
628 883 798 955 audimini,
828 884 934 941 virent.
979 879 1043 941 Non
1073 884 1151 940 enim
1182 899 1285 941 ornnes
1309 883 1353 940 vi-

307 977 426 1049 brent,
453 987 488 1029 ea
511 971 568 1029 vita
591 968 717 1049 scilicet,
741 987 832 1050 quae,
855 971 991 1046 quioniam
1017 967 1101 1029 beata
1125 979 1184 1049 est,
1208 968 1267 1029 sola
1291 970 1353 1029 vita

343 1057 466 1118 dicenda
485 1067 539 1118 est.
584 1056 657 1116 Nam
676 1060 778 1135 utique
802 1075 861 1116 non
885 1059 949 1116 sine
972 1056 1178 1135 qualicumque
1203 1059 1259 1117 vita
1283 1075 1352 1136 pos-

343 1156 410 1207 sent
428 1146 529 1206 audire
548 1154 579 1206 et
596 1145 632 1205 de
652 1148 850 1205 monumentis
869 1155 1044 1223 resurgente
1067 1163 1156 1205 carne
1179 1146 1352 1224 procedere.

344 1234 442 1305 Quare
476 1243 572 1295 autern
605 1251 663 1293 non
696 1251 800 1293 omnes
831 1236 942 1313 vivent,
973 1235 1005 1293 in
1037 1250 1071 1293 eo
1102 1233 1182 1311 quod
1214 1236 1353 1312 sequitur

344 1324 443 1403 docet3
467 1326 521 1398 qai
538 1324 624 1397 tono,
643 1323 748 1400 inquit,
763 1320 915 1396 fecerant,
938 1325 970 1381 in
988 1325 1243 1383 resurrectionem
1262 1326 1353 1395 ritae,

293 1424 325 1472 ιο
344 1411 375 1472 hi
409 1421 479 1472 sunt
506 1412 556 1489 qui
584 1412 695 1489 rivent3
722 1413 776 1484 qni
803 1427 875 1470 aero
902 1413 983 1470 malo
1012 1418 1153 1489 eperunt,
1182 1413 1214 1470 in
1246 1428 1352 1471 resur-

344 1504 509 1561 rectionem
536 1500 656 1573 r'ndiaii,
683 1498 715 1557 hi
737 1506 807 1558 sunt
836 1500 968 1576 quinon
992 1500 1102 1577 vivent,
1130 1500 1197 1576 qrria
1222 1499 1352 1559 secunda

345 1597 440 1649 morte
470 1588 642 1647 morientur.
693 1584 765 1645 llala
796 1588 905 1665 quiippe
936 1595 1077 1665 egerunt,
1107 1590 1245 1665 quoniam
1276 1588 1353 1647 male

345 1679 495 1755 vixerunt3
518 1672 593 1734 male
616 1683 714 1734 autem
733 1676 877 1748 vixerunt,
902 1677 968 1753 quia
992 1677 1022 1735 in
1046 1677 1149 1756 prima,
1173 1694 1248 1753 quiae
1272 1693 1353 1735 nttnc

346 1773 406 1843 est,
436 1766 600 1823 animarum
631 1764 851 1823 resurrectione
879 1780 938 1822 non
969 1765 1139 1823 revixerunt
1166 1766 1273 1827 autin
1305 1782 1354 1845 eo,

293 1862 327 1913 1⁶
347 1851 425 1931 qnod
455 1853 636 1930 revixerant,
664 1869 723 1911 non
751 1852 781 1910 in
810 1851 898 1911 tinem
922 1869 1017 1929 usque
1041 1858 1221 1913 manserunt.
1268 1851 1355 1912 Sicut

347 1958 416 2017 ergo
435 1939 510 1999 duae
529 1948 599 1998 sunt
616 1941 866 2019 regenerationes,
888 1939 924 1999 de
948 1938 1054 2017 quibus
1078 1942 1134 1999 iam
1159 1958 1247 2019 snpra
1271 1941 1354 2001 locu·

347 2038 394 2088 tus
418 2047 493 2109 sum,
514 2045 572 2088 una
597 2027 760 2087 secundum
783 2026 883 2106 fidem,
907 2045 982 2105 quae
1006 2046 1086 2087 nunc
1110 2028 1141 2088 lit
1164 2047 1217 2107 per
1241 2028 1353 2107 baptis·

343 2133 438 2197 mum3
452 2114 508 2175 alia
522 2114 685 2176 secundum
710 2133 838 2192 carnem,
853 2133 927 2192 quae
942 2115 1038 2173 stetin
1053 2116 1117 2173 eius
1131 2116 1358 2193 incorruptione

344 2210 431 2282 atque
458 2203 669 2264 inmortalitate
696 2222 751 2282 per
777 2202 921 2263 indicium
949 2220 1089 2280 magnum
1117 2210 1204 2281 atque
1229 2204 1358 2263 novissi·

289 2304 438 2353 tomum:
461 2295 501 2352 ita
525 2300 595 2353 sunt
617 2300 647 2353 et
669 2294 903 2352 resurrectiones
927 2290 1010 2368 duae,
1032 2309 1091 2351 nna
1109 2287 1234 2371 prima<,
1258 2288 1359 2372 quae>

348 2384 378 2437 et
400 2393 479 2435 nunc
502 2382 549 2435 est
571 2381 601 2435 et
623 2376 786 2433 animarum
815 2381 873 2453 est,
901 2391 976 2451 quae
999 2376 1099 2435 venire
1123 2393 1181 2435 non
1206 2379 1355 2453 permittit

347 2466 378 2525 in
401 2472 527 2523 mortem
549 2462 722 2541 secundam3
749 2462 804 2521 alia
828 2462 971 2542 secunda,
1001 2480 1077 2540 quae
1100 2481 1158 2523 non
1183 2482 1275 2543 nunc,
1299 2465 1354 2525 secl
1408 2510 1409 2513 η

347 2554 378 2611 in
402 2550 511 2611 saeculi
538 2551 596 2610 fine
620 2552 718 2611 sutura
742 2559 799 2629 cst,
829 2568 885 2610 nec
908 2552 1087 2631 animarum,
1116 2551 1167 2611 sed
1191 2570 1354 2631 corporum

348 2647 402 2717 est,
425 2656 499 2717 quae
523 2656 577 2716 per
600 2638 733 2699 ultimum
758 2638 899 2698 iudicium
923 2638 994 2699 alios
1019 2642 1116 2699 mittet
1138 2642 1167 2699 in
1192 2640 1354 2703 secundam

294 2734 483 2800 namnetem,
506 2725 578 2786 alios
601 2729 631 2787 in
655 2744 719 2786 eam
742 2728 839 2807 vitam,
863 2744 937 2805 quae
961 2744 1019 2787 non
1043 2727 1131 2788 habet
1154 2737 1288 2789 mortem.

746 2932 862 2999 Carus
882 2933 953 2997 VII.

370 3060 417 3121 De
440 3060 558 3120 dnobus
580 3062 856 3122 resurrectionibus
878 3070 907 3122 et
930 3064 968 3122 ae
990 3064 1069 3122 mille
1091 3066 1179 3123 annis
1201 3067 1276 3138 qnid
1298 3068 1331 3127 in

428 3150 606 3224 apocalypsi
627 3148 771 3209 Iohannis
793 3152 938 3225 scripturn
960 3152 1000 3209 sit
1023 3157 1052 3209 et
1074 3153 1149 3225 qaid
1170 3154 1207 3213 ote
1225 3156 1267 3213 eis

648 3238 871 3297 rationabiliter
893 3240 1051 3297 sentiatur.

294 3372 329 3420 ao
437 3360 479 3420 De
502 3359 548 3418 his
572 3357 686 3418 duabus
705 3358 974 3419 resurrectionibus
998 3359 1075 3419 idem
1099 3361 1242 3423 lohannes
1266 3381 1354 3425 evan-

348 3448 451 3527 gelista
474 3450 505 3508 in
529 3446 618 3526 libro,
642 3448 691 3524 quui
716 3446 823 3506 dicitur
847 3447 1043 3527 apocalypsis,
1066 3466 1100 3509 eo
1124 3450 1210 3509 modo
1233 3450 1355 3514 locutus

348 3546 407 3616 est,
438 3544 471 3595 ut
498 3553 599 3594 earum
623 3537 716 3613 prima
744 3552 760 3593 a
790 3534 964 3612 quibusdam
989 3538 1098 3596 nostris
1121 3556 1181 3598 non
1204 3538 1354 3601 intellecta

415 3692 633 3757 lssfietmssn3
650 3691 742 3746 ficet.
760 3694 802 3746 ΙΙ.
821 3698 977 3762 emoretpp
928 3696 1064 3819 11ρὲ111
1054 3696 1360 3765 110111111’(1’π;

344 3782 394 3821 om
410 3764 651 3833 R¹Aa¹appml
666 3768 698 3815 21
719 3764 748 3815 et
765 3762 850 3833 nunc]
870 3766 899 3816 al
916 3780 966 3818 om.

1014 3764 1044 3815 ’a
1060 3769 1068 3835 11
1083 3770 1116 3820 22
1131 3783 1187 3819 noa
1200 3784 1276 3820 nunc
1290 3784 1360 3837 mem

343 3852 418 3889 nunc
436 3850 491 3887 non
510 3838 553 3886 esi
570 3852 587 3887 a
604 3834 613 3901 11
632 3838 665 3885 24
683 3832 773 3886 mittit
790 3849 844 3886 ntae
