3284 4459
353 479 419 542 492
759 492 780 533 a
794 492 959 534 annuarum

353 637 453 689 torum
480 635 512 689 et
538 629 606 706 igue
633 629 760 687 animam
789 645 847 686 uon
876 629 1012 687 amittant
1038 636 1069 688 et
1096 629 1160 687 siue
1184 628 1367 688 detrimento
1460 618 1461 625 '

353 716 477 777 ardeant
494 723 525 775 et
542 719 606 776 siue
625 718 748 775 interitu
767 711 907 777 doleant?
943 713 1068 776 Habebit
1087 717 1166 775 euim
1185 725 1257 777 tuuc
1275 718 1366 776 istam

354 807 452 864 carnia
470 804 632 864 substantia
651 804 823 882 qualitatem
847 802 951 863 abillo
970 803 1101 884 inditam,
1125 806 1177 883 qui
1195 812 1255 865 tam
1274 808 1368 865 miras

354 900 384 953 et
406 894 501 953 varias
528 900 572 953 tot
599 892 690 952 rebus
713 891 832 972 indidit,
865 909 939 969 quas
967 891 1116 971 videmus,
1144 900 1178 953 ut
1200 910 1266 974 eas,
1294 897 1368 971 quia

318 991 335 1040 o
354 980 463 1042 multae
486 989 565 1060 suut,
587 998 648 1041 non
666 982 817 1041 miremur.
864 979 937 1050 Quis
960 982 1040 1039 enlm
1064 982 1120 1040 nisi
1144 980 1223 1041 Deus
1246 991 1366 1042 creator

354 1072 485 1129 omnium
505 1069 585 1129 dedit
603 1070 686 1129 carni
709 1070 830 1147 pavonis
854 1070 962 1128 mortui
985 1086 1023 1128 ne
1046 1065 1241 1147 putesceret?
1278 1069 1367 1140 Quod

354 1175 423 1218 cum
451 1158 554 1218 auditu
581 1155 754 1217 incredibile
782 1155 943 1235 rideretur,
966 1160 1065 1216 evenit
1087 1164 1122 1216 ut
1144 1156 1221 1236 apud
1242 1157 1364 1218 Cartha·

353 1248 452 1325 ginem
471 1245 556 1305 nobis
575 1254 659 1306 cocta
677 1252 878 1324 apponeretur
896 1244 969 1304 haec
988 1247 1058 1325 avis,
1081 1246 1118 1305 de
1136 1248 1223 1306 cuius
1242 1255 1367 1325 pectore

353 1334 524 1414 pulparum,
551 1341 694 1412 quantum
722 1335 817 1393 visum
844 1342 903 1412 eat,
931 1332 1105 1412 decerptum
1138 1335 1250 1394 serrari
1277 1336 1365 1395 iussi-

302 1435 336 1485 ιο
354 1440 434 1503 mus3
458 1421 537 1501 quod
559 1430 627 1501 post
644 1421 761 1481 dierum
782 1428 899 1481 tantum
922 1422 1059 1501 spatium,
1081 1430 1192 1500 quanto
1216 1422 1270 1483 alia
1294 1442 1368 1483 caro

354 1528 558 1589 quaecumque
592 1518 676 1570 cocta
710 1517 895 1590 putesceret,
929 1509 1077 1588 prolatum
1109 1517 1197 1588 atque
1232 1510 1368 1572 oblatum

354 1598 427 1658 nihil
449 1608 586 1658 nostrum
608 1597 731 1658 offendit
757 1597 906 1657 olfactum.
952 1596 1085 1675 Itemque
1109 1601 1274 1677 repositum
1297 1610 1368 1679 post

354 1686 418 1747 dies
441 1686 565 1765 amplius
589 1704 677 1764 quam
699 1687 819 1764 triginta
842 1685 920 1745 idem
944 1686 1023 1764 quod
1047 1695 1111 1745 erat
1133 1688 1286 1749 inventum
1310 1698 1369 1770 cst,

354 1775 491 1852 idemque
521 1781 589 1852 post
616 1791 740 1854 aunum,
766 1776 825 1833 uisi
852 1772 931 1852 quod
954 1773 1137 1852 aliquantum
1161 1776 1367 1854 corpulentiae

303 1876 335 1926 to
355 1864 488 1923 siccioris
511 1870 543 1921 et
565 1863 771 1922 contractioris
799 1862 864 1921 luit.
910 1861 984 1932 Quis
1006 1861 1107 1941 paleae
1131 1862 1212 1923 dedit
1235 1864 1281 1924 vel
1304 1874 1367 1925 tam

354 1949 489 2029 frigidam
512 1952 584 2030 rim,
613 1959 646 2009 ut
669 1948 790 2010 obrutas
813 1953 897 2010 nives
920 1959 1031 2031 servet,
1060 1951 1107 2011 vel
1129 1960 1189 2011 tarn
1212 1952 1366 2033 fervidam,

354 2047 388 2099 ut
409 2057 496 2117 poma
518 2040 664 2098 inmatura
688 2033 837 2098 maturet?

443 2125 485 2187 De
504 2129 569 2207 ipso
587 2128 654 2205 igne
674 2129 748 2186 mira
771 2129 838 2204 quis
862 2127 996 2205 explicet,
1019 2144 1078 2205 quo
1102 2145 1237 2206 quaeque
1259 2128 1367 2190 adusta

355 2219 542 2296 nigrescunt,
571 2234 639 2276 cum
669 2217 732 2294 ipse
761 2218 799 2274 sit
822 2214 950 2295 lucidus,
977 2223 1009 2275 et
1031 2233 1124 2294 paene
1148 2218 1260 2297 omnia,
1287 2236 1364 2307 quae

303 2319 337 2368 ao
356 2304 448 2366 ambit
475 2314 506 2365 et
527 2302 642 2383 lambit,
670 2302 768 2363 colore
796 2303 1016 2382 pulcherrimus
1043 2303 1193 2363 decolorat
1216 2313 1303 2382 atque
1328 2325 1365 2366 ex

355 2412 450 2474 pruna
478 2392 586 2471 fulgida
614 2391 774 2452 carbonem
804 2394 1008 2451 taeterrimum
1036 2388 1157 2453 reddit?
1202 2392 1305 2471 Neque
1335 2394 1365 2455 id

356 2484 440 2561 quasi
468 2482 644 2560 regulariter
672 2479 825 2540 definitum
854 2486 912 2560 est3
940 2498 1007 2539 nam
1035 2498 1051 2539 e
1080 2483 1228 2541 contrario
1251 2481 1365 2561 lapides

355 2572 422 2649 igne
450 2570 594 2629 candente
621 2570 753 2649 percocti
782 2576 812 2628 et
838 2570 895 2646 ipsi
922 2569 997 2628 fiunt
1020 2568 1149 2649 candidi,
1177 2577 1208 2629 et
1231 2574 1366 2646 quamvis

356 2659 448 2735 magis
470 2656 519 2716 ille
542 2656 660 2737 rubeat,
688 2656 731 2717 illi
753 2656 893 2736 albicent,
921 2658 1058 2734 congruit
1081 2666 1178 2717 umen
1202 2656 1260 2718 luci
1284 2660 1365 2737 quod

305 2758 338 2807 25
357 2743 456 2805 album
484 2752 545 2825 est,
572 2747 650 2804 sicut
678 2746 795 2823 nigrum
824 2744 962 2804 tenebris.
1008 2743 1082 2805 Cum
1110 2748 1209 2823 itaque
1232 2748 1310 2824 ignis
1333 2750 1365 2810 iu

356 2832 443 2911 lignis
471 2832 585 2912 ardeat,
613 2842 646 2893 ut
668 2832 779 2910 lapides
803 2842 923 2913 coquat,
951 2835 1116 2893 contrarios
1139 2832 1228 2894 habet
1250 2853 1309 2896 nou
1334 2839 1365 2897 in

357 2922 514 2981 contrariis
541 2918 632 2980 rebus
660 2921 791 2981 ellectus.
838 2920 902 2980 Etsi
931 2923 1011 2981 enim
1033 2920 1144 3000 lapides
1167 2930 1198 2981 et
1220 2921 1298 3001 ligna
1321 2923 1365 2985 di·

357 3026 442 3069 versa
465 3016 544 3089 sunt,
567 3010 714 3067 contraria
737 3018 835 3068 tamen
861 3027 919 3068 non
942 3017 1021 3089 sunt,
1045 3010 1123 3069 sicut
1144 3008 1243 3070 album
1266 3020 1297 3071 et
1321 3016 1364 3073 ni-

357 3115 452 3179 grum,
475 3114 602 3175 quorum
625 3098 655 3155 in
678 3096 825 3175 lapidibus
848 3115 941 3156 uuum
965 3097 1042 3178 lacit,
1065 3096 1189 3157 alterum
1214 3101 1244 3157 iu
1268 3098 1366 3181 lignis,

304 3198 339 3249 30
357 3185 455 3246 clarus
482 3183 547 3245 illos
576 3184 752 3264 clarificans,
782 3185 854 3245 baec
878 3186 1039 3265 oliuscanS,
1068 3204 1135 3245 curn
1159 3185 1270 3245 inillis
1294 3187 1365 3249 defi·
1462 3222 1464 3229 ι

357 3281 452 3355 aeret,
484 3276 542 3333 nisi
571 3275 601 3335 in
629 3275 694 3333 istis
722 3275 841 3333 viveret.
887 3273 978 3353 Quid,
1006 3276 1036 3333 in
1063 3271 1242 3334 carbonibus
1265 3292 1366 3337 nonne

357 3362 489 3423 miranda
513 3369 559 3421 est
577 3371 607 3422 et
626 3369 705 3422 tanta
728 3362 893 3442 infirmitas,
918 3369 950 3421 ut
972 3364 1034 3422 ictu
1057 3361 1203 3421 levissimo
1228 3363 1364 3443 frangan-

358 3460 420 3529 tur,
453 3468 559 3529 prcssu
585 3450 724 3510 facillimo
754 3458 962 3528 conterantur,
994 3457 1024 3509 et
1052 3458 1132 3510 tanta
1161 3450 1298 3532 firmitas,
1333 3461 1367 3513 ut

358 3538 437 3598 nullo
465 3556 568 3599 umore
596 3546 840 3616 corrumpantur,
863 3537 941 3596 nulla
964 3544 1059 3597 aetate
1083 3540 1246 3619 vincantur,
1270 3557 1365 3618 usque

426 3658 440 3707 1
460 3655 489 3706 et
506 3653 573 3721 igue
586 3654 680 3720 Rau
700 3657 728 3707 ct
746 3654 776 3705 in
792 3654 859 3722 igne
875 3654 1031 3722 oaaeppo
1044 3656 1054 3723 ΙΙ
1068 3659 1084 3706 6
1098 3659 1124 3707 et
1138 3657 1169 3705 11
1185 3654 1292 3720 puteso.
1309 3652 1372 3709 Ra

355 3725 457 3791 (priore
476 3724 544 3787 loco)
563 3723 623 3793 ιρις
641 3725 761 3790 putrere.
776 3724 804 3775 A
824 3724 920 3788 (altero
937 3724 1006 3789 loco)
1023 3722 1196 3792 oeaofflpo
1209 3725 1248 3794 ill
1269 3724 1372 3779 auditu

354 3796 462 3861 RGap
475 3793 515 3845 ed.
526 3794 618 3859 princ.
634 3793 947 3860 (Gort.Rnf.10,5,3);
962 3794 1034 3846 -tum
1044 3794 1156 3863 Anoep
1170 3794 1209 3847 ed.
1220 3793 1327 3848 Lovnn.
1339 3813 1372 3863 o;

354 3865 389 3931 es.
409 3867 485 3927 51,2
504 3863 514 3929 ll
533 3868 566 3913 12
586 3861 656 3914 nihil
676 3864 825 3929 RAGffo3
844 3862 933 3915 nihilo
952 3879 1009 3932 epp
1028 3862 1131 3930 Hoffm.
