3284 4459
326 488 392 552 482
731 500 752 541 s.
767 500 931 543 saansaan

328 639 407 697 mino
443 638 645 715 omnipotente
674 653 707 695 se
744 638 875 696 missum.
935 634 1008 705 Quis
1037 634 1085 695 hic
1113 634 1220 695 audeat
1247 636 1341 697 intel-¹

327 725 426 804 legere
449 726 506 785 nisi
529 723 678 784 Christum
701 723 880 802 loquentem,
904 723 1017 783 scilicet
1039 721 1144 783 ovibrm
1167 741 1242 802 qnae
1264 743 1334 804 per·

327 816 422 873 ierant
444 812 549 873 domus
567 808 679 873 lsrael?
714 812 762 871 Ait
781 829 908 889 namque
931 814 962 871 in
985 810 1149 889 evangelio:
1178 812 1244 873 Non
1266 830 1335 873 sum

327 906 434 963 messus
460 903 522 961 nisi
546 902 590 962 ad
614 918 683 963 oves
705 918 783 975 quae
802 904 965 976 perierunt
986 902 1091 960 manus
1114 900 1230 972 Israel,·
1259 918 1335 979 quas

292 990 375 1052 alric
399 991 578 1068 comparavit
599 988 726 1069 pupillae
741 988 819 1049 ocirli
833 987 886 1048 Dei
909 995 1031 1066 propter
1054 988 1345 1049 excellentissimum

328 1077 492 1138 dilectionis
528 1078 679 1157 allectum3
715 1095 751 1136 ex
788 1094 846 1155 qno
879 1094 988 1155 genere
1025 1078 1123 1136 ovium
1155 1079 1244 1137 etiam
1259 1114 1263 1123 ·
1276 1080 1335 1156 ipsi

327 1165 452 1245 apostoli
474 1166 604 1227 inerunt.
650 1164 708 1225 Sed
736 1173 804 1244 post
831 1163 953 1243 gloriam
977 1166 1205 1224 resurrectionis
1228 1167 1333 1244 ntique

328 1272 398 1315 suae
427 1247 520 1335 (qaae
548 1261 703 1331 antequam
731 1254 831 1333 lieret,
859 1255 899 1312 ait
926 1252 1118 1331 evangelista:
1151 1254 1237 1313 Iesus
1258 1272 1335 1315 non·

328 1344 399 1403 dum
420 1349 492 1403 erat
508 1335 715 1424 clarificatus)
742 1343 831 1401 etiam
861 1358 951 1419 super
974 1349 1077 1419 gentes
1102 1342 1209 1402 missus
1233 1350 1279 1402 est
1301 1344 1334 1402 in

278 1443 309 1491 ιο
328 1430 468 1511 apostolis
491 1432 566 1510 suis,
592 1447 627 1490 ac
654 1432 697 1489 sio
725 1427 877 1508 impletum
901 1428 1048 1507 estquod
1072 1431 1102 1489 in
1125 1428 1238 1509 psalmo
1260 1429 1334 1508 legi-

328 1528 389 1581 tur:
412 1520 511 1579 Erues
533 1535 581 1579 nse
598 1519 637 1579 de
653 1519 946 1579 contradictionibus
963 1520 1078 1593 popuii,
1102 1521 1263 1580 constitues
1285 1536 1337 1580 me

327 1611 359 1669 in
382 1613 476 1682 caput
494 1609 642 1681 nentium,
673 1613 719 1686 ut,
746 1608 798 1684 qni
821 1605 1017 1684 spoliaverant
1038 1604 1186 1665 israelitas
1210 1604 1333 1684 quibus·

327 1713 385 1773 que
412 1692 561 1754 lsraelitae
589 1695 766 1773 servierant,
798 1693 915 1771 qnando
943 1702 1013 1753 sant
1045 1692 1182 1771 gentibus
1211 1692 1334 1774 subditi,

327 1800 386 1842 non
417 1784 546 1841 vicissim
574 1782 678 1841 eodem
707 1781 793 1841 modo
822 1780 1038 1861 spoliarentur,
1071 1781 1122 1841 sed
1153 1783 1210 1861 ipsi
1240 1782 1334 1861 spolia

276 1883 308 1931 15
327 1872 432 1931 fierent
449 1868 647 1931 Israelitarum
667 1866 737 1950 (hoc
756 1871 834 1929 enim
854 1868 992 1947 apostolis
1016 1871 1192 1949 promiserat
1214 1869 1334 1931 dicens:

326 1960 453 2019 Faciam
477 1975 527 2019 aas
545 1961 716 2036 piscatores
739 1960 903 2033 nominum,
927 1965 957 2017 et
980 1960 1032 2019 uni
1055 1976 1172 2018 eorum:
1202 1959 1252 2019 Eu
1274 1961 1336 2020 itae

327 2051 399 2122 iam,
431 2048 540 2125 inquit,
571 2048 704 2108 nomines
732 2048 794 2107 eris
821 2038 977 2129 capiens);
1010 2045 1100 2124 spolia
1124 2064 1194 2125 ergo
1217 2047 1334 2128 fierent,

326 2135 431 2195 sedin
454 2133 573 2216 bonum,
596 2143 745 2212 tamqnam
768 2143 869 2211 erepta
892 2150 959 2193 vasa
982 2133 1023 2192 illi
1047 2134 1125 2215 lorti,
1149 2133 1201 2194 sed
1225 2134 1334 2195 lortius

325 2223 450 2303 alligato.

273 2327 307 2375 2ο
413 2311 487 2372 ltem
514 2329 568 2391 per
596 2310 722 2371 eundem
750 2309 924 2389 prophetam
955 2308 1097 2369 [lominus
1127 2309 1264 2389 loquens:
1293 2314 1336 2373 Et

326 2403 398 2480 erit,
424 2401 536 2479 inquit,
564 2402 596 2460 in
625 2402 675 2460 die
704 2402 757 2459 itia
784 2414 932 2473 quaeram
955 2396 1206 2473 auferreamnes
1226 2408 1335 2474 pentes

326 2506 405 2564 quae
426 2492 550 2548 ueniunt
572 2493 681 2549 cantra
703 2486 908 2559 Hiermutm,
936 2492 966 2547 et
988 2486 1143 2559 effundam
1164 2504 1257 2563 super
1280 2491 1333 2549 do-
1426 2526 1427 2529 =

325 2593 405 2637 mum
436 2576 538 2636 Dauid
568 2581 598 2635 et
627 2592 720 2652 super
751 2576 938 2635 habitatores
969 2573 1161 2635 Hierusalem
1192 2577 1334 2651 spiritum

323 2666 448 2740 cratiae
479 2668 509 2723 et
538 2664 784 2733 misericordiam
820 2670 849 2724 et
880 2664 1030 2739 aspicient
1061 2664 1104 2723 ad
1133 2680 1180 2723 nte
1207 2681 1265 2738 pro
1296 2682 1333 2726 eo

272 2761 306 2811 21
325 2753 407 2827 quod
427 2752 657 2825 insultaverunt,
680 2757 711 2810 et
727 2754 875 2826 ptanpent
895 2762 988 2826 super
1010 2767 1045 2811 eo
1065 2754 1221 2826 planctum
1243 2756 1338 2826 quasi

325 2856 417 2915 super
444 2841 650 2910 carissimum,
678 2844 708 2898 et
734 2840 877 2899 dolebunt
903 2841 1006 2900 dotare
1034 2842 1124 2913 quasi
1148 2856 1241 2915 super
1264 2844 1334 2901 uni·

324 2928 467 3003 penitum.
512 2925 660 3004 Numquid
693 2927 750 2986 nisi
780 2925 833 2986 Dei
865 2936 911 2986 est
943 2927 1060 2986 anferre
1093 2944 1195 2987 omnes
1228 2937 1334 3006 gentes

325 3016 458 3075 inimicas
482 3023 599 3074 sanctae
618 3015 743 3073 civitatis
760 3013 954 3093 Hierusalem,
978 3032 1053 3092 qnae
1076 3018 1200 3076 ueniunt
1221 3024 1336 3077 contra

327 3121 406 3182 eam,
428 3102 457 3162 id
481 3111 528 3162 est
550 3104 713 3161 contrariae
737 3110 807 3163 sunt
831 3105 871 3181 ei,
894 3101 953 3182 vel,
976 3104 1054 3163 sicut
1075 3102 1124 3162 alii
1148 3112 1217 3164 sant
1240 3105 1334 3164 inter·

271 3201 306 3250 30
325 3193 441 3271 promti,
463 3193 587 3251 ueniunt
608 3209 700 3265 super
723 3208 796 3271 eam,
818 3190 848 3249 id
872 3198 926 3269 est,
948 3198 983 3251 at
1004 3208 1069 3250 eam
1092 3189 1148 3250 sibi
1172 3190 1335 3273 subiciant3

325 3290 374 3341 aut
389 3277 541 3340 effundere
556 3296 646 3357 super
660 3277 778 3338 domum
794 3277 883 3338 liavid
898 3285 928 3337 et
947 3296 1037 3357 super
1055 3277 1234 3339 habitatores
1254 3282 1334 3341 eius-

325 3367 393 3428 dem
411 3368 536 3428 civitatis
555 3368 691 3446 spiritum
709 3367 820 3445 gratiae
835 3374 865 3426 et
879 3362 1118 3426 misericordiae?
1149 3365 1213 3427 llos
1227 3370 1333 3446 utique

393 3482 1334 3553 4)Μ115241073912)Ρε.17,44.16)Μ1.4,.19

323 3553 431 3624 17)Ι1(1
451 3559 476 3619 5,
492 3558 532 3606 10
572 3553 682 3623 19)Μ1.
704 3559 746 3620 12,
760 3558 802 3606 29,
841 3555 885 3623 27)
901 3485 985 3608 Zaoh.
1007 3560 1039 3607 12
1043 3560 1130 3622 ‚.9aq

393 3689 428 3737 20
446 3682 483 3736 Ei
501 3700 550 3738 om.
567 3684 594 3737 L
594 3686 640 3753 ΙΙ
653 3690 687 3737 25
706 3690 775 3753 etp
791 3689 851 3751 483,
867 3690 984 3755 isuper
1004 3686 1230 3758 aoRAnbeppn
1250 3702 1339 3757 supet·

324 3774 387 3813 eum
407 3753 637 3822 Gaallplanciu
654 3773 672 3824 p
