<?xml version="1.0" encoding="UTF-8"?>
<!DOCTYPE html PUBLIC "-//W3C//DTD XHTML 1.0 Transitional//EN"
    "http://www.w3.org/TR/xhtml1/DTD/xhtml1-transitional.dtd">
<html xmlns="http://www.w3.org/1999/xhtml" xml:lang="en" lang="en">
 <head>
  <title>
</title>
<meta http-equiv="Content-Type" content="text/html;charset=utf-8" />
  <meta name='ocr-system' content='tesseract 3.04.00' />
  <meta name='ocr-capabilities' content='ocr_page ocr_carea ocr_par ocr_line ocrx_word'/>
</head>
<body>
  <div class='ocr_page' id='page_1' title='image "./sanctiaureliiau11augugoog_0624.png"; bbox 0 0 3284 4459; ppageno 0'>
   <div class='ocr_carea' id='block_1_1' title="bbox 327 474 931 539">
    <p class='ocr_par' dir='ltr' id='par_1_1' title="bbox 327 474 931 539">
     <span class='ocr_line' id='line_1_1' title="bbox 327 474 931 539; baseline -0.017 0"><span class='ocrx_word' id='word_1_1' title='bbox 327 474 392 539; x_wconf 89' lang='grc'><strong>606</strong></span> <span class='ocrx_word' id='word_1_2' title='bbox 729 486 931 531; x_wconf 76' lang='lat' dir='ltr'><strong>sancusmm</strong></span> 
     </span>
    </p>
   </div>
   <div class='ocr_carea' id='block_1_2' title="bbox 274 620 1381 3173">
    <p class='ocr_par' dir='ltr' id='par_1_2' title="bbox 274 620 1381 3173">
     <span class='ocr_line' id='line_1_2' title="bbox 327 620 1338 704; baseline 0 -21"><span class='ocrx_word' id='word_1_3' title='bbox 327 621 503 704; x_wconf 85' lang='lat' dir='ltr'><strong>bestiarum,</strong></span> <span class='ocrx_word' id='word_1_4' title='bbox 533 642 549 684; x_wconf 91' lang='lat' dir='ltr'><strong>a</strong></span> <span class='ocrx_word' id='word_1_5' title='bbox 572 623 704 684; x_wconf 85' lang='lat' dir='ltr'><strong>ferarum</strong></span> <span class='ocrx_word' id='word_1_6' title='bbox 725 623 772 684; x_wconf 86' lang='lat' dir='ltr'><strong>vel</strong></span> <span class='ocrx_word' id='word_1_7' title='bbox 793 623 997 684; x_wconf 90' lang='lat' dir='ltr'><strong>tantummodo</strong></span> <span class='ocrx_word' id='word_1_8' title='bbox 1020 622 1154 685; x_wconf 90' lang='lat' dir='ltr'><strong>molestis</strong></span> <span class='ocrx_word' id='word_1_9' title='bbox 1176 620 1223 683; x_wconf 85' lang='lat' dir='ltr'><strong>rel</strong></span> <span class='ocrx_word' id='word_1_10' title='bbox 1246 624 1338 683; x_wconf 88' lang='lat' dir='ltr'><strong>etiam</strong></span> 
     </span>
     <span class='ocr_line' id='line_1_3' title="bbox 327 709 1338 793; baseline 0 -22"><span class='ocrx_word' id='word_1_11' title='bbox 327 711 488 772; x_wconf 79' lang='lat' dir='ltr'><strong>mortiferis</strong></span> <span class='ocrx_word' id='word_1_12' title='bbox 520 710 685 793; x_wconf 83' lang='lat' dir='ltr'>morsibus,</span> <span class='ocrx_word' id='word_1_13' title='bbox 717 729 733 772; x_wconf 93' lang='lat' dir='ltr'><strong>a</strong></span> <span class='ocrx_word' id='word_1_14' title='bbox 764 710 846 772; x_wconf 83' lang='lat' dir='ltr'><strong>rabie</strong></span> <span class='ocrx_word' id='word_1_15' title='bbox 879 730 954 790; x_wconf 90' lang='lat' dir='ltr'><strong>quae</strong></span> <span class='ocrx_word' id='word_1_16' title='bbox 986 713 1132 790; x_wconf 85' lang='lat' dir='ltr'><strong>contingit</strong></span> <span class='ocrx_word' id='word_1_17' title='bbox 1162 728 1200 771; x_wconf 82' lang='lat' dir='ltr'><strong>ex</strong></span> <span class='ocrx_word' id='word_1_18' title='bbox 1232 709 1338 771; x_wconf 90' lang='lat' dir='ltr'><strong>rabido</strong></span> 
     </span>
     <span class='ocr_line' id='line_1_4' title="bbox 327 797 1336 880; baseline 0.001 -21"><span class='ocrx_word' id='word_1_19' title='bbox 327 817 413 880; x_wconf 89' lang='lat' dir='ltr'><strong>cane,</strong></span> <span class='ocrx_word' id='word_1_20' title='bbox 440 806 474 859; x_wconf 92' lang='lat' dir='ltr'><strong>ut</strong></span> <span class='ocrx_word' id='word_1_21' title='bbox 500 802 588 861; x_wconf 89' lang='lat' dir='ltr'><strong>etiam</strong></span> <span class='ocrx_word' id='word_1_22' title='bbox 614 798 720 860; x_wconf 89' lang='lat' dir='ltr'><strong>blanda</strong></span> <span class='ocrx_word' id='word_1_23' title='bbox 747 808 778 860; x_wconf 92' lang='lat' dir='ltr'><strong>et</strong></span> <span class='ocrx_word' id='word_1_24' title='bbox 806 802 899 861; x_wconf 91' lang='lat' dir='ltr'><strong>amica</strong></span> <span class='ocrx_word' id='word_1_25' title='bbox 922 818 977 861; x_wconf 91' lang='lat' dir='ltr'><strong>sno</strong></span> <span class='ocrx_word' id='word_1_26' title='bbox 1000 799 1121 860; x_wconf 90' lang='lat' dir='ltr'><strong>domino</strong></span> <span class='ocrx_word' id='word_1_27' title='bbox 1143 797 1238 860; x_wconf 88' lang='lat' dir='ltr'><strong>bestia</strong></span> <span class='ocrx_word' id='word_1_28' title='bbox 1261 817 1336 860; x_wconf 92' lang='lat' dir='ltr'><strong>non·</strong></span> 
     </span>
     <span class='ocr_line' id='line_1_5' title="bbox 327 887 1338 967; baseline -0.001 -19"><span class='ocrx_word' id='word_1_29' title='bbox 327 905 489 966; x_wconf 81' lang='lat' dir='ltr'><strong>numquam</strong></span> <span class='ocrx_word' id='word_1_30' title='bbox 511 888 715 949; x_wconf 86' lang='lat' dir='ltr'><strong>vehementius</strong></span> <span class='ocrx_word' id='word_1_31' title='bbox 738 897 768 949; x_wconf 93' lang='lat' dir='ltr'><strong>et</strong></span> <span class='ocrx_word' id='word_1_32' title='bbox 791 890 919 950; x_wconf 89' lang='lat' dir='ltr'><strong>amarius</strong></span> <span class='ocrx_word' id='word_1_33' title='bbox 942 906 1030 967; x_wconf 89' lang='lat' dir='ltr'><strong>quam</strong></span> <span class='ocrx_word' id='word_1_34' title='bbox 1052 887 1155 948; x_wconf 91' lang='lat' dir='ltr'><strong>leones</strong></span> <span class='ocrx_word' id='word_1_35' title='bbox 1178 887 1338 948; x_wconf 90' lang='lat' dir='ltr'><strong>dracones·</strong></span> 
     </span>
     <span class='ocr_line' id='line_1_6' title="bbox 292 975 1338 1057; baseline -0.001 -21"><span class='ocrx_word' id='word_1_36' title='bbox 292 986 386 1056; x_wconf 82' lang='lat' dir='ltr'><strong>tque</strong></span> <span class='ocrx_word' id='word_1_37' title='bbox 414 984 563 1038; x_wconf 75' lang='lat' dir='ltr'><strong>metuatur</strong></span> <span class='ocrx_word' id='word_1_38' title='bbox 593 976 739 1055; x_wconf 86' lang='lat' dir='ltr'><strong>faciatque</strong></span> <span class='ocrx_word' id='word_1_39' title='bbox 766 976 930 1057; x_wconf 85' lang='lat' dir='ltr'><strong>hominem,</strong></span> <span class='ocrx_word' id='word_1_40' title='bbox 957 994 1047 1055; x_wconf 89' lang='lat' dir='ltr'><strong>quem</strong></span> <span class='ocrx_word' id='word_1_41' title='bbox 1076 976 1153 1037; x_wconf 86' lang='lat' dir='ltr'><strong>forte</strong></span> <span class='ocrx_word' id='word_1_42' title='bbox 1176 975 1338 1037; x_wconf 84' lang='lat' dir='ltr'><strong>adtamina-</strong></span> 
     </span>
     <span class='ocr_line' id='line_1_7' title="bbox 327 1064 1339 1146; baseline -0.003 -21"><span class='ocrx_word' id='word_1_43' title='bbox 327 1066 416 1145; x_wconf 73' lang='lat' dir='ltr'><strong>rent,</strong></span> <span class='ocrx_word' id='word_1_44' title='bbox 445 1066 620 1144; x_wconf 75' lang='lat' dir='ltr'><strong>contagione</strong></span> <span class='ocrx_word' id='word_1_45' title='bbox 643 1065 784 1143; x_wconf 90' lang='lat' dir='ltr'><strong>pestifera</strong></span> <span class='ocrx_word' id='word_1_46' title='bbox 806 1067 847 1125; x_wconf 92' lang='lat' dir='ltr'><strong>ita</strong></span> <span class='ocrx_word' id='word_1_47' title='bbox 873 1064 1037 1146; x_wconf 86' lang='lat' dir='ltr'><strong>rabiosum,</strong></span> <span class='ocrx_word' id='word_1_48' title='bbox 1064 1074 1099 1125; x_wconf 93' lang='lat' dir='ltr'><strong>ut</strong></span> <span class='ocrx_word' id='word_1_49' title='bbox 1121 1064 1339 1144; x_wconf 89' lang='lat' dir='ltr'><strong>aparentibus</strong></span> 
     </span>
     <span class='ocr_line' id='line_1_8' title="bbox 327 1151 1338 1233; baseline -0.001 -20"><span class='ocrx_word' id='word_1_50' title='bbox 327 1155 453 1231; x_wconf 89' lang='lat' dir='ltr'><strong>confuge</strong></span> <span class='ocrx_word' id='word_1_51' title='bbox 480 1152 548 1214; x_wconf 87' lang='lat' dir='ltr'><strong>filiis</strong></span> <span class='ocrx_word' id='word_1_52' title='bbox 574 1155 660 1233; x_wconf 89' lang='lat' dir='ltr'><strong>peius</strong></span> <span class='ocrx_word' id='word_1_53' title='bbox 692 1155 773 1214; x_wconf 91' lang='lat' dir='ltr'><strong>omni</strong></span> <span class='ocrx_word' id='word_1_54' title='bbox 801 1151 896 1214; x_wconf 90' lang='lat' dir='ltr'><strong>bestia</strong></span> <span class='ocrx_word' id='word_1_55' title='bbox 929 1151 1119 1213; x_wconf 81' lang='lat' dir='ltr'><strong>formidetur!</strong></span> <span class='ocrx_word' id='word_1_56' title='bbox 1156 1152 1237 1223; x_wconf 86' lang='lat' dir='ltr'><strong>Quae</strong></span> <span class='ocrx_word' id='word_1_57' title='bbox 1261 1152 1338 1212; x_wconf 89' lang='lat' dir='ltr'><strong>mala</strong></span> 
     </span>
     <span class='ocr_line' id='line_1_9' title="bbox 325 1240 1337 1321; baseline 0 -20"><span class='ocrx_word' id='word_1_58' title='bbox 325 1243 480 1321; x_wconf 92' lang='lat' dir='ltr'><strong>patiuntur</strong></span> <span class='ocrx_word' id='word_1_59' title='bbox 516 1240 698 1320; x_wconf 78' lang='lat' dir='ltr'><strong>navigantesl</strong></span> <span class='ocrx_word' id='word_1_60' title='bbox 739 1259 814 1321; x_wconf 88' lang='lat' dir='ltr'><strong>quae</strong></span> <span class='ocrx_word' id='word_1_61' title='bbox 855 1250 975 1302; x_wconf 87' lang='lat' dir='ltr'><strong>terrena</strong></span> <span class='ocrx_word' id='word_1_62' title='bbox 1009 1244 1117 1303; x_wconf 88' lang='lat' dir='ltr'><strong>itinera</strong></span> <span class='ocrx_word' id='word_1_63' title='bbox 1153 1240 1337 1321; x_wconf 79' lang='lat' dir='ltr'><strong>gradientes!</strong></span> 
     </span>
     <span class='ocr_line' id='line_1_10' title="bbox 327 1326 1339 1410; baseline -0.001 -20"><span class='ocrx_word' id='word_1_64' title='bbox 327 1329 401 1400; x_wconf 83' lang='lat' dir='ltr'><strong>Quis</strong></span> <span class='ocrx_word' id='word_1_65' title='bbox 419 1328 549 1391; x_wconf 90' lang='lat' dir='ltr'><strong>ambulat</strong></span> <span class='ocrx_word' id='word_1_66' title='bbox 566 1328 746 1409; x_wconf 88' lang='lat' dir='ltr'><strong>ubicumque</strong></span> <span class='ocrx_word' id='word_1_67' title='bbox 765 1347 824 1389; x_wconf 91' lang='lat' dir='ltr'><strong>non</strong></span> <span class='ocrx_word' id='word_1_68' title='bbox 843 1330 1003 1410; x_wconf 74' lang='lat' dir='ltr'><strong>inopinafis</strong></span> <span class='ocrx_word' id='word_1_69' title='bbox 1021 1328 1177 1391; x_wconf 85' lang='lat' dir='ltr'><strong>subiacens</strong></span> <span class='ocrx_word' id='word_1_70' title='bbox 1196 1326 1339 1391; x_wconf 80' lang='lat' dir='ltr'><strong>casibus?</strong></span> 
     </span>
     <span class='ocr_line' id='line_1_11' title="bbox 276 1416 1337 1498; baseline 0.001 -21"><span class='ocrx_word' id='word_1_71' title='bbox 276 1430 308 1479; x_wconf 80' lang='grc' dir='ltr'><strong>ιο</strong></span> <span class='ocrx_word' id='word_1_72' title='bbox 327 1417 368 1478; x_wconf 87' lang='lat' dir='ltr'><strong>De</strong></span> <span class='ocrx_word' id='word_1_73' title='bbox 392 1419 456 1478; x_wconf 92' lang='lat' dir='ltr'><strong>foro</strong></span> <span class='ocrx_word' id='word_1_74' title='bbox 485 1418 603 1497; x_wconf 87' lang='lat' dir='ltr'><strong>quidam</strong></span> <span class='ocrx_word' id='word_1_75' title='bbox 631 1418 749 1479; x_wconf 88' lang='lat' dir='ltr'><strong>rediens</strong></span> <span class='ocrx_word' id='word_1_76' title='bbox 779 1418 899 1479; x_wconf 91' lang='lat' dir='ltr'><strong>domum</strong></span> <span class='ocrx_word' id='word_1_77' title='bbox 923 1418 1002 1478; x_wconf 90' lang='lat' dir='ltr'><strong>sanis</strong></span> <span class='ocrx_word' id='word_1_78' title='bbox 1024 1416 1150 1498; x_wconf 90' lang='lat' dir='ltr'><strong>pedibus</strong></span> <span class='ocrx_word' id='word_1_79' title='bbox 1173 1419 1236 1478; x_wconf 91' lang='lat' dir='ltr'><strong>suis</strong></span> <span class='ocrx_word' id='word_1_80' title='bbox 1259 1420 1337 1479; x_wconf 90' lang='lat' dir='ltr'><strong>ceci-</strong></span> 
     </span>
     <span class='ocr_line' id='line_1_12' title="bbox 327 1505 1336 1587; baseline 0.003 -22"><span class='ocrx_word' id='word_1_81' title='bbox 327 1505 386 1586; x_wconf 86' lang='lat' dir='ltr'><strong>dit,</strong></span> <span class='ocrx_word' id='word_1_82' title='bbox 413 1507 518 1587; x_wconf 91' lang='lat' dir='ltr'><strong>pedem</strong></span> <span class='ocrx_word' id='word_1_83' title='bbox 547 1506 636 1585; x_wconf 87' lang='lat' dir='ltr'><strong>fregit</strong></span> <span class='ocrx_word' id='word_1_84' title='bbox 662 1514 693 1567; x_wconf 90' lang='lat' dir='ltr'><strong>ct</strong></span> <span class='ocrx_word' id='word_1_85' title='bbox 720 1524 756 1567; x_wconf 86' lang='lat' dir='ltr'><strong>ex</strong></span> <span class='ocrx_word' id='word_1_86' title='bbox 783 1506 833 1567; x_wconf 95' lang='lat' dir='ltr'><strong>illo</strong></span> <span class='ocrx_word' id='word_1_87' title='bbox 860 1506 983 1567; x_wconf 87' lang='lat' dir='ltr'><strong>vulnere</strong></span> <span class='ocrx_word' id='word_1_88' title='bbox 1012 1506 1106 1566; x_wconf 87' lang='lat' dir='ltr'><strong>linivit</strong></span> <span class='ocrx_word' id='word_1_89' title='bbox 1132 1505 1209 1567; x_wconf 91' lang='lat' dir='ltr'><strong>hanc</strong></span> <span class='ocrx_word' id='word_1_90' title='bbox 1236 1508 1336 1568; x_wconf 84' lang='lat' dir='ltr'><strong>vitam.</strong></span> 
     </span>
     <span class='ocr_line' id='line_1_13' title="bbox 327 1591 1337 1675; baseline -0.001 -20"><span class='ocrx_word' id='word_1_91' title='bbox 327 1593 405 1665; x_wconf 78' lang='lat' dir='ltr'><strong>Quid</strong></span> <span class='ocrx_word' id='word_1_92' title='bbox 428 1595 544 1656; x_wconf 89' lang='lat' dir='ltr'><strong>videtur</strong></span> <span class='ocrx_word' id='word_1_93' title='bbox 563 1594 684 1656; x_wconf 86' lang='lat' dir='ltr'><strong>sedente</strong></span> <span class='ocrx_word' id='word_1_94' title='bbox 708 1591 865 1656; x_wconf 82' lang='lat' dir='ltr'><strong>securius?</strong></span> <span class='ocrx_word' id='word_1_95' title='bbox 901 1593 943 1655; x_wconf 87' lang='lat' dir='ltr'><strong>De</strong></span> <span class='ocrx_word' id='word_1_96' title='bbox 967 1594 1047 1675; x_wconf 86' lang='lat' dir='ltr'><strong>sella,</strong></span> <span class='ocrx_word' id='word_1_97' title='bbox 1068 1596 1100 1655; x_wconf 90' lang='lat' dir='ltr'><strong>iu</strong></span> <span class='ocrx_word' id='word_1_98' title='bbox 1124 1612 1182 1673; x_wconf 92' lang='lat' dir='ltr'><strong>qua</strong></span> <span class='ocrx_word' id='word_1_99' title='bbox 1204 1593 1337 1675; x_wconf 83' lang='lat' dir='ltr'><strong>sedehat,</strong></span> 
     </span>
     <span class='ocr_line' id='line_1_14' title="bbox 327 1681 1336 1763; baseline 0.001 -21"><span class='ocrx_word' id='word_1_100' title='bbox 327 1681 434 1743; x_wconf 90' lang='lat' dir='ltr'><strong>cecidit</strong></span> <span class='ocrx_word' id='word_1_101' title='bbox 462 1681 529 1743; x_wconf 89' lang='lat' dir='ltr'><strong>lleli</strong></span> <span class='ocrx_word' id='word_1_102' title='bbox 557 1683 696 1744; x_wconf 79' lang='lat' dir='ltr'><strong>sacerdos</strong></span> <span class='ocrx_word' id='word_1_103' title='bbox 723 1692 754 1744; x_wconf 92' lang='lat' dir='ltr'><strong>et</strong></span> <span class='ocrx_word' id='word_1_104' title='bbox 782 1690 921 1744; x_wconf 84' lang='lat' dir='ltr'><strong>mortuus</strong></span> <span class='ocrx_word' id='word_1_105' title='bbox 946 1690 1001 1744; x_wconf 83' lang='lat' dir='ltr'><strong>est</strong></span> <span class='ocrx_word' id='word_1_106' title='bbox 1046 1681 1215 1763; x_wconf 76' lang='lat' dir='ltr'><strong>Agricolae,</strong></span> <span class='ocrx_word' id='word_1_107' title='bbox 1244 1684 1336 1743; x_wconf 90' lang='lat' dir='ltr'><strong>immo</strong></span> 
     </span>
     <span class='ocr_line' id='line_1_15' title="bbox 326 1770 1335 1853; baseline 0.001 -23"><span class='ocrx_word' id='word_1_108' title='bbox 326 1788 396 1831; x_wconf 87' lang='lat' dir='ltr'><strong>vero</strong></span> <span class='ocrx_word' id='word_1_109' title='bbox 425 1788 527 1832; x_wconf 90' lang='lat' dir='ltr'><strong>omnes</strong></span> <span class='ocrx_word' id='word_1_110' title='bbox 554 1770 703 1853; x_wconf 88' lang='lat' dir='ltr'><strong>homines,</strong></span> <span class='ocrx_word' id='word_1_111' title='bbox 730 1780 803 1850; x_wconf 87' lang='lat' dir='ltr'><strong>quot</strong></span> <span class='ocrx_word' id='word_1_112' title='bbox 830 1779 860 1832; x_wconf 88' lang='lat' dir='ltr'><strong>et</strong></span> <span class='ocrx_word' id='word_1_113' title='bbox 888 1778 1014 1850; x_wconf 87' lang='lat' dir='ltr'><strong>quantos</strong></span> <span class='ocrx_word' id='word_1_114' title='bbox 1043 1789 1061 1831; x_wconf 90' lang='lat' dir='ltr'><strong>a</strong></span> <span class='ocrx_word' id='word_1_115' title='bbox 1087 1770 1169 1831; x_wconf 89' lang='lat' dir='ltr'><strong>caelo</strong></span> <span class='ocrx_word' id='word_1_116' title='bbox 1196 1778 1227 1831; x_wconf 92' lang='lat' dir='ltr'><strong>et</strong></span> <span class='ocrx_word' id='word_1_117' title='bbox 1255 1779 1335 1831; x_wconf 88' lang='lat' dir='ltr'><strong>terra</strong></span> 
     </span>
     <span class='ocr_line' id='line_1_16' title="bbox 275 1857 1336 1938; baseline 0.001 -20"><span class='ocrx_word' id='word_1_118' title='bbox 275 1868 308 1920; x_wconf 84' lang='lat' dir='ltr'><strong>tt</strong></span> <span class='ocrx_word' id='word_1_119' title='bbox 327 1857 373 1919; x_wconf 83' lang='lat' dir='ltr'><strong>ref</strong></span> <span class='ocrx_word' id='word_1_120' title='bbox 395 1875 412 1919; x_wconf 89' lang='lat' dir='ltr'><strong>a</strong></span> <span class='ocrx_word' id='word_1_121' title='bbox 433 1860 610 1938; x_wconf 87' lang='lat' dir='ltr'><strong>perniciosis</strong></span> <span class='ocrx_word' id='word_1_122' title='bbox 637 1860 812 1921; x_wconf 88' lang='lat' dir='ltr'><strong>animalibus</strong></span> <span class='ocrx_word' id='word_1_123' title='bbox 841 1878 928 1920; x_wconf 89' lang='lat' dir='ltr'><strong>casus</strong></span> <span class='ocrx_word' id='word_1_124' title='bbox 951 1867 1088 1920; x_wconf 90' lang='lat' dir='ltr'><strong>metuunt</strong></span> <span class='ocrx_word' id='word_1_125' title='bbox 1110 1876 1251 1938; x_wconf 90' lang='lat' dir='ltr'><strong>agrorum</strong></span> <span class='ocrx_word' id='word_1_126' title='bbox 1273 1859 1336 1920; x_wconf 91' lang='lat' dir='ltr'><strong>fru-</strong></span> 
     </span>
     <span class='ocr_line' id='line_1_17' title="bbox 327 1945 1336 2009; baseline 0.001 -2"><span class='ocrx_word' id='word_1_127' title='bbox 327 1945 438 2007; x_wconf 90' lang='lat' dir='ltr'><strong>ctibusf</strong></span> <span class='ocrx_word' id='word_1_128' title='bbox 475 1946 578 2008; x_wconf 88' lang='lat' dir='ltr'><strong>Solent</strong></span> <span class='ocrx_word' id='word_1_129' title='bbox 607 1956 706 2009; x_wconf 92' lang='lat' dir='ltr'><strong>tamen</strong></span> <span class='ocrx_word' id='word_1_130' title='bbox 734 1947 771 2009; x_wconf 89' lang='lat' dir='ltr'><strong>de</strong></span> <span class='ocrx_word' id='word_1_131' title='bbox 802 1949 960 2009; x_wconf 88' lang='lat' dir='ltr'><strong>frumentis</strong></span> <span class='ocrx_word' id='word_1_132' title='bbox 991 1947 1110 2008; x_wconf 90' lang='lat' dir='ltr'><strong>tandem</strong></span> <span class='ocrx_word' id='word_1_133' title='bbox 1140 1946 1272 2008; x_wconf 85' lang='lat' dir='ltr'><strong>collectis</strong></span> <span class='ocrx_word' id='word_1_134' title='bbox 1305 1956 1336 2008; x_wconf 89' lang='lat' dir='ltr'><strong>et</strong></span> 
     </span>
     <span class='ocr_line' id='line_1_18' title="bbox 327 2035 1336 2118; baseline 0.002 -23"><span class='ocrx_word' id='word_1_135' title='bbox 327 2035 486 2097; x_wconf 89' lang='lat' dir='ltr'><strong>reconditis</strong></span> <span class='ocrx_word' id='word_1_136' title='bbox 517 2053 582 2097; x_wconf 92' lang='lat' dir='ltr'><strong>esse</strong></span> <span class='ocrx_word' id='word_1_137' title='bbox 615 2038 722 2099; x_wconf 88' lang='lat' dir='ltr'><strong>securi.</strong></span> <span class='ocrx_word' id='word_1_138' title='bbox 772 2035 831 2097; x_wconf 86' lang='lat' dir='ltr'><strong>Sed</strong></span> <span class='ocrx_word' id='word_1_139' title='bbox 862 2035 1054 2117; x_wconf 85' lang='lat' dir='ltr'><strong>quibusdam,</strong></span> <span class='ocrx_word' id='word_1_140' title='bbox 1081 2035 1160 2115; x_wconf 88' lang='lat' dir='ltr'><strong>quod</strong></span> <span class='ocrx_word' id='word_1_141' title='bbox 1189 2038 1336 2118; x_wconf 83' lang='lat' dir='ltr'><strong>norimus,</strong></span> 
     </span>
     <span class='ocr_line' id='line_1_19' title="bbox 325 2124 1332 2203; baseline 0.003 -20"><span class='ocrx_word' id='word_1_142' title='bbox 325 2131 502 2203; x_wconf 83' lang='lat' dir='ltr'><strong>proventum</strong></span> <span class='ocrx_word' id='word_1_143' title='bbox 529 2126 673 2203; x_wconf 89' lang='lat' dir='ltr'><strong>optimum</strong></span> <span class='ocrx_word' id='word_1_144' title='bbox 702 2125 920 2187; x_wconf 87' lang='lat' dir='ltr'><strong>frumentorum</strong></span> <span class='ocrx_word' id='word_1_145' title='bbox 951 2124 1060 2186; x_wconf 81' lang='lat' dir='ltr'><strong>fluvius</strong></span> <span class='ocrx_word' id='word_1_146' title='bbox 1088 2125 1257 2203; x_wconf 84' lang='lat' dir='ltr'><strong>inprovisus</strong></span> <span class='ocrx_word' id='word_1_147' title='bbox 1287 2125 1332 2186; x_wconf 86' lang='lat' dir='ltr'><strong>lu·</strong></span> 
     </span>
     <span class='ocr_line' id='line_1_20' title="bbox 326 2210 1334 2292; baseline 0 -20"><span class='ocrx_word' id='word_1_148' title='bbox 326 2210 475 2292; x_wconf 89' lang='lat' dir='ltr'><strong>gientibus</strong></span> <span class='ocrx_word' id='word_1_149' title='bbox 493 2211 663 2273; x_wconf 90' lang='lat' dir='ltr'><strong>hominibus</strong></span> <span class='ocrx_word' id='word_1_150' title='bbox 682 2212 719 2274; x_wconf 91' lang='lat' dir='ltr'><strong>de</strong></span> <span class='ocrx_word' id='word_1_151' title='bbox 737 2213 855 2274; x_wconf 89' lang='lat' dir='ltr'><strong>horreis</strong></span> <span class='ocrx_word' id='word_1_152' title='bbox 874 2214 963 2274; x_wconf 89' lang='lat' dir='ltr'><strong>eiecit</strong></span> <span class='ocrx_word' id='word_1_153' title='bbox 980 2221 1068 2292; x_wconf 86' lang='lat' dir='ltr'><strong>atque</strong></span> <span class='ocrx_word' id='word_1_154' title='bbox 1093 2211 1221 2273; x_wconf 88' lang='lat' dir='ltr'><strong>abstulit.</strong></span> <span class='ocrx_word' id='word_1_155' title='bbox 1259 2210 1334 2273; x_wconf 85' lang='lat' dir='ltr'><strong>Con·</strong></span> 
     </span>
     <span class='ocr_line' id='line_1_21' title="bbox 274 2299 1335 2379; baseline 0.001 -19"><span class='ocrx_word' id='word_1_156' title='bbox 274 2311 308 2361; x_wconf 78' lang='lat'><strong>20</strong></span> <span class='ocrx_word' id='word_1_157' title='bbox 327 2307 374 2360; x_wconf 89' lang='lat' dir='ltr'><strong>tra</strong></span> <span class='ocrx_word' id='word_1_158' title='bbox 401 2299 591 2362; x_wconf 80' lang='lat' dir='ltr'><strong>milleformes</strong></span> <span class='ocrx_word' id='word_1_159' title='bbox 621 2300 797 2363; x_wconf 88' lang='lat' dir='ltr'><strong>daemonum</strong></span> <span class='ocrx_word' id='word_1_160' title='bbox 824 2304 964 2362; x_wconf 84' lang='lat' dir='ltr'><strong>incrrrsus</strong></span> <span class='ocrx_word' id='word_1_161' title='bbox 992 2303 1059 2379; x_wconf 90' lang='lat' dir='ltr'><strong>quis</strong></span> <span class='ocrx_word' id='word_1_162' title='bbox 1088 2302 1258 2361; x_wconf 86' lang='lat' dir='ltr'><strong>innocentia</strong></span> <span class='ocrx_word' id='word_1_163' title='bbox 1281 2319 1335 2361; x_wconf 91' lang='lat' dir='ltr'><strong>sua</strong></span> 
     </span>
     <span class='ocr_line' id='line_1_22' title="bbox 326 2385 1335 2538; baseline 0.002 -91"><span class='ocrx_word' id='word_1_164' title='bbox 326 2385 411 2450; x_wconf 82' lang='lat' dir='ltr'><strong>fidit?</strong></span> <span class='ocrx_word' id='word_1_165' title='bbox 429 2388 546 2467; x_wconf 87' lang='lat' dir='ltr'><strong>quando</strong></span> <span class='ocrx_word' id='word_1_166' title='bbox 560 2389 689 2470; x_wconf 90' lang='lat' dir='ltr'><strong>quidem,</strong></span> <span class='ocrx_word' id='word_1_167' title='bbox 708 2407 745 2450; x_wconf 92' lang='lat' dir='ltr'><strong>ne</strong></span> <span class='ocrx_word' id='word_1_168' title='bbox 751 2392 832 2538; x_wconf 54' lang='lat' dir='ltr'><strong>&#39;puis</strong></span> <span class='ocrx_word' id='word_1_169' title='bbox 849 2389 964 2468; x_wconf 86' lang='lat' dir='ltr'><strong>fideret,</strong></span> <span class='ocrx_word' id='word_1_170' title='bbox 982 2391 1071 2450; x_wconf 91' lang='lat' dir='ltr'><strong>etiam</strong></span> <span class='ocrx_word' id='word_1_171' title='bbox 1087 2387 1226 2468; x_wconf 82' lang='lat' dir='ltr'><strong>parvrdos</strong></span> <span class='ocrx_word' id='word_1_172' title='bbox 1239 2388 1335 2469; x_wconf 90' lang='lat' dir='ltr'><strong>bapti-</strong></span> 
     </span>
     <span class='ocr_line' id='line_1_23' title="bbox 326 2475 1334 2558; baseline 0.001 -21"><span class='ocrx_word' id='word_1_173' title='bbox 326 2484 421 2557; x_wconf 85' lang='lat' dir='ltr'><strong>zatos,</strong></span> <span class='ocrx_word' id='word_1_174' title='bbox 451 2476 559 2555; x_wconf 89' lang='lat' dir='ltr'><strong>quibus</strong></span> <span class='ocrx_word' id='word_1_175' title='bbox 590 2488 671 2539; x_wconf 89' lang='lat' dir='ltr'><strong>certe</strong></span> <span class='ocrx_word' id='word_1_176' title='bbox 699 2478 759 2538; x_wconf 89' lang='lat' dir='ltr'><strong>nih&#39;</strong></span> <span class='ocrx_word' id='word_1_177' title='bbox 800 2487 847 2539; x_wconf 90' lang='lat' dir='ltr'><strong>est</strong></span> <span class='ocrx_word' id='word_1_178' title='bbox 873 2479 1079 2558; x_wconf 86' lang='lat' dir='ltr'><strong>innocentius,</strong></span> <span class='ocrx_word' id='word_1_179' title='bbox 1106 2475 1263 2555; x_wconf 88' lang='lat' dir='ltr'><strong>aliquando</strong></span> <span class='ocrx_word' id='word_1_180' title='bbox 1290 2480 1334 2538; x_wconf 90' lang='lat' dir='ltr'><strong>sic</strong></span> 
     </span>
     <span class='ocr_line' id='line_1_24' title="bbox 326 2565 1335 2645; baseline 0.001 -21"><span class='ocrx_word' id='word_1_181' title='bbox 326 2572 447 2645; x_wconf 83' lang='lat' dir='ltr'><strong>vexant,</strong></span> <span class='ocrx_word' id='word_1_182' title='bbox 478 2572 512 2625; x_wconf 93' lang='lat' dir='ltr'><strong>ut</strong></span> <span class='ocrx_word' id='word_1_183' title='bbox 543 2567 574 2626; x_wconf 90' lang='lat' dir='ltr'><strong>in</strong></span> <span class='ocrx_word' id='word_1_184' title='bbox 601 2568 645 2626; x_wconf 91' lang='lat' dir='ltr'><strong>eis</strong></span> <span class='ocrx_word' id='word_1_185' title='bbox 673 2568 797 2627; x_wconf 84' lang='lat' dir='ltr'><strong>maxime</strong></span> <span class='ocrx_word' id='word_1_186' title='bbox 828 2565 890 2627; x_wconf 77' lang='lat' dir='ltr'><strong>lieo</strong></span> <span class='ocrx_word' id='word_1_187' title='bbox 918 2567 975 2627; x_wconf 86' lang='lat' dir='ltr'><strong>ista</strong></span> <span class='ocrx_word' id='word_1_188' title='bbox 1004 2567 1121 2626; x_wconf 91' lang='lat' dir='ltr'><strong>sinente</strong></span> <span class='ocrx_word' id='word_1_189' title='bbox 1150 2573 1335 2627; x_wconf 89' lang='lat' dir='ltr'><strong>monstretur</strong></span> 
     </span>
     <span class='ocr_line' id='line_1_25' title="bbox 327 2652 1333 2715; baseline 0.001 -3"><span class='ocrx_word' id='word_1_190' title='bbox 327 2652 416 2713; x_wconf 89' lang='lat' dir='ltr'><strong>huius</strong></span> <span class='ocrx_word' id='word_1_191' title='bbox 438 2654 514 2713; x_wconf 87' lang='lat' dir='ltr'><strong>vitae</strong></span> <span class='ocrx_word' id='word_1_192' title='bbox 537 2652 634 2714; x_wconf 85' lang='lat' dir='ltr'><strong>flenda</strong></span> <span class='ocrx_word' id='word_1_193' title='bbox 657 2654 805 2715; x_wconf 87' lang='lat' dir='ltr'><strong>calamitas</strong></span> <span class='ocrx_word' id='word_1_194' title='bbox 828 2663 858 2715; x_wconf 91' lang='lat' dir='ltr'><strong>et</strong></span> <span class='ocrx_word' id='word_1_195' title='bbox 881 2654 1003 2715; x_wconf 87' lang='lat' dir='ltr'><strong>alterius</strong></span> <span class='ocrx_word' id='word_1_196' title='bbox 1025 2652 1219 2713; x_wconf 87' lang='lat' dir='ltr'><strong>desideranda</strong></span> <span class='ocrx_word' id='word_1_197' title='bbox 1242 2652 1333 2715; x_wconf 90' lang='lat' dir='ltr'><strong>felici·</strong></span> 
     </span>
     <span class='ocr_line' id='line_1_26' title="bbox 274 2739 1381 2823; baseline 0.001 -23"><span class='ocrx_word' id='word_1_198' title='bbox 274 2752 307 2801; x_wconf 79' lang='lat'><strong>25</strong></span> <span class='ocrx_word' id='word_1_199' title='bbox 327 2748 380 2801; x_wconf 88' lang='lat' dir='ltr'><strong>tas.</strong></span> <span class='ocrx_word' id='word_1_200' title='bbox 427 2739 485 2801; x_wconf 88' lang='lat' dir='ltr'><strong>lam</strong></span> <span class='ocrx_word' id='word_1_201' title='bbox 515 2759 586 2802; x_wconf 90' lang='lat' dir='ltr'><strong>voro</strong></span> <span class='ocrx_word' id='word_1_202' title='bbox 616 2742 653 2803; x_wconf 92' lang='lat' dir='ltr'><strong>de</strong></span> <span class='ocrx_word' id='word_1_203' title='bbox 682 2744 747 2823; x_wconf 90' lang='lat' dir='ltr'><strong>ipso</strong></span> <span class='ocrx_word' id='word_1_204' title='bbox 777 2760 903 2822; x_wconf 89' lang='lat' dir='ltr'><strong>corpore</strong></span> <span class='ocrx_word' id='word_1_205' title='bbox 930 2750 975 2803; x_wconf 88' lang='lat' dir='ltr'><strong>tot</strong></span> <span class='ocrx_word' id='word_1_206' title='bbox 1002 2743 1133 2803; x_wconf 85' lang='lat' dir='ltr'><strong>existunt</strong></span> <span class='ocrx_word' id='word_1_207' title='bbox 1160 2740 1333 2802; x_wconf 89' lang='lat' dir='ltr'><strong>morborum</strong></span> <span class='ocrx_word' id='word_1_208' title='bbox 1377 2750 1381 2763; x_wconf 86' lang='lat'>&#39;</span> 
     </span>
     <span class='ocr_line' id='line_1_27' title="bbox 325 2827 1334 2911; baseline 0.001 -22"><span class='ocrx_word' id='word_1_209' title='bbox 325 2827 414 2909; x_wconf 89' lang='lat' dir='ltr'><strong>mala,</strong></span> <span class='ocrx_word' id='word_1_210' title='bbox 441 2835 476 2889; x_wconf 89' lang='lat' dir='ltr'><strong>ut</strong></span> <span class='ocrx_word' id='word_1_211' title='bbox 497 2846 553 2891; x_wconf 92' lang='lat' dir='ltr'><strong>nec</strong></span> <span class='ocrx_word' id='word_1_212' title='bbox 575 2828 660 2891; x_wconf 86' lang='lat' dir='ltr'><strong>libris</strong></span> <span class='ocrx_word' id='word_1_213' title='bbox 682 2831 865 2892; x_wconf 90' lang='lat' dir='ltr'><strong>medicorum</strong></span> <span class='ocrx_word' id='word_1_214' title='bbox 892 2837 999 2892; x_wconf 90' lang='lat' dir='ltr'><strong>cuncta</strong></span> <span class='ocrx_word' id='word_1_215' title='bbox 1029 2828 1233 2910; x_wconf 86' lang='lat' dir='ltr'><strong>conprehensa</strong></span> <span class='ocrx_word' id='word_1_216' title='bbox 1261 2832 1334 2911; x_wconf 77' lang='lat' dir='ltr'><strong>sint3</strong></span> 
     </span>
     <span class='ocr_line' id='line_1_28' title="bbox 325 2916 1333 2998; baseline 0.002 -22"><span class='ocrx_word' id='word_1_217' title='bbox 325 2918 356 2977; x_wconf 91' lang='lat' dir='ltr'><strong>in</strong></span> <span class='ocrx_word' id='word_1_218' title='bbox 385 2934 513 2995; x_wconf 91' lang='lat' dir='ltr'><strong>quorum</strong></span> <span class='ocrx_word' id='word_1_219' title='bbox 541 2916 676 2997; x_wconf 90' lang='lat' dir='ltr'><strong>pluribus</strong></span> <span class='ocrx_word' id='word_1_220' title='bbox 703 2936 738 2981; x_wconf 93' lang='lat' dir='ltr'><strong>ac</strong></span> <span class='ocrx_word' id='word_1_221' title='bbox 763 2936 858 2998; x_wconf 88' lang='lat' dir='ltr'><strong>paene</strong></span> <span class='ocrx_word' id='word_1_222' title='bbox 886 2918 1025 2980; x_wconf 88' lang='lat' dir='ltr'><strong>omnibus</strong></span> <span class='ocrx_word' id='word_1_223' title='bbox 1053 2919 1143 2979; x_wconf 88' lang='lat' dir='ltr'><strong>etiam</strong></span> <span class='ocrx_word' id='word_1_224' title='bbox 1164 2919 1229 2998; x_wconf 90' lang='lat' dir='ltr'><strong>ipsa</strong></span> <span class='ocrx_word' id='word_1_225' title='bbox 1252 2918 1333 2978; x_wconf 89' lang='lat' dir='ltr'><strong>adiu·</strong></span> 
     </span>
     <span class='ocr_line' id='line_1_29' title="bbox 326 3005 1333 3086; baseline 0.001 -21"><span class='ocrx_word' id='word_1_226' title='bbox 326 3012 425 3065; x_wconf 86' lang='lat' dir='ltr'><strong>menta</strong></span> <span class='ocrx_word' id='word_1_227' title='bbox 447 3014 478 3066; x_wconf 92' lang='lat' dir='ltr'><strong>et</strong></span> <span class='ocrx_word' id='word_1_228' title='bbox 500 3005 713 3068; x_wconf 89' lang='lat' dir='ltr'><strong>medicamenta</strong></span> <span class='ocrx_word' id='word_1_229' title='bbox 735 3016 882 3068; x_wconf 86' lang='lat' dir='ltr'><strong>tormenta</strong></span> <span class='ocrx_word' id='word_1_230' title='bbox 905 3014 988 3082; x_wconf 87' lang='lat' dir='ltr'><strong>sunt,</strong></span> <span class='ocrx_word' id='word_1_231' title='bbox 1010 3014 1045 3067; x_wconf 90' lang='lat' dir='ltr'><strong>ut</strong></span> <span class='ocrx_word' id='word_1_232' title='bbox 1066 3006 1202 3067; x_wconf 89' lang='lat' dir='ltr'><strong>homines</strong></span> <span class='ocrx_word' id='word_1_233' title='bbox 1225 3024 1241 3066; x_wconf 90' lang='lat' dir='ltr'><strong>a</strong></span> <span class='ocrx_word' id='word_1_234' title='bbox 1263 3025 1333 3086; x_wconf 94' lang='lat' dir='ltr'><strong>poe-</strong></span> 
     </span>
     <span class='ocr_line' id='line_1_30' title="bbox 325 3093 1334 3173; baseline 0.002 -20"><span class='ocrx_word' id='word_1_235' title='bbox 325 3111 432 3154; x_wconf 92' lang='lat' dir='ltr'><strong>narum</strong></span> <span class='ocrx_word' id='word_1_236' title='bbox 462 3095 552 3154; x_wconf 84' lang='lat' dir='ltr'><strong>exitio</strong></span> <span class='ocrx_word' id='word_1_237' title='bbox 584 3094 701 3173; x_wconf 90' lang='lat' dir='ltr'><strong>poenali</strong></span> <span class='ocrx_word' id='word_1_238' title='bbox 732 3102 876 3156; x_wconf 88' lang='lat' dir='ltr'><strong>eruantur</strong></span> <span class='ocrx_word' id='word_1_239' title='bbox 907 3095 1023 3156; x_wconf 82' lang='lat' dir='ltr'><strong>auxilio.</strong></span> <span class='ocrx_word' id='word_1_240' title='bbox 1072 3094 1177 3155; x_wconf 89' lang='lat' dir='ltr'><strong>Nonne</strong></span> <span class='ocrx_word' id='word_1_241' title='bbox 1208 3094 1245 3154; x_wconf 92' lang='lat' dir='ltr'><strong>ad</strong></span> <span class='ocrx_word' id='word_1_242' title='bbox 1276 3093 1334 3155; x_wconf 90' lang='lat' dir='ltr'><strong>hoc</strong></span> 
     </span>
    </p>
   </div>
   <div class='ocr_carea' id='block_1_3' title="bbox 169 3180 1333 3269">
    <p class='ocr_par' dir='ltr' id='par_1_3' title="bbox 169 3180 1333 3269">
     <span class='ocr_line' id='line_1_31' title="bbox 169 3180 1333 3269; baseline 0 -26"><span class='ocrx_word' id='word_1_243' title='bbox 169 3260 170 3269; x_wconf 8' lang='grc' dir='ltr'>ἵ</span> <span class='ocrx_word' id='word_1_244' title='bbox 274 3194 307 3243; x_wconf 81' lang='lat' dir='ltr'><strong>tc</strong></span> <span class='ocrx_word' id='word_1_245' title='bbox 325 3181 465 3261; x_wconf 86' lang='lat' dir='ltr'><strong>perduxit</strong></span> <span class='ocrx_word' id='word_1_246' title='bbox 483 3182 617 3243; x_wconf 87' lang='lat' dir='ltr'><strong>sitientes</strong></span> <span class='ocrx_word' id='word_1_247' title='bbox 635 3180 770 3244; x_wconf 86' lang='lat' dir='ltr'><strong>homines</strong></span> <span class='ocrx_word' id='word_1_248' title='bbox 795 3183 884 3243; x_wconf 91' lang='lat' dir='ltr'><strong>ardor</strong></span> <span class='ocrx_word' id='word_1_249' title='bbox 906 3186 1042 3264; x_wconf 88' lang='lat' dir='ltr'><strong>inmanis,</strong></span> <span class='ocrx_word' id='word_1_250' title='bbox 1064 3191 1100 3244; x_wconf 91' lang='lat' dir='ltr'><strong>ut</strong></span> <span class='ocrx_word' id='word_1_251' title='bbox 1121 3185 1236 3244; x_wconf 89' lang='lat' dir='ltr'><strong>urinam</strong></span> <span class='ocrx_word' id='word_1_252' title='bbox 1260 3200 1333 3262; x_wconf 90' lang='lat' dir='ltr'><strong>quo-</strong></span> 
     </span>
    </p>
   </div>
   <div class='ocr_carea' id='block_1_4' title="bbox 324 3267 1335 3616">
    <p class='ocr_par' dir='ltr' id='par_1_4' title="bbox 324 3267 1335 3616">
     <span class='ocr_line' id='line_1_32' title="bbox 326 3267 1333 3349; baseline 0.001 -19"><span class='ocrx_word' id='word_1_253' title='bbox 326 3288 383 3349; x_wconf 93' lang='lat' dir='ltr'><strong>que</strong></span> <span class='ocrx_word' id='word_1_254' title='bbox 411 3270 568 3331; x_wconf 89' lang='lat' dir='ltr'><strong>humanam</strong></span> <span class='ocrx_word' id='word_1_255' title='bbox 595 3270 641 3331; x_wconf 82' lang='lat' dir='ltr'><strong>rel</strong></span> <span class='ocrx_word' id='word_1_256' title='bbox 669 3273 756 3332; x_wconf 90' lang='lat' dir='ltr'><strong>etiam</strong></span> <span class='ocrx_word' id='word_1_257' title='bbox 784 3290 867 3333; x_wconf 89' lang='lat' dir='ltr'><strong>suam</strong></span> <span class='ocrx_word' id='word_1_258' title='bbox 897 3267 1056 3332; x_wconf 80' lang='lat' dir='ltr'><strong>biberent?</strong></span> <span class='ocrx_word' id='word_1_259' title='bbox 1083 3289 1182 3332; x_wconf 88' lang='lat' dir='ltr'><strong>nonne</strong></span> <span class='ocrx_word' id='word_1_260' title='bbox 1210 3268 1247 3345; x_wconf 82' lang='lat' dir='ltr'><strong>ad</strong></span> <span class='ocrx_word' id='word_1_261' title='bbox 1276 3270 1333 3331; x_wconf 91' lang='lat' dir='ltr'><strong>hoc</strong></span> 
     </span>
     <span class='ocr_line' id='line_1_33' title="bbox 325 3357 1335 3439; baseline 0.001 -22"><span class='ocrx_word' id='word_1_262' title='bbox 325 3357 431 3439; x_wconf 85' lang='lat' dir='ltr'><strong>fames,</strong></span> <span class='ocrx_word' id='word_1_263' title='bbox 460 3366 494 3418; x_wconf 94' lang='lat' dir='ltr'><strong>ut</strong></span> <span class='ocrx_word' id='word_1_264' title='bbox 516 3375 531 3417; x_wconf 88' lang='lat' dir='ltr'><strong>a</strong></span> <span class='ocrx_word' id='word_1_265' title='bbox 555 3359 693 3420; x_wconf 87' lang='lat' dir='ltr'><strong>carnibus</strong></span> <span class='ocrx_word' id='word_1_266' title='bbox 720 3359 874 3420; x_wconf 91' lang='lat' dir='ltr'><strong>hominum</strong></span> <span class='ocrx_word' id='word_1_267' title='bbox 901 3377 933 3420; x_wconf 90' lang='lat' dir='ltr'><strong>se</strong></span> <span class='ocrx_word' id='word_1_268' title='bbox 956 3358 1106 3421; x_wconf 90' lang='lat' dir='ltr'><strong>abstinere</strong></span> <span class='ocrx_word' id='word_1_269' title='bbox 1129 3376 1188 3420; x_wconf 90' lang='lat' dir='ltr'><strong>non</strong></span> <span class='ocrx_word' id='word_1_270' title='bbox 1210 3366 1335 3437; x_wconf 89' lang='lat' dir='ltr'><strong>possent</strong></span> 
     </span>
     <span class='ocr_line' id='line_1_34' title="bbox 325 3446 1333 3527; baseline 0.002 -22"><span class='ocrx_word' id='word_1_271' title='bbox 325 3463 381 3506; x_wconf 91' lang='lat' dir='ltr'><strong>nec</strong></span> <span class='ocrx_word' id='word_1_272' title='bbox 404 3447 539 3506; x_wconf 83' lang='lat' dir='ltr'><strong>inventos</strong></span> <span class='ocrx_word' id='word_1_273' title='bbox 561 3447 695 3508; x_wconf 86' lang='lat' dir='ltr'><strong>homines</strong></span> <span class='ocrx_word' id='word_1_274' title='bbox 719 3455 866 3527; x_wconf 74' lang='lat' dir='ltr'><strong>mortuoS,</strong></span> <span class='ocrx_word' id='word_1_275' title='bbox 889 3446 941 3508; x_wconf 91' lang='lat' dir='ltr'><strong>sed</strong></span> <span class='ocrx_word' id='word_1_276' title='bbox 964 3456 1087 3527; x_wconf 91' lang='lat' dir='ltr'><strong>propter</strong></span> <span class='ocrx_word' id='word_1_277' title='bbox 1109 3446 1167 3507; x_wconf 92' lang='lat' dir='ltr'><strong>hoc</strong></span> <span class='ocrx_word' id='word_1_278' title='bbox 1189 3464 1205 3506; x_wconf 95' lang='lat' dir='ltr'><strong>a</strong></span> <span class='ocrx_word' id='word_1_279' title='bbox 1229 3464 1260 3506; x_wconf 90' lang='lat' dir='ltr'><strong>se</strong></span> <span class='ocrx_word' id='word_1_280' title='bbox 1284 3464 1333 3507; x_wconf 94' lang='lat' dir='ltr'><strong>oc·</strong></span> 
     </span>
     <span class='ocr_line' id='line_1_35' title="bbox 324 3534 1333 3616; baseline 0.001 -24"><span class='ocrx_word' id='word_1_281' title='bbox 324 3534 412 3614; x_wconf 85' lang='lat' dir='ltr'><strong>cisoa,</strong></span> <span class='ocrx_word' id='word_1_282' title='bbox 434 3550 490 3593; x_wconf 89' lang='lat' dir='ltr'><strong>nec</strong></span> <span class='ocrx_word' id='word_1_283' title='bbox 509 3534 656 3611; x_wconf 88' lang='lat' dir='ltr'><strong>quoslihet</strong></span> <span class='ocrx_word' id='word_1_284' title='bbox 678 3534 798 3616; x_wconf 86' lang='lat' dir='ltr'><strong>ahenos,</strong></span> <span class='ocrx_word' id='word_1_285' title='bbox 820 3538 1036 3614; x_wconf 82' lang='lat' dir='ltr'><strong>verumetiam</strong></span> <span class='ocrx_word' id='word_1_286' title='bbox 1058 3535 1134 3596; x_wconf 85' lang='lat' dir='ltr'><strong>tilios</strong></span> <span class='ocrx_word' id='word_1_287' title='bbox 1156 3541 1267 3595; x_wconf 85' lang='lat' dir='ltr'><strong>matres</strong></span> <span class='ocrx_word' id='word_1_288' title='bbox 1288 3534 1333 3594; x_wconf 92' lang='lat' dir='ltr'><strong>in·</strong></span> 
     </span>
    </p>
   </div>
   <div class='ocr_carea' id='block_1_5' title="bbox 392 3672 668 3743">
    <p class='ocr_par' dir='ltr' id='par_1_5' title="bbox 392 3672 668 3743">
     <span class='ocr_line' id='line_1_36' title="bbox 392 3672 668 3743; baseline 0.007 -19"><span class='ocrx_word' id='word_1_289' title='bbox 392 3676 435 3742; x_wconf 82' lang='lat'><strong>13)</strong></span> <span class='ocrx_word' id='word_1_290' title='bbox 455 3679 478 3726; x_wconf 91' lang='lat'><strong>1.</strong></span> <span class='ocrx_word' id='word_1_291' title='bbox 497 3672 566 3743; x_wconf 79' lang='lat' dir='ltr'><strong>Rog.</strong></span> <span class='ocrx_word' id='word_1_292' title='bbox 585 3677 668 3739; x_wconf 86' lang='lat'><em>4,18.</em></span> 
     </span>
    </p>
   </div>
   <div class='ocr_carea' id='block_1_6' title="bbox 324 3762 537 3771">
    <p class='ocr_par' dir='ltr' id='par_1_6' title="bbox 324 3762 537 3771">
     <span class='ocr_line' id='line_1_37' title="bbox 324 3762 537 3771; baseline -0.009 0"><span class='ocrx_word' id='word_1_293' title='bbox 324 3762 537 3771; x_wconf 68' lang='lat'><em>———-—</em></span> 
     </span>
    </p>
   </div>
   <div class='ocr_carea' id='block_1_7' title="bbox 320 3810 1334 3936">
    <p class='ocr_par' dir='ltr' id='par_1_7' title="bbox 320 3810 1334 3936">
     <span class='ocr_line' id='line_1_38' title="bbox 322 3810 1334 3934; baseline 0.007 -72"><span class='ocrx_word' id='word_1_294' title='bbox 322 3880 358 3934; x_wconf 83' lang='lat' dir='ltr'><strong>&#39;l</strong></span> <span class='ocrx_word' id='word_1_295' title='bbox 393 3817 406 3863; x_wconf 93' lang='lat'>1</span> <span class='ocrx_word' id='word_1_296' title='bbox 427 3828 460 3866; x_wconf 87' lang='lat' dir='ltr'><strong>nc</strong></span> <span class='ocrx_word' id='word_1_297' title='bbox 477 3810 559 3866; x_wconf 86' lang='lat' dir='ltr'><strong>ferar.</strong></span> <span class='ocrx_word' id='word_1_298' title='bbox 576 3811 704 3882; x_wconf 77' lang='lat' dir='ltr'><strong>G’be¹p’</strong></span> <span class='ocrx_word' id='word_1_299' title='bbox 720 3814 730 3881; x_wconf 79' lang='grc' dir='ltr'><strong>ΙΙ</strong></span> <span class='ocrx_word' id='word_1_300' title='bbox 747 3817 763 3866; x_wconf 81' lang='lat'>2</span> <span class='ocrx_word' id='word_1_301' title='bbox 782 3814 829 3885; x_wconf 86' lang='lat' dir='ltr'><strong>ex]</strong></span> <span class='ocrx_word' id='word_1_302' title='bbox 848 3813 907 3868; x_wconf 82' lang='lat' dir='ltr'><strong>aR</strong></span> <span class='ocrx_word' id='word_1_303' title='bbox 920 3817 930 3884; x_wconf 89' lang='grc' dir='ltr'>Ι</span> <span class='ocrx_word' id='word_1_304' title='bbox 945 3818 977 3868; x_wconf 90' lang='lat' dir='ltr'><strong>1&#39;t</strong></span> <span class='ocrx_word' id='word_1_305' title='bbox 996 3832 1066 3885; x_wconf 85' lang='lat' dir='ltr'><strong>quos</strong></span> <span class='ocrx_word' id='word_1_306' title='bbox 1086 3814 1126 3871; x_wconf 70' lang='lat'><strong>6¹</strong></span> <span class='ocrx_word' id='word_1_307' title='bbox 1138 3818 1148 3884; x_wconf 79' lang='lat' dir='ltr'><strong>ll</strong></span> <span class='ocrx_word' id='word_1_308' title='bbox 1161 3819 1195 3868; x_wconf 79' lang='grc'><strong>23</strong></span> <span class='ocrx_word' id='word_1_309' title='bbox 1214 3814 1334 3884; x_wconf 74' lang='lat' dir='ltr'><strong>emente,</strong></span> 
     </span>
     <span class='ocr_line' id='line_1_39' title="bbox 320 3897 428 3936; baseline 0.028 -3"><span class='ocrx_word' id='word_1_310' title='bbox 320 3898 344 3934; x_wconf 81' lang='lat' dir='ltr'><strong>rs</strong></span> <span class='ocrx_word' id='word_1_311' title='bbox 360 3897 378 3933; x_wconf 86' lang='lat' dir='ltr'><strong>o.</strong></span> <span class='ocrx_word' id='word_1_312' title='bbox 394 3898 428 3936; x_wconf 85' lang='lat' dir='ltr'><strong>ec</strong></span> 
     </span>
    </p>
   </div>
   <div class='ocr_carea' id='block_1_8' title="bbox 0 0 1646 4459">
    <p class='ocr_par' dir='ltr' id='par_1_8' title="bbox 0 0 1646 4459">
     <span class='ocr_line' id='line_1_40' title="bbox 0 0 1646 4459; baseline 0 2"><span class='ocrx_word' id='word_1_313' title='bbox 0 0 1646 4459; x_wconf 95' lang='lat' dir='ltr'><strong> </strong></span> 
     </span>
    </p>
   </div>
  </div>
 </body>
</html>
