3284 4459
537 554 577 594 uu
591 553 732 595 cremera
747 553 800 592 om
813 553 839 593 n.
853 553 940 594 xvm.
953 552 976 594 c.
990 555 1023 596 51.
1218 535 1282 603 337

277 690 358 748 intus
381 689 495 767 positos
517 688 563 769 lit,
586 696 619 748 ut
641 691 752 768 minuis,
782 705 870 765 quam
892 689 1009 766 piorum
1032 698 1146 749 mentes
1169 687 1282 749 deside·

278 784 360 856 rant,
392 774 537 854 diligatur.
582 775 641 855 lpsi
673 793 791 854 quoque
825 775 980 855 haeretici,
1016 794 1083 836 cum
1117 779 1283 856 cogitantur

278 863 387 924 habere
416 881 523 924 nomeu
552 871 581 924 et
608 873 789 924 sacramenta
818 862 982 923 Christiana
1010 872 1040 924 et
1069 866 1230 943 scripturas
1254 874 1284 925 et

278 952 507 1032 professionem,
535 969 672 1030 magnum
701 951 833 1012 dolorem
861 951 973 1011 iaciunt
1002 954 1032 1012 in
1060 952 1199 1013 cordibus
1221 955 1283 1033 pio·

278 1057 359 1120 rum3
383 1043 451 1119 quia
471 1050 501 1101 et
519 1039 603 1100 multi
621 1040 751 1101 volentes
771 1057 837 1100 esse
857 1039 1015 1100 Christiani
1035 1049 1157 1120 propter
1180 1053 1318 1101 eorumo

278 1129 479 1189 dissensiones
508 1128 653 1189 haesitare
683 1137 831 1206 coguntur
864 1137 894 1187 et
922 1126 1008 1188 multi
1030 1127 1164 1189 maledici
1197 1132 1284 1190 etiam

279 1219 310 1276 iu
324 1216 371 1277 his
385 1219 539 1277 inveniunt
555 1218 705 1276 materiam
719 1215 939 1296 blasphemandi
955 1215 1154 1277 Christianum
1169 1236 1284 1298 nomen,

280 1307 348 1383 quia
372 1314 402 1365 et
424 1307 481 1383 ipsi
499 1323 618 1384 quoquo
642 1305 729 1365 modo
748 1304 908 1364 Christiani
930 1304 1122 1384 appellantur.
1167 1304 1219 1365 llis
1242 1315 1283 1366 at·

279 1412 338 1471 que
370 1393 458 1454 hrrius
491 1392 570 1453 modi
601 1396 698 1472 pravis
731 1393 862 1453 moribus
892 1401 922 1453 et
951 1392 1103 1453 erroribus
1132 1394 1285 1454 bominum

279 1485 517 1561 persecutionem
535 1483 696 1561 patiuntur,
720 1483 771 1559 qui
793 1481 895 1541 volunt
917 1483 948 1540 in
967 1480 1084 1541 Christo
1107 1484 1155 1560 pie
1178 1484 1337 1562 viverc,10

280 1572 369 1630 etiam
405 1569 485 1630 nullo
522 1570 680 1630 infestante
717 1587 812 1648 neque
855 1577 976 1629 vexante
1014 1588 1123 1649 corpus
1159 1569 1298 1630 illorum

279 1658 438 1720 Patiuntur
465 1660 585 1737 quippe*
601 1658 676 1717 hanc
704 1659 943 1737 persecutionem
966 1675 1025 1716 non
1048 1660 1079 1718 in
1103 1659 1285 1738 corporibus,

281 1747 333 1806 sed
362 1749 392 1806 in
421 1745 568 1806 cordibus.
614 1745 697 1805 Unde
720 1745 769 1814 illa
792 1764 847 1805 vox
872 1754 929 1806 est:
959 1747 1132 1807 Secundum
1154 1751 1285 1809 innititu-

281 1838 382 1896 dinem
409 1838 545 1896 dolorum
574 1850 707 1895 meorum
734 1837 765 1894 in
793 1835 888 1895 corde
915 1851 988 1894 mec.
1033 1834 1098 1894 Nou
1126 1838 1203 1896 enim
1232 1838 1285 1896 ait:

280 1923 336 2004 „ln
365 1940 490 2002 corpore
518 1916 617 1983 meo.“
661 1921 719 1983 Sed
747 1939 853 1983 rursus
882 1925 1020 2000 quoniam
1047 1925 1214 2002 cogitantur
1240 1927 1284 1985 in·
1307 1936 1338 1982 15

283 2011 432 2072 mutabilia
460 2009 557 2071 divina
584 2012 743 2090 promissa,
774 2019 804 2070 et
831 2009 909 2087 quod
938 2012 977 2070 ait
1005 2011 1167 2090 apostolus:
1200 2015 1288 2074 Novit

283 2102 429 2161 Dominus
456 2103 510 2174 qui
535 2107 606 2160 sunt
632 2102 697 2160 eins
728 2093 817 2179 (qnos
844 2101 923 2158 enim
947 2102 1116 2175 praescivit
1142 2107 1172 2161 et
1194 2118 1286 2179 prae-

282 2191 447 2249 destinavit
468 2186 638 2263 conformes
657 2190 797 2261 inopinis
816 2189 877 2260 filii
898 2191 954 2260 sui,
978 2205 1013 2246 ex
1037 2189 1080 2246 eis
1102 2191 1201 2266 perire
1225 2188 1287 2248 uul-

282 2277 330 2337 lus
358 2269 484 2358 potest):
512 2275 579 2335 ideo
607 2277 742 2353 sequitur
769 2277 800 2334 in
828 2273 877 2334 illo
905 2274 1030 2353 psalmo:
1066 2275 1288 2339 consolationes

282 2374 355 2425 tuoe
383 2367 628 2425 incundancrunt
657 2367 788 2424 animant
819 2380 924 2423 meam.
970 2362 1059 2424 Dolor
1088 2371 1185 2423 autem
1215 2369 1287 2445 ipse,
1306 2376 1340 2423 20

284 2455 336 2531 qui
368 2453 400 2512 nr
432 2455 462 2512 in
495 2451 635 2512 cordibus
668 2454 798 2530 piorum,
831 2469 906 2529 quos
936 2461 1159 2531 persequuntur
1190 2470 1288 2512 mores

286 2540 522 2601 Christianorum
546 2539 689 2600 malorum
711 2541 772 2599 sive
797 2538 946 2619 salsorum,
968 2539 1090 2618 prodest
1112 2539 1288 2622 dolentibus,

284 2631 423 2708 quoniam
446 2628 482 2689 de
507 2630 627 2689 caritate
647 2627 808 2708 descendit,
832 2646 889 2705 qua
912 2645 962 2687 eos
985 2630 1083 2706 perire
1106 2628 1210 2689 uolunt
1234 2647 1288 2691 nec

284 2717 427 2796 impedire
451 2717 575 2777 aliorum
595 2715 727 2776 salutem.
772 2714 905 2794 lienique
929 2725 1050 2794 magnae
1074 2717 1288 2778 consolationes

285 2807 361 2866 liunt
384 2807 471 2864 etiam
490 2805 526 2864 de
545 2803 779 2865 correctionibus
804 2822 917 2885 eorum,
940 2823 1014 2883 quae
1028 2806 1154 2883 piorum
1178 2809 1340 2867 animasti>

285 2903 367 2954 tanta
400 2893 580 2953 iucunditate
613 2890 809 2973 perlundunt,
842 2894 959 2971 quiantis
988 2891 1140 2954 doloribus
1170 2894 1206 2954 de
1236 2913 1296 2956 suax

285 2981 452 3061 perditione
481 2983 691 3041 cruciaverant.
742 2979 790 3040 Sic
813 2983 844 3040 in
867 2980 923 3040 hoc
946 2980 1078 3060 saeculo,
1105 2983 1136 3041 in
1159 2981 1205 3042 his
1228 2982 1288 3044 die-

285 3071 342 3131 bus
376 3069 459 3129 malis
490 3087 549 3129 non
582 3067 676 3128 solum
704 3087 719 3126 a
749 3077 882 3147 tempore
916 3069 1076 3148 corporalis
1105 3074 1288 3148 praesentiae

285 3157 397 3218 Christi
422 3165 451 3217 et
474 3156 674 3236 apostolorum
697 3158 769 3237 eius,
793 3157 844 3216 sed
869 3155 904 3216 ab
928 3159 992 3235 ipso
1015 3156 1096 3237 Abel,
1119 3176 1208 3235 quem
1230 3162 1288 3238 pri·

287 3263 368 3306 mum
391 3247 502 3306 iustum
525 3247 632 3322 impius
662 3244 753 3304 lrater
776 3245 898 3326 occidit,
925 3253 955 3305 et
978 3245 1118 3323 deinceps
1142 3264 1235 3324 usque
1258 3249 1288 3305 in
1307 3260 1341 3306 30

286 3335 375 3394 husius
408 3332 517 3394 saeculi
549 3333 637 3392 finem
664 3334 742 3392 inter
768 3335 992 3412 persecutiones
1024 3333 1126 3393 mundi
1158 3340 1189 3394 et
1220 3351 1288 3393 con·

286 3422 445 3482 solatioues
469 3420 521 3481 llei
543 3421 761 3500 peregrinando
784 3423 935 3501 procurrit
958 3421 1089 3482 ecclesia.

301 3551 302 3556 ’
359 3545 401 3611 ll)
421 3548 445 3596 2.
465 3541 536 3594 Tim.
557 3544 638 3606 219.
688 3541 730 3608 18)
748 3537 828 3593 Rom.
849 3541 874 3603 8,
889 3541 931 3590 te.

357 3723 400 3772 at*
411 3717 605 3771 cruciaueranb
623 3715 651 3770 R
656 3731 708 3787 9123
729 3716 866 3767 —uerunt
884 3714 988 3768 Aliso

338 3932 397 3962 Auo.
412 3932 443 3961 nl
458 3931 505 3963 cxv.
519 3931 568 3962 nur.
591 3921 616 3959 11
