3284 4459
553 469 593 508 nn
608 467 750 509 omanus
763 467 817 508 mu
830 468 856 508 u.
870 467 956 508 xum
970 467 993 509 c.
1007 468 1066 510 s-r.
1242 451 1307 517 263

183 643 184 652 κ
298 565 462 666 daemones
471 570 592 682 xxfiguris
619 603 695 668 fietis
723 602 858 663 facillime
885 610 1011 682 possunt
1038 601 1211 663 animalibus
1240 619 1309 662 con·

302 691 482 774 cipientibus
505 691 652 752 exhibere.
1298 713 1301 725 ·

710 880 827 964 ciacc
851 897 908 964 VI.

309 1031 375 1103 Quo
395 1035 545 1106 regnante
572 1029 657 1104 apud
677 1028 805 1102 Argivos
828 1044 923 1101 quove
945 1009 1030 1103 apud
1050 1009 1192 1105 Assyrios
1214 1027 1308 1094 Iacob
1335 1008 1337 1012 ⁸

596 1119 627 1177 in
651 1117 785 1191 Aegypto
808 1118 849 1175 sit
869 1122 1013 1176 mortuos.
1328 1127 1343 1174 5

308 1267 311 1272 ·
393 1241 463 1320 Apis
496 1258 566 1318 ergo
598 1258 666 1319 rex,
698 1256 757 1298 non
789 1239 1014 1318 Aegyptiorum,
1047 1237 1098 1298 sed
1126 1239 1310 1319 Argivorum,

298 1335 440 1390 'mortuus
468 1336 514 1389 est
542 1330 572 1387 in
599 1329 737 1407 Aegypto.
783 1326 861 1386 Huic
888 1326 965 1387 tilius
988 1329 1084 1406 Argus
1112 1329 1257 1387 successit
1278 1329 1309 1387 in

305 1435 439 1497 regnum,
462 1434 498 1477 ex
517 1418 602 1476 cuius
621 1418 738 1476 nomine
763 1424 793 1476 et
810 1416 881 1493 Argi
904 1412 992 1475 etex
1015 1415 1071 1476 hoc
1090 1416 1188 1493 Argivi
1212 1415 1309 1494 appel·
1335 1420 1338 1449 ²

304 1505 355 1566 iati
383 1513 465 1586 sunt3
493 1503 697 1584 superioribus
725 1513 825 1565 autem
853 1502 972 1581 regibus
1000 1503 1132 1564 nondum
1160 1502 1204 1563 vei
1226 1503 1310 1564 locus

304 1593 350 1654 vel
378 1612 450 1673 gens
476 1591 602 1653 habebat
628 1593 683 1652 hoc
713 1610 830 1652 nomen.
875 1591 937 1652 Hoc
961 1599 1102 1671 regnante
1126 1591 1203 1671 apud
1226 1593 1361 1670 trgi-10

305 1701 357 1742 vos
386 1691 416 1743 et
443 1680 519 1761 apud
549 1680 701 1760 Sicyonios
728 1679 832 1760 Erato,
862 1678 939 1759 apud
963 1682 1098 1760 Assyrios
1122 1698 1191 1740 vero
1214 1680 1309 1741 adhuc

305 1780 441 1832 manente
474 1767 561 1828 Baleo
594 1778 729 1829 mortuus
757 1777 802 1828 est
830 1766 916 1828 iacob
945 1771 975 1828 in
1002 1769 1133 1848 aegypto
1165 1787 1311 1829 annorum

305 1869 425 1920 centum
449 1858 640 1938 quadraginta
662 1867 789 1936 septem,
813 1874 880 1916 cum
904 1859 1066 1917 moriturus
1089 1856 1165 1917 filios
1187 1875 1258 1918 suos
1281 1866 1311 1918 et

306 1954 429 2026 nepotes
457 1964 493 2007 ex
521 1945 627 2024 Ioseph
657 1945 857 2006 benedixisset
886 1944 1095 2023 Christumque
1125 1948 1309 2024 apertissime

304 2034 523 2114 prophetasset,
555 2034 656 2094 dicens
683 2036 713 2094 in
738 2032 942 2094 benedictione
965 2032 1068 2094 iudae:
1101 2035 1167 2096 Non
1190 2036 1312 2107 deficiet
1329 2046 1362 2096 to

183 2149 184 2158 ¹
300 2126 446 2200 princeps
473 2141 513 2184 ex
540 2121 620 2182 Indo
647 2129 677 2183 et
702 2124 767 2182 dux
790 2120 1014 2196 defemoribus
1037 2125 1115 2196 cios,
1144 2124 1241 2184 donec
1263 2140 1310 2183 oe-

303 2215 394 2272 niont
414 2229 493 2286 quae
516 2214 648 2286 reposito
670 2218 741 2271 sunt
767 2212 812 2281 ei,·
839 2213 954 2287 etipse
976 2212 1147 2286 expectatio
1167 2213 1311 2284 nentium.

305 2298 457 2378 Regnante
476 2299 554 2376 Argo
578 2301 639 2358 suis
663 2300 760 2377 coepit
782 2301 828 2358 uti
850 2296 986 2376 frugibus
1005 2296 1127 2358 Graecia
1150 2306 1180 2358 et
1201 2297 1310 2360 habere

305 2395 421 2466 segetes
449 2389 480 2448 in
507 2386 698 2466 agricultura,
727 2386 831 2446 delatis
858 2385 975 2447 aliunde
999 2384 1169 2447 seminibus.
1215 2387 1311 2465 Argus

304 2493 423 2554 quoque
447 2483 514 2554 post
537 2473 650 2534 obitum
672 2475 746 2535 deus
769 2474 872 2535 haberi
894 2476 1005 2554 coepit,
1036 2472 1145 2553 templo
1169 2483 1199 2535 et
1221 2477 1309 2536 sacri-
1325 2486 1363 2536 '20

305 2564 380 2624 ficiis
398 2563 568 2624 honoratus.
614 2561 672 2633 om
694 2562 789 2624 honor
812 2580 848 2622 eo
871 2571 1013 2641 regnante
1037 2570 1104 2623 ante
1127 2561 1210 2622 illum
1233 2562 1310 2623 dela-

304 2660 354 2713 tus
378 2662 424 2712 est
445 2652 557 2711 homini
575 2653 688 2730 privato
712 2659 742 2711 et
765 2650 918 2710 fulminato
941 2649 1058 2712 cuidam
1076 2650 1252 2732 Homogyro‚
1265 2670 1311 2711 veo

304 2739 384 2819 quod
407 2742 520 2819 primus
544 2737 579 2799 ad
603 2749 732 2802 aratrum
755 2738 846 2799 hoves
868 2740 1007 2799 iunxerit.

704 2980 819 3048 Garun
842 2980 914 3046 VII.

310 3112 442 3183 Quorum
466 3127 571 3185 regum
590 3116 722 3188 tempore
741 3110 848 3186 Ioseph
872 3112 904 3169 in
922 3109 1057 3186 Aegypto
1080 3108 1242 3184 defunctus
1263 3115 1310 3172 sit
1329 3121 1363 3172 to

183 3227 184 3236 ’
300 3304 302 3308 .
394 3233 595 3313 Regnantibus
618 3234 807 3312 Assyriorum
835 3232 1009 3293 duodecimo
1032 3231 1178 3312 Mamytho
1202 3242 1232 3293 et
1255 3252 1310 3296 un-

300 3314 419 3382 'decimo
453 3320 657 3400 Sicyoniorum
688 3319 839 3382 Plemmeo
870 3328 901 3382 et
927 3321 1014 3399 Argis
1045 3319 1140 3382 adhuc
1173 3329 1309 3382 manente
1351 3376 1353 3379 ,

303 3503 330 3558 R
352 3432 515 3558 39)an51011’
533 3433 602 3488 font.
617 3435 688 3504 Aug.
707 3452 735 3503 p.
751 3440 784 3488 16
794 3453 835 3504 aq.
874 3436 917 3503 17)
936 3434 1004 3488 Gen.
1020 3441 1062 3502 49,
1078 3441 1118 3491 10.
1156 3435 1313 3518 iiivprro,

331 3546 337 3557 .
380 3546 385 3555 .
426 3545 433 3572 ,
471 3546 478 3570 ,
511 3549 516 3558 .

303 3703 365 3762 R'A
372 3705 417 3761 Fe
422 3724 439 3777 p
458 3706 614 3777 (Πλημμεύς
626 3705 727 3774 Euseb,
745 3707 805 3762 otu.
820 3707 861 3761 ed.
876 3707 935 3780 Soti.
950 3722 1040 3777 oppon

307 3777 370 3847 Gp3
387 3777 536 3831 Plemnaeo
554 3796 570 3832 o

377 3641 410 3690 10
428 3635 482 3690 hoc
496 3635 634 3704 naam
654 3634 707 3690 hoc
726 3651 792 3705 ergo
810 3634 875 3707 g¹v3
893 3635 947 3690 hoe
965 3653 1032 3708 argo
1041 3638 1077 3762 ξ’
1094 3641 1103 3707 ΙΙ
1122 3643 1155 3694 27
1174 3637 1313 3708 plemmeo

1061 3750 1067 3762 .
1081 3709 1103 3762 1
1106 3709 1154 3777 ης
1168 3708 1313 3787 -plemineo
