3284 4459
725 490 746 533 Β.
759 490 925 533 euersum

730 726 848 792 Curuo
871 725 927 791 IX.

404 858 450 919 De
470 859 611 932 uehenno
634 863 664 917 et
687 864 885 917 aeternorum
907 857 1055 929 qualitate
1074 872 1255 931 poenarum.
1277 914 1289 959 Χ

412 980 497 1052 Quod
515 982 607 1058 igitur
625 978 663 1038 de
682 980 864 1056 sempiterno
883 977 1028 1056 supplicio
1051 977 1258 1037 damnatorum
1280 996 1338 1058 per

323 1087 411 1130 suum
429 1068 604 1148 prophetam
624 1066 703 1127 lteus
724 1066 805 1144 dixit,
829 1066 888 1145 fiet,
911 1068 1031 1126 omnino
1054 1066 1118 1126 fiet:
1149 1066 1264 1127 Vermis
1288 1085 1337 1129 etr

288 1170 392 1219 trum
417 1175 478 1219 non
500 1159 648 1217 morietur
670 1161 701 1215 et
722 1157 803 1229 tenu
826 1171 931 1214 eorum
953 1171 1014 1215 uon
1037 1156 1245 1229 eutioquetur.
1291 1156 1337 1215 Ad

322 1247 380 1307 hoo
416 1248 495 1305 enirn
532 1244 736 1303 vehementius
773 1240 1038 1301 commendandum
1072 1244 1161 1301 etiam
1193 1241 1340 1303 Dominus

324 1334 422 1414 lesus,
449 1351 518 1393 cum
546 1330 679 1391 membro
707 1348 781 1408 quae
809 1330 960 1389 hominem
991 1329 1188 1390 scandalizant
1211 1349 1265 1409 pro
1290 1331 1342 1392 his

322 1421 492 1483 hominibus
509 1427 647 1499 poneret,
670 1436 744 1496 quos
766 1426 800 1478 ut
823 1436 875 1477 sna
898 1416 1030 1477 membra
1053 1416 1158 1477 dextra
1181 1420 1249 1496 quis
1272 1418 1339 1479 dili·

323 1513 379 1589 git‚
408 1527 501 1588 enque
524 1510 719 1587 praeciperet
741 1507 900 1584 amputari:
925 1506 1042 1567 Bonum
1069 1507 1203 1579 esttibi,
1232 1508 1344 1589 inquit,

273 1611 306 1659 ιο
325 1600 453 1659 debilem
481 1598 610 1657 introire
643 1598 675 1655 iu
702 1596 794 1654 citum
820 1610 911 1668 quum
938 1596 1016 1654 duas
1043 1611 1151 1656 munus
1179 1596 1341 1656 habentem

325 1690 373 1746 ire
396 1688 428 1746 in
457 1686 640 1759 octennem,
668 1686 700 1743 in
723 1685 823 1757 mtrem
847 1684 1122 1757 inextinouibilem,
1151 1684 1207 1743 ubi
1227 1688 1341 1744 oemio

325 1789 430 1835 eorum
457 1788 518 1832 oon
544 1774 675 1832 moritur
703 1778 732 1831 et
760 1772 839 1845 ionis
862 1787 922 1831 non
946 1773 1147 1843 exrtnuuttur.
1194 1769 1344 1831 Similiter
1447 1755 1448 1783 ¹

325 1860 362 1920 de
385 1859 475 1939 pede:
498 1858 615 1920 Bonum
637 1866 682 1920 est
704 1860 767 1933 titt,
791 1860 896 1937 inquit,
919 1860 1062 1919 claudum
1086 1861 1217 1919 introire
1239 1862 1271 1919 in
1294 1862 1341 1919 vi-

326 1956 387 2009 tum
406 1955 565 2009 oeternum
582 1964 673 2021 quom
691 1948 767 2007 duos
781 1948 877 2022 pedes
894 1947 1053 2007 habentem
1071 1949 1150 2006 mitti
1172 1950 1204 2006 ic
1224 1949 1341 2022 uehen-
1450 1939 1451 1967 ¹

274 2049 307 2099 1⁶
326 2054 398 2097 nom
420 2039 500 2111 ienis
520 2036 770 2110 inertiaquibilis,
793 2035 973 2094 obiceretis
996 2051 1101 2095 eorum
1124 2052 1184 2096 non
1207 2038 1346 2095 moritur
1452 2059 1453 2087 i

326 2130 356 2186 et
386 2127 465 2198 ionic
494 2140 555 2185 nou
584 2125 785 2198 extinquitur.
837 2120 902 2181 Non
930 2121 1016 2181 aliter
1043 2124 1084 2181 uit
1111 2129 1142 2182 et
1169 2120 1206 2181 de
1236 2122 1347 2183 oculo.-
1453 2123 1454 2153 ³

325 2213 442 2274 Bonum
474 2220 519 2273 ert
551 2212 608 2271 tiit
637 2215 754 2271 luscum
786 2212 916 2269 introire
948 2213 980 2269 iu
1006 2227 1134 2284 requam
1161 2211 1221 2270 Dei
1247 2229 1346 2286 quum*

326 2303 402 2363 duos
425 2304 529 2361 oculor
550 2301 709 2360 tabentem
732 2301 811 2357 mitti
833 2300 1056 2372 inuehentem
1080 2301 1171 2372 iouis,
1195 2300 1250 2359 ubi
1271 2317 1341 2359 uer·

326 2392 383 2450 mir
405 2405 510 2449 eorum
536 2404 597 2449 uon
623 2389 754 2448 moritur
781 2393 811 2446 et
839 2388 918 2460 tenu
941 2403 1002 2446 non
1025 2390 1225 2460 eutinquitur.
1272 2386 1345 2447 Non

275 2490 309 2538 20
328 2495 397 2537 eum
415 2477 510 2554 pIgnit
528 2493 588 2536 uno
607 2474 671 2534 loco
695 2473 798 2533 eodem
820 2472 910 2533 verba
934 2481 981 2533 ter
1003 2473 1112 2534 dicere.
1159 2473 1254 2544 Quem
1278 2492 1344 2535 non-

328 2572 439 2624 terreat
466 2566 524 2623 istu
552 2564 690 2641 repetitio
720 2569 751 2622 et
780 2560 860 2621 iilius
892 2578 1004 2639 poenae
1033 2562 1249 2622 commendatio
1278 2572 1345 2623 torn

327 2651 486 2711 vehemens
509 2669 561 2710 ore
585 2645 706 2710 divino?

416 2737 582 2815 Utrumque
609 2746 708 2797 antem
735 2737 860 2816 horum,
888 2739 986 2815 ignem
1014 2737 1128 2797 scilicet
1155 2746 1243 2815 utque
1274 2756 1342 2797 ver-

330 2843 415 2905 mem,
438 2827 490 2902 qui
513 2824 615 2884 volunt
633 2824 668 2883 ad
692 2827 781 2884 animi
804 2843 925 2906 poenaS,
948 2843 1007 2885 non
1031 2824 1067 2885 ad
1091 2828 1225 2904 corporis
1247 2827 1341 2904 pcrti-

277 2926 310 2975 ut
331 2931 411 2992 nere,
434 2912 537 2972 dicunt
555 2914 643 2971 etiam
663 2915 710 2971 nri
729 2912 830 2971 dolore
850 2915 940 2973 animi
958 2931 1025 2972 sero
1044 2922 1132 2992 utque
1152 2914 1341 2974 infructuose

328 3003 512 3080 paenitentes
535 3017 596 3079 eos,
619 3002 670 3077 qui
693 3001 805 3060 suerint
828 3018 844 3060 a
868 3019 958 3079 regno
983 3000 1035 3061 uei
1059 3004 1195 3080 separati,
1218 3010 1248 3061 ct
1271 3002 1344 3061 ideo

328 3093 426 3168 ignem
446 3105 500 3166 pro
518 3088 576 3147 isto
595 3086 696 3147 dolore
721 3098 827 3148 urente
847 3106 906 3148 non
924 3091 1088 3166 incongrue
1111 3091 1183 3167 poni
1205 3092 1340 3167 potuisse

328 3175 525 3255 contendunt3
552 3175 631 3234 unde
660 3174 732 3235 illud
755 3177 880 3255 apostoli
908 3184 967 3237 cst:
999 3178 1073 3249 (iuis
1094 3179 1341 3252 scandalizatur,

398 3295 425 3362 5)
443 3290 518 3344 Enni.
538 3294 581 3356 66,
595 3295 637 3343 tt.
694 3291 738 3357 19)
756 3288 807 3341 Mu.
828 3294 854 3355 9,
867 3294 902 3342 42
916 3291 972 3360 (43)
983 3307 1043 3359 sqq.

399 3420 415 3468 5
435 3413 609 3483 extinguitur
627 3413 655 3468 R
668 3415 677 3478 i
692 3418 725 3467 12
743 3412 862 3466 moritur
880 3412 1006 3469 Beroe
1023 3430 1072 3470 ceo.
1090 3414 1185 3471 Gracc.
1201 3419 1343 3484 (16;19);

327 3487 463 3542 morietur
479 3486 593 3555 Aoeyp
611 3484 714 3550 Hoffm.
729 3484 738 3552 d
751 3483 826 3552 ignis
844 3500 900 3537 non
919 3483 1130 3557 RAGnabcffi
1152 3484 1227 3555 ignis
1245 3502 1343 3541 comm

327 3574 432 3626 nonpo
445 3559 455 3626 ΙΙ
469 3553 779 3624 οιῇιιςιιίὲαιΕΨἿω
789 3555 969 3624 extinguetur
978 3555 1118 3638 AG¹abq
1131 3558 1140 3626 ΙΙ
1156 3561 1231 3627 ltro.
1241 3559 1342 3613 morie·

327 3630 375 3682 tur
394 3670 421 3681 ..
442 3626 621 3694 extinguetur
643 3624 691 3679 Ao
713 3625 723 3693 ΙΙ
745 3629 779 3677 20
803 3640 867 3677 eum
890 3625 1038 3694 Rnacprn
1062 3642 1138 3681 emm
1160 3628 1243 3699 Ab93
1265 3629 1341 3683 enim

329 3733 393 3772 eum
418 3714 444 3769 G
465 3715 476 3782 ΙΙ
497 3717 531 3765 21
555 3710 760 3765 commendatio
783 3710 998 3781 Ruouaoep
1020 3716 1077 3781 (6);
1105 3698 1287 3781 oommdnitio
1309 3734 1341 3789 93

331 3782 510 3843 comminutio
520 3798 534 3835 c
543 3786 654 3852 (moro.)
666 3798 698 3847 o;
711 3781 746 3846 cf.
757 3784 820 3846 524,
831 3786 924 3851 tdsqo.
934 3784 943 3851 ΙΙ
953 3788 986 3835 26
996 3784 1175 3852 poenitentes
1184 3803 1250 3853 mern
1265 3786 1344 3842 -tiso

1241 4076 1455 4108 ΗΜ
