3284 4459
566 503 606 543 nn
620 502 764 543 omniurn
777 503 831 543 nm
845 503 870 544 n.
884 504 934 544 xx.
949 503 971 545 c.
985 505 1018 546 ιε.
1226 490 1290 555 437

284 656 431 700 annorum
456 647 486 698 et
513 655 564 697 sen
588 655 722 697 mensum
746 637 899 698 intervallo
922 640 1005 717 prius
1028 638 1143 699 desinat
1165 639 1291 718 alligatio

284 726 395 788 diaboli
423 745 510 807 quam
539 743 663 804 regnum
691 734 861 787 sanctorum
892 728 922 785 in
946 726 992 786 bis
1015 729 1099 789 annis
1123 727 1200 788 mille
1224 745 1292 789 cum

284 811 425 876 Christo?
463 815 494 875 Si
512 823 610 875 autem
634 814 795 875 dixerimus
818 831 940 893 parvum
965 817 1180 893 persecutionis
1202 816 1292 877 lruius

282 905 341 964 hoc
372 906 500 983 spatium
531 921 590 963 non
620 902 850 981 computandum
878 904 909 963 in
940 902 1017 963 mille
1041 906 1141 985 annis,
1173 902 1225 965 sed
1249 906 1292 965 eis

283 991 414 1071 impletis
445 993 545 1070 potins
578 990 779 1069 adiciendum,
811 999 844 1051 ut
875 993 995 1070 proprie
1027 994 1121 1070 possit
1153 991 1327 1073 intellegi,5

284 1080 374 1159 quod,
398 1098 465 1141 cnm
488 1079 623 1140 dixisset:
647 1080 829 1140 Sacerdotes
851 1080 911 1141 Dei
932 1086 962 1139 et
987 1079 1100 1141 cortou
1121 1082 1294 1155 regnabunt

284 1186 355 1230 rrum
377 1186 413 1231 eo
435 1171 515 1229 mille
537 1171 640 1242 anna,
667 1167 786 1229 adiecit:
814 1169 855 1228 m
882 1184 950 1228 cnm
970 1171 1054 1241 finiti
1071 1166 1191 1243 suerint
1212 1172 1293 1231 mille

285 1260 374 1330 anni,
396 1260 528 1318 solvetur
549 1263 676 1317 satanas
699 1259 995 1328 decurionatum
1022 1257 1080 1317 isto
1103 1259 1181 1317 enim
1205 1256 1291 1316 modo

254 1376 261 1386 *
284 1353 317 1406 et
341 1363 464 1423 regnum
484 1353 654 1405 sanctorum
677 1352 707 1404 et
730 1344 878 1405 vinculum
902 1344 1009 1404 diaboli
1032 1344 1120 1405 simul
1142 1354 1293 1405 cessatura

285 1451 352 1494 esse
376 1434 534 1513 significat,
561 1440 595 1495 ut
622 1432 728 1493 deinde
755 1434 972 1510 persecutionis
995 1432 1073 1493 illius
1087 1432 1213 1511 'tempus
1236 1449 1292 1493 nec
1312 1463 1345 1512 10

284 1522 322 1583 ad
346 1528 515 1581 sanctorum
539 1538 664 1599 regnum
687 1538 742 1580 nec
765 1521 801 1581 ad
824 1520 987 1581 custodiam
1011 1528 1141 1601 satanae,
1165 1539 1293 1601 quorum

285 1619 446 1687 utrumque
470 1612 500 1668 in
525 1608 602 1669 mille
626 1611 711 1669 annis
734 1618 789 1689 est,
811 1611 971 1689 pertinere,
995 1609 1047 1669 sed
1070 1609 1292 1689 superadditum

285 1707 316 1759 et
353 1705 436 1759 extra
473 1696 702 1776 computandum
739 1715 804 1757 esse
842 1697 993 1758 credatur:
1030 1716 1171 1777 cogemur
1206 1698 1293 1759 lateri

285 1795 404 1848 sanctos
435 1788 465 1845 in
498 1784 546 1845 illa
582 1787 788 1864 persecutione
828 1794 1003 1864 regnaturos
1035 1804 1095 1847 non
1128 1804 1193 1847 esse
1225 1805 1293 1848 cum

285 1875 412 1936 Christo.
468 1872 527 1934 Sed
554 1875 621 1951 quis
648 1873 749 1933 audiat
777 1882 847 1934 tnnc
875 1892 943 1934 cum
970 1874 1019 1934 illo
1047 1893 1106 1935 non
1135 1883 1292 1954 regnatura
1312 1904 1345 1955 15

285 1982 339 2025 sua
363 1961 503 2042 membra,
528 1961 644 2041 quando
664 1963 692 2021 ei
711 1963 835 2022 maxime
858 1970 946 2040 atque
970 1963 1130 2023 fortissime
1154 1963 1291 2023 cobaere-

284 2052 373 2131 bunt,
402 2059 433 2111 et
460 2069 519 2129 quo
547 2059 697 2129 tempore,
726 2058 837 2128 quanto
865 2053 922 2111 erit
945 2052 1041 2110 acrior
1064 2052 1192 2131 impetus
1214 2050 1293 2132 belli,

286 2149 368 2200 tanto
389 2141 481 2200 maior
499 2138 592 2217 gloria
610 2155 670 2197 non
689 2137 822 2218 cedendi,
845 2146 927 2199 tanto
946 2138 1066 2198 densior
1085 2156 1193 2200 corona
1217 2158 1292 2199 mar·

286 2224 376 2308 tyrii?
417 2229 475 2287 Aut
507 2228 533 2287 si
562 2234 685 2305 propter
715 2224 935 2305 tribulationes,
964 2244 1037 2305 quas
1066 2229 1183 2305 passuri
1214 2234 1293 2307 sunt,

286 2334 346 2377 non
379 2315 496 2376 dicendi
525 2323 595 2375 sunt
625 2315 789 2392 regnaturi:
820 2331 1005 2391 consequens
1035 2317 1107 2395 erit,
1139 2323 1173 2375 ut
1205 2316 1292 2375 etiam
1312 2346 1345 2395 20

286 2404 492 2484 superioribus
522 2401 626 2463 diebus
659 2405 691 2461 in
723 2401 834 2463 eisdem
867 2401 945 2461 mille
977 2404 1076 2482 anuis,
1114 2404 1292 2482 quicumque

285 2491 503 2554 tribulabantur
537 2500 720 2570 sanctorum,
757 2508 792 2549 eo
825 2491 888 2569 ipso
925 2498 1058 2570 tempore
1095 2490 1292 2553 tribuationis

286 2600 357 2642 suae
386 2598 454 2641 cum
477 2578 594 2639 Christo
624 2596 684 2639 non
708 2596 846 2657 regnasse
874 2578 1023 2659 dicantur3
1051 2595 1084 2639 ac
1107 2597 1161 2658 per
1183 2578 1240 2639 boc
1263 2589 1294 2640 et

285 2670 341 2750 illi,
370 2686 497 2747 qnorum
525 2670 637 2727 animas
666 2674 769 2727 auctor
798 2665 866 2726 libri
889 2666 979 2727 huius
1002 2665 1109 2728 vidisse
1133 2685 1165 2728 se
1188 2667 1293 2730 scribit

287 2760 455 2818 occisorum
482 2763 604 2836 propter
632 2757 833 2815 testimouium
861 2754 927 2815 lesu
959 2763 989 2815 et
1021 2764 1142 2835 propter
1169 2754 1292 2817 verbum
1311 2786 1344 2835 25

288 2846 350 2926 bet,
373 2864 433 2905 non
456 2843 618 2924 regnabant
640 2861 709 2904 cnm
727 2842 854 2923 Christo,
878 2843 994 2922 quando
1017 2842 1204 2923 patiebantur
1225 2862 1291 2924 per·

287 2936 487 3015 secutionem,
523 2941 553 2992 et
588 2933 646 3012 ipsi
681 2949 805 3010 regnum
839 2929 948 2991 Christi
986 2950 1044 2991 non
1080 2941 1181 3013 erant,
1218 2951 1292 3012 quos

287 3021 424 3083 Christus
452 3020 645 3081 excellentius
672 3019 849 3098 possidebat.
895 3018 1147 3082 Absurdissimum
1175 3020 1204 3081 id
1229 3024 1291 3100 qui-

286 3112 354 3172 dem
373 3118 403 3170 et
421 3111 502 3169 omni
521 3107 607 3168 modo
627 3108 829 3169 aversandum.
876 3106 933 3167 Sed
953 3115 1034 3167 certe
1058 3110 1170 3168 animae
1194 3110 1292 3170 victri-

286 3217 337 3259 ces
374 3197 652 3277 gloriosissimorum
695 3205 858 3275 martyrum
898 3194 1035 3255 omnibus
1072 3195 1223 3256 doloribus
1259 3214 1292 3257 ac
1312 3227 1345 3276 30

287 3284 438 3347 laboribus
468 3287 615 3363 superatis
645 3294 732 3363 atque
770 3286 876 3364 linitis,
906 3292 1008 3363 postea
1040 3301 1127 3363 quam
1161 3284 1293 3345 mortalia

288 3374 420 3435 membra
447 3382 627 3455 posuerunt,
659 3391 727 3435 cum
755 3371 873 3432 Christo
905 3373 1008 3449 artique
1039 3378 1237 3450 regnaverunt
1264 3382 1294 3433 et

287 3472 427 3541 regnant,
459 3461 554 3521 donec
584 3463 723 3521 finiantur
751 3459 829 3520 mille
857 3461 941 3534 anni,
973 3468 1007 3520 ut
1033 3467 1134 3539 postea
1165 3463 1293 3539 receptis

358 3608 372 3655 1
400 3617 547 3655 mensuum
570 3601 673 3670 RAbq
701 3601 748 3667 (cs.
767 3605 818 3667 80,
838 3605 888 3667 25;
915 3601 1108 3671 Neue-Waq.³
1130 3602 1152 3653 I
1165 3619 1195 3670 p.
1216 3606 1297 3671 396);

283 3671 424 3727 mensium
435 3672 568 3741 Gunepo
581 3673 590 3740 ΙΙ
605 3677 638 3725 16
652 3670 752 3723 audiat
760 3671 821 3726 Ra
829 3671 878 3726 Ga
888 3676 989 3743 (propr.
996 3689 1026 3741 p.
1037 3676 1073 3727 10
1077 3692 1087 3739 ;
1103 3671 1296 3741 ttt.1ac.21);

284 3741 390 3797 audeat
411 3742 470 3797 sce
491 3759 514 3811 p
536 3742 639 3809 Hoffm.
664 3745 782 3808 (matuta
806 3743 1049 3811 interpunctione);
1078 3742 1182 3797 audeat
1205 3742 1297 3801 dicere

283 3831 345 3871 eon
358 3814 368 3881 l
382 3818 415 3866 22
433 3759 644 3866 tribulabantur
663 3811 785 3882 (laeam
805 3812 950 3867 -labuntur
968 3814 1019 3879 ct3
1039 3812 1147 3868 -lantur
1165 3815 1248 3883 RAp
