3284 4459
168 3579 170 3686 l

168 4091 175 4164 l

334 501 397 568 154
633 544 634 548 ,
740 514 761 557 s.
775 513 941 558 incusum

331 651 494 713 secundum
522 649 671 710 bominem
699 651 878 731 viventium,
904 648 961 711 snb
988 648 1139 711 dominatu
1166 649 1344 729 augelorum

331 740 519 800 desertorum
541 741 686 817 insignius
714 737 890 817 excellebat,
921 755 1013 817 regna
1034 737 1170 799 videlicet
1192 741 1262 818 tria,
1292 735 1341 798 Si·

331 830 520 908 cyoniorum,
552 827 777 907 Aegyptiorum,
809 827 1005 906 Assyriorum.
1060 825 1119 887 Sed
1150 827 1342 908 Assyriorum

332 915 426 977 multo
445 924 509 976 erat
526 917 677 994 potentius
696 923 784 994 atque
803 913 967 976 sublimius.
1011 913 1085 974 Nam
1103 933 1157 975 rex
1173 914 1224 975 ille
1243 914 1341 975 Ninus

296 1003 394 1064 obeli
417 1003 494 1065 illius
518 1011 641 1082 excepta
663 1002 745 1063 ludia
763 1005 922 1063 universae
944 1003 1030 1062 Asiae
1052 1002 1177 1082 populos
1199 1002 1340 1082 subiuga-

330 1101 421 1153 rerat.
466 1093 563 1152 Asiam
596 1108 675 1153 nunc
708 1090 774 1174 dico
806 1109 866 1151 non
898 1089 976 1151 illam
1003 1098 1117 1170 partem
1145 1108 1220 1170 quae
1248 1091 1341 1152 buius

330 1183 451 1241 maioris
473 1181 558 1240 Asiae
586 1197 644 1239 una
671 1181 820 1258 provincia
851 1186 910 1260 est,
937 1179 990 1239 sed
1013 1197 1078 1240 eam
1100 1197 1176 1259 quae
1198 1182 1341 1241 universa

330 1270 398 1330 Asia
426 1279 628 1348 nuncupatur,
656 1285 743 1346 quam
771 1266 890 1346 quidam
917 1269 948 1327 in
971 1266 1062 1328 altera
1085 1267 1225 1351 duarum,
1248 1268 1340 1348 pleri-

331 1375 389 1436 que
412 1366 512 1419 autem
534 1358 565 1416 in
588 1357 674 1416 tertia
697 1357 787 1416 totius
811 1354 892 1415 orbis
915 1365 997 1434 parte
1020 1365 1198 1437 posuerunt,
1220 1366 1254 1417 ut
1277 1359 1342 1417 sint

279 1455 311 1506 ιο
331 1463 434 1506 omues
451 1445 528 1524 Asia,
550 1443 669 1523 Europa
691 1452 721 1504 et
739 1444 850 1523 Africa,
873 1442 951 1521 quod
976 1461 1035 1503 non
1057 1444 1172 1522 aequali
1193 1444 1340 1505 divisione

330 1534 474 1595 iecerunt.
519 1531 651 1610 Namque
675 1533 739 1612 istu,
762 1549 838 1610 quae
861 1532 929 1591 lua
952 1541 1149 1615 nuncupatur,
1172 1550 1188 1593 a
1211 1532 1339 1593 meridie

246 1665 248 1670 ,
329 1640 385 1702 per
412 1624 557 1682 orientem
585 1639 680 1699 usque
708 1620 748 1680 ad
775 1622 1009 1699 septentrionem
1036 1623 1184 1701 perreuit;
1215 1619 1339 1700 Europa

330 1729 400 1771 vero
432 1729 449 1771 a
486 1711 686 1790 septentrione
720 1725 815 1787 usque
847 1708 884 1768 ad
914 1709 1115 1789 occidentem,
1146 1718 1234 1788 atque
1266 1709 1339 1770 inde

329 1800 427 1859 Airica
455 1797 491 1858 ab
518 1796 671 1858 occidente
699 1814 793 1875 usque
821 1797 858 1858 ad
885 1796 1047 1857 meridiem.
1092 1797 1176 1858 Unde
1198 1797 1340 1859 ridentur

278 1897 311 1946 15
330 1887 433 1948 orbem
465 1887 619 1948 dimidium
651 1884 725 1946 ditae
757 1893 876 1966 tenere,
904 1884 1023 1964 Europa
1051 1894 1082 1945 et
1103 1886 1214 1966 Africa,
1246 1886 1340 1947 alium

330 1993 400 2035 vero
433 1974 587 2037 dimidium
619 1973 680 2033 sola
711 1973 787 2034 Asia.
843 1972 901 2033 Sed
933 1972 999 2033 ideo
1032 1974 1097 2034 illae
1129 1973 1205 2034 duae
1235 1983 1340 2054 partes

330 2065 422 2125 laetae
451 2071 536 2144 sunt,
565 2063 633 2140 quia
659 2063 738 2122 inter
765 2070 923 2140 utramque
950 2060 987 2121 ab
1014 2060 1131 2122 Oceano
1160 2062 1339 2145 ingreditur,

330 2150 472 2230 quidquid
499 2167 642 2230 aquarum
669 2161 764 2211 terras
786 2149 933 2229 interluit,
961 2159 991 2210 et
1014 2148 1070 2210 boc
1093 2169 1174 2211 mare
1197 2169 1339 2230 magnum

331 2239 415 2300 nobis
438 2239 517 2300 lacit.
562 2238 748 2316 Quapropter
771 2240 796 2298 si
819 2240 850 2298 in
873 2237 946 2299 duas
968 2248 1068 2317 partes
1089 2239 1193 2299 orbem
1216 2238 1341 2321 dividas,

277 2339 310 2388 2ο
331 2326 461 2389 Orientis
484 2336 514 2388 et
537 2324 724 2406 Occidentis,
755 2325 824 2386 usia
846 2328 905 2386 erit
930 2329 961 2387 in
989 2344 1065 2406 une,
1095 2331 1127 2387 in
1150 2327 1242 2388 altera
1264 2347 1339 2389 vero

330 2416 450 2496 Europa
472 2424 507 2476 et
525 2415 631 2476 Africa.
677 2413 771 2484 Ouam
793 2413 831 2474 ob
856 2432 919 2475 rem
941 2416 1032 2476 trium
1054 2421 1228 2497 regnor-um,
1258 2434 1339 2495 quae

330 2513 402 2565 tunc
433 2502 667 2584 praecellebant,
698 2501 904 2582 Sicyoniorum
936 2521 995 2563 non
1023 2512 1087 2564 erat
1113 2500 1170 2564 sub
1198 2506 1339 2586 Assyriis,

331 2595 399 2671 quia
426 2595 458 2653 in
486 2590 604 2670 Europa
634 2600 716 2670 sunt3
743 2591 955 2670 Aegyptiorum
977 2599 1075 2652 autem
1098 2610 1157 2671 quo
1180 2592 1267 2653 modo
1290 2597 1338 2654 eis

331 2699 391 2741 non
413 2678 598 2759 sublucebat,
620 2697 637 2738 a
660 2679 768 2757 quibus
790 2687 852 2738 tota
874 2678 941 2739 usia
964 2679 1129 2762 tenebatur,
1152 2679 1223 2741 solis
1245 2681 1337 2758 ludis,

278 2779 312 2828 25
333 2776 367 2829 ut
393 2766 581 2848 perhibetur,
613 2763 764 2846 exceptis?
796 2766 829 2826 ln
859 2768 978 2847 Assyria
1012 2770 1103 2847 igitur
1131 2769 1339 2848 praevaluerat

331 2856 498 2917 dominatus
519 2857 626 2934 impiae
649 2857 790 2936 civitatis3
818 2854 908 2916 buius
930 2864 1018 2935 caput
1040 2865 1104 2916 erat
1125 2856 1173 2916 illa
1195 2856 1338 2940 Babylon,

331 2947 417 3006 cuius
447 2945 611 3022 terrigenae
642 2945 770 3005 civitatis
796 2961 905 3003 nomen
934 2945 1118 3024 aptissimum
1145 2954 1204 3026 est,
1230 2945 1339 3009 idest

331 3034 474 3093 confusio.
519 3030 564 3091 lbi
582 3033 639 3091 iam
657 3031 752 3092 Ninus
770 3030 912 3110 regnabat
933 3041 1001 3111 post
1022 3041 1149 3094 mortem
1171 3037 1264 3113 patris
1286 3039 1338 3097 sui

331 3120 403 3202 Reli,
426 3121 477 3199 qui
495 3121 610 3199 primns
628 3119 687 3180 illic
710 3129 884 3202 regnaverat
905 3123 1055 3198 sexaginta
1077 3123 1209 3200 quinque
1231 3140 1336 3185 annos.

276 3221 311 3269 20
330 3208 422 3270 Filius
449 3225 519 3268 vero
549 3209 614 3268 eius
640 3206 749 3287 NinuS,
779 3210 833 3286 qui
860 3207 1000 3269 defuncto
1027 3211 1105 3288 patri
1131 3213 1275 3272 successit
1301 3214 1336 3274 in

329 3313 463 3377 regnum,
487 3297 697 3374 quinquaginta
721 3294 779 3356 duo
808 3297 942 3373 regnarit
965 3314 1069 3376 annos,
1098 3305 1128 3357 et
1154 3297 1280 3360 babebat
1301 3297 1336 3362 in

329 3403 420 3465 regno
448 3383 639 3463 quadraginta
668 3392 743 3462 tres,
771 3383 887 3461 quaudo
918 3402 1003 3445 rietus
1026 3394 1073 3446 est
1095 3385 1253 3463 Abrabam,
1282 3391 1336 3466 qui

396 3508 424 3578 8)
442 3505 508 3561 Sell.
526 3506 586 3578 lug.
603 3511 645 3574 17
655 3511 679 3562 8
716 3506 787 3578 Aug.
803 3506 917 3574 Quaeri.
935 3507 966 3562 in
983 3508 1067 3579 Hepi.
1081 3515 1237 3579 432,.16sq
1250 3508 1338 3578 Zyeln

325 3626 537 3634 -————-—

397 3707 430 3754 22
446 3699 550 3770 sicyon
560 3699 706 3770 (sycbion.)
720 3702 778 3757 VR
784 3701 929 3773 Fnabeffi
944 3702 1053 3757 scilicet
1062 3702 1172 3772 Sicyon.
1182 3721 1199 3758 c
1211 3705 1221 3773 l
1235 3709 1267 3758 31
1279 3704 1339 3761 duo

332 3773 478 3840 77787,
495 3774 558 3837 140,
571 3773 634 3864 22),
654 3745 941 3843 dnosRFGbegpv
1056 3841 1076 3847 ⁷.
