3284 4459
367 492 431 557 628
769 506 792 547 s.
806 505 971 548 auousrnu

368 650 450 716 sunt,
476 643 638 703 invenitur:
666 642 705 701 Et
733 644 763 701 in
791 658 889 702 carae
915 658 983 703 mea
1005 643 1110 703 aidedo
1134 643 1244 723 Deum,
1272 660 1383 703 resur·

367 733 529 791 rectionem
566 729 685 809 quidem
722 732 819 791 carnis
856 732 920 789 sine
955 728 1045 790 dubio
1081 730 1280 811 prophetavit,
1314 748 1382 791 non

367 828 465 879 tamen
483 817 569 879 dixit:
592 818 668 897 „Per
686 835 804 879 carnem
824 812 947 877 meam.“
992 816 1076 887 Ouod
1096 818 1216 896 quidem
1235 820 1260 878 si
1283 818 1380 879 dixis-

369 915 429 987 set,
460 914 560 985 posset
588 906 666 967 licus
695 905 831 966 Christus
857 904 1002 986 intellegi,
1033 908 1085 985 qui
1112 924 1166 985 per
1194 925 1315 966 carnem
1346 910 1380 967 in

333 1008 456 1055 ocarue
475 994 635 1075 videbitur3
659 1013 738 1055 nunc
756 1011 827 1054 vero
846 1003 943 1073 potest
966 1008 997 1055 et
1019 996 1061 1054 sic
1084 997 1193 1074 accipi:
1215 996 1252 1055 In
1276 1014 1382 1057 carne

368 1100 436 1143 mea
461 1085 567 1145 videbo
594 1085 707 1162 Deum,
739 1100 773 1143 ac
800 1085 825 1142 si
853 1083 988 1143 dixisset:
1020 1082 1078 1161 „lu
1106 1100 1195 1143 carne
1223 1100 1287 1143 mea
1312 1100 1379 1164 ero,

369 1190 437 1231 oum
455 1170 558 1231 videbo
578 1165 699 1231 [leum.“
742 1169 874 1251 Etillud,
897 1171 975 1249 quod
1000 1174 1039 1231 ait
1062 1169 1225 1250 apostolus:
1248 1173 1379 1233 Faciem

369 1262 413 1320 ad
429 1259 551 1336 facicm,
574 1278 633 1320 non
656 1262 735 1339 cogit
757 1267 791 1320 ut
813 1258 906 1319 lleum
930 1276 984 1338 per
1006 1258 1082 1319 hano
1105 1260 1210 1319 taciem
1232 1278 1378 1339 corpora-

369 1347 435 1428 lem,
458 1346 509 1408 uhi
528 1355 597 1408 sunt
615 1348 693 1408 oculi
711 1347 888 1427 corporales,
911 1364 966 1407 nos
984 1349 1101 1407 visuros
1119 1364 1184 1408 esse
1207 1347 1379 1429 credamus,

318 1450 456 1515 laquem
489 1438 595 1515 spiritu
627 1438 690 1496 sine
723 1437 941 1496 intermissione
974 1435 1145 1496 ridebimus.
1197 1435 1262 1497 Nisi
1294 1441 1378 1497 enim

368 1532 447 1585 esset
475 1526 561 1584 etiam
592 1526 742 1584 interioris
771 1524 899 1583 hominis
930 1524 1034 1603 iacies,
1064 1542 1123 1584 non
1152 1525 1264 1585 diceret
1294 1525 1376 1585 idem
1436 1542 1439 1548 ’

368 1611 530 1692 apostolus:
554 1614 614 1672 Nos
631 1620 731 1673 autem
753 1616 890 1673 revelata
908 1611 994 1688 [acie
1013 1616 1146 1687 aloriam
1164 1614 1286 1675 Domini
1307 1633 1376 1691 spe-

369 1705 504 1762 culantes
526 1704 557 1761 in
581 1704 706 1761 eandem
729 1704 890 1775 imaainem
914 1699 1184 1780 transformamur,
1212 1704 1250 1763 de
1269 1706 1378 1776 aleria

369 1792 399 1849 in
420 1792 566 1863 aleriam,
590 1797 742 1864 tamquam
764 1807 785 1848 a
808 1789 930 1849 Domini
949 1791 1078 1864 spirita:
1100 1807 1155 1849 neo
1179 1789 1264 1849 aliter
1287 1790 1376 1850 intel-

318 1889 349 1937 15
368 1877 492 1955 legimus
506 1885 536 1937 et
555 1877 633 1956 quod
650 1880 681 1937 in
700 1876 811 1956 psalmo
831 1880 960 1937 canitur:
983 1880 1130 1938 accedite
1148 1880 1191 1937 ad
1204 1896 1272 1938 eum
1285 1888 1317 1940 et
1328 1882 1375 1938 in-

369 1968 565 2046 luminamini,
583 1965 722 2042 alsacios
736 1972 855 2025 uestrae
872 1980 932 2024 aaa
950 1966 1136 2025 madescent,
1172 1964 1244 2025 Fide
1263 1968 1374 2045 quippe

370 2053 519 2114 acceditur
549 2053 584 2113 ad
608 2052 716 2133 ileum,
744 2070 832 2132 quam
855 2052 953 2112 cordis
976 2060 1092 2112 constat
1114 2070 1194 2131 esse,
1223 2071 1284 2113 non
1308 2072 1373 2114 cor-

369 2144 458 2220 poris.
505 2140 562 2201 Sed
586 2144 654 2219 quia
678 2139 807 2220 spiritale
831 2157 940 2218 corpus
963 2142 1112 2200 nescimus
1136 2149 1262 2220 quantos
1285 2141 1373 2202 hahe-

369 2229 413 2290 bit
430 2247 567 2290 accessus
586 2224 637 2311 (de
657 2247 688 2289 re
708 2231 816 2309 qnippe
836 2231 987 2307 inexperta
1005 2223 1179 2310 loquimur),
1198 2228 1249 2289 ubi
1268 2230 1372 2310 aliqua,

317 2330 351 2380 20
370 2336 444 2397 quae
467 2317 552 2378 aliter
574 2317 705 2397 intellegi
728 2325 863 2396 nequeat,
886 2316 1050 2377 divinarum
1074 2319 1291 2396 scripturarum
1315 2337 1372 2378 non

274 2410 276 2417 '
369 2408 500 2467 occurrit
523 2415 552 2465 et
575 2407 723 2466 succurrit
747 2407 918 2485 auctoritas,
945 2422 1067 2465 necesse
1091 2414 1137 2465 est
1166 2413 1199 2465 ut
1222 2409 1373 2485 contingat

369 2497 399 2555 in
432 2493 516 2555 nohis
544 2494 622 2573 quod
651 2493 759 2573 legitur
785 2495 816 2553 in
848 2491 924 2551 libro
955 2491 1135 2571 Sapientiae:
1169 2494 1372 2569 Coaitationes

369 2586 540 2644 mortalium
563 2586 685 2643 timidae
708 2589 737 2642 et
759 2584 897 2641 incertae
915 2584 1127 2655 providentiae
1148 2590 1279 2643 nostrae.

457 2670 650 2731 Ratiocinatio
669 2673 776 2750 quippe
796 2667 844 2728 illa
867 2668 1118 2750 philosophorum,
1142 2688 1198 2747 qua
1222 2669 1372 2749 disputant

317 2770 351 2820 25
370 2761 409 2819 ita
437 2762 544 2819 mentis
570 2767 691 2838 aspectu
723 2754 921 2835 intellegibilia
948 2757 1040 2817 videri
1068 2767 1098 2817 et
1125 2775 1214 2818 seusu
1238 2761 1371 2837 corporis

370 2846 532 2926 sensibilia,
555 2847 584 2907 id
607 2855 652 2907 est
675 2845 851 2925 corporalia,
875 2852 907 2904 ut
931 2863 985 2905 nec
1008 2844 1207 2924 intellegibilia
1230 2864 1285 2925 per
1307 2866 1369 2907 cor-

369 2953 425 3014 pus
449 2953 503 2994 nec
526 2933 688 3014 corporalia
715 2953 769 3013 per
796 2952 828 2993 se
856 2935 949 3011 ipsam
972 2952 1056 2993 mons
1078 2933 1172 2994 valeat
1193 2936 1319 3015 intueri,
1346 2937 1369 2994 si

369 3031 470 3102 posset
497 3021 582 3082 nobis
610 3041 675 3082 esse
703 3023 881 3101 certissima,
910 3022 1043 3100 prolecto
1071 3030 1187 3082 certum
1217 3032 1296 3083 esset
1318 3041 1369 3102 per

370 3110 471 3171 oculos
500 3112 633 3189 corporis
662 3112 749 3171 otiam
779 3109 919 3189 spiritalis
946 3110 1026 3169 nullo
1054 3110 1141 3170 modo
1168 3129 1254 3189 posse
1279 3111 1369 3171 videri
1436 3100 1439 3108 ’

317 3198 472 3260 solioum.
518 3197 576 3259 Sed
604 3201 688 3259 istam
718 3200 968 3258 ratiocinationem
997 3206 1026 3258 et
1054 3217 1121 3259 vera
1149 3201 1224 3258 ratio
1252 3207 1282 3259 et
1304 3218 1368 3278 pro·

370 3286 486 3367 plictica
516 3287 624 3347 inridet
653 3288 821 3346 auctoritas.
867 3284 940 3356 Quis
970 3289 1049 3346 enim
1075 3289 1116 3348 ita
1143 3289 1182 3347 sit
1211 3304 1368 3347 aversusa

371 3393 459 3454 vero,
491 3383 524 3435 ut
555 3374 653 3435 dicere
687 3373 792 3435 audeat
824 3372 917 3433 ileum
949 3375 1111 3453 corporalia
1144 3377 1199 3434 ista
1234 3372 1368 3435 nescire?

438 3494 530 3553 otob
551 3499 640 3560 1o,2o
659 3493 742 3562 Vuig.
789 3492 1059 3563 s)1.cor.1a‚1e.
1106 3494 1371 3564 14)2.0or.³,18.

366 3570 411 3631 16)
429 3565 472 3619 Ps.
492 3570 535 3631 aa,
549 3568 574 3619 o.
625 3566 669 3632 aa)
689 3563 752 3632 Sap.
773 3568 797 3629 o,
814 3568 855 3617 14.

438 3710 452 3756 ‘l
471 3704 573 3758 faciem
591 3703 861 3773 ad.f.1t(624‚5);
880 3702 953 3759 facie
972 3704 1009 3759 ad
1028 3704 1047 3761 f.
1061 3706 1188 3775 AGnall
1204 3713 1236 3760 15
1254 3708 1284 3759 el
1302 3708 1372 3775 quod

367 3775 501 3840 RAabe3
521 3775 596 3843 quod
615 3776 644 3828 ei
663 3775 701 3840 G:
721 3775 750 3827 et
768 3791 818 3829 om.
834 3783 873 3829 *tc
890 3777 900 3843 Ι
918 3780 952 3828 27
971 3777 1034 3845 ipsa
1052 3778 1080 3831 A
