3284 4459
586 492 627 531 nu
641 491 783 531 omrem
797 491 850 530 nm
864 490 889 531 u.
903 490 953 530 xx.
967 490 990 531 o.
1006 492 1025 531 o.
1234 474 1296 540 431

293 628 382 687 etiam
409 634 524 687 ceteros
552 635 685 687 mortuos
712 626 909 704 intellegimus
937 627 1121 703 pertinentes
1147 621 1181 682 ad
1207 621 1298 681 eccle·

293 717 376 795 siam,
400 714 477 793 quod
502 723 693 792 est'regnum
717 712 835 774 Christi.

383 802 467 871 Orrod
492 820 560 862 vero
580 805 728 881 sequitur:
752 803 792 863 Et
812 806 843 863 si
862 806 916 877 qui
938 820 996 863 oon
1020 804 1229 862 odoraverunt
1252 800 1300 859 be·

292 894 383 951 stiam
401 909 457 952 nec
476 894 636 965 imaginem
655 894 728 964 eius,
751 909 848 966 neque
866 897 1052 966 occeperunt
1074 891 1300 965 inscriptionem

294 983 325 1039 in
350 978 455 1054 fronte
481 987 535 1039 out
562 983 594 1039 in
621 996 712 1040 mono
739 997 809 1053 suo,
840 978 928 1039 simul
955 978 990 1037 de
1016 978 1090 1035 vivis
1121 982 1150 1035 et
1176 977 1336 1035 mortuist

294 1066 436 1127 debemus
463 1070 606 1147 accipere.
652 1067 732 1138 Quae
760 1070 800 1127 sit
825 1085 914 1147 porro
943 1069 997 1127 ista
1027 1066 1136 1144 hestia,
1169 1066 1301 1143 quamvis

295 1157 334 1215 sit
361 1156 531 1235 diligentius
559 1156 787 1235 requirendum,
816 1173 876 1215 non
903 1164 1000 1215 tamen
1030 1153 1169 1215 abhorret
1198 1171 1212 1211 a
1243 1152 1300 1211 lide

294 1254 384 1325 recta,
407 1254 440 1304 ut
462 1248 526 1323 ipsa
548 1247 638 1323 impia
661 1246 763 1305 civitas
785 1243 972 1321 intellegatur
996 1251 1026 1303 et
1048 1241 1175 1322 populus
1199 1240 1300 1300 infide·

295 1332 367 1393 lium
390 1335 557 1393 contrarius
577 1332 689 1412 populo
717 1332 795 1392 fideli
818 1340 849 1392 et
871 1334 980 1392 civitati
1003 1330 1064 1391 liei.
1109 1328 1207 1407 Imago
1230 1346 1300 1388 vero

295 1423 359 1481 eius
383 1420 529 1481 simulatio
557 1424 621 1482 eius
650 1421 720 1480 mihi
744 1422 873 1501 videtur,
899 1422 928 1479 in
953 1422 996 1479 eis
1018 1418 1154 1479 videlicet
1176 1417 1300 1477 homini·
1322 1428 1354 1476 10

294 1508 361 1589 bus,
383 1512 435 1588 qui
458 1509 538 1571 velut
555 1510 643 1569 iidem
662 1511 840 1589 profitentur
859 1517 889 1569 et
907 1508 1064 1568 infideliter
1088 1509 1197 1567 vivunt.
1233 1504 1300 1563 Fin-

294 1605 369 1677 gunt
388 1600 464 1658 enim
484 1616 516 1658 se
536 1616 601 1657 esse
621 1597 699 1677 quod
719 1616 777 1657 non
797 1607 875 1677 sunt,
897 1605 1099 1675 vocanturque
1123 1612 1181 1654 non
1204 1594 1302 1653 veraci

295 1686 407 1765 effigie,
434 1687 485 1746 sed
515 1686 609 1747 lallaci
635 1689 761 1765 imagine
785 1685 953 1747 Christiani.
999 1684 1040 1744 ld
1072 1683 1193 1744 eandem
1222 1699 1301 1741 nam·

295 1793 353 1853 que
377 1774 501 1834 bestiam
531 1776 682 1853 pertinent
710 1793 769 1833 non
797 1774 891 1834 solum
916 1780 1016 1852 aperte
1040 1773 1152 1832 inimici
1174 1772 1302 1831 nominis

295 1862 406 1923 Christi
429 1871 459 1923 et
488 1865 552 1923 eius
580 1863 806 1941 gloriosissimae
831 1864 970 1941 civitatis,
999 1860 1050 1921 sed
1075 1863 1162 1921 etiam
1185 1860 1302 1937 zizania,
1322 1868 1355 1917 15

296 1969 372 2031 quae
391 1951 427 2012 de
446 1969 538 2030 regno
557 1953 631 2025 eius,
654 1950 731 2031 quod
752 1959 798 2011 est
820 1951 953 2029 ecclesia,
975 1952 1006 2009 in
1029 1949 1087 2009 tine
1111 1945 1221 2008 saeculi
1244 1946 1302 2006 ool-

295 2039 412 2117 ligenda
435 2048 513 2100 snut.
562 2038 601 2099 Et
629 2042 680 2118 qui
704 2048 774 2098 sunt
796 2041 848 2117 qul
871 2057 930 2098 non
954 2038 1076 2097 adorant
1099 2036 1223 2097 bestiam
1246 2053 1302 2096 neo

295 2129 453 2206 imaginem
481 2130 559 2203 eius,
586 2128 644 2187 nisi
672 2129 724 2206 qui
751 2128 862 2186 iaciunt
889 2125 968 2206 quod
996 2128 1037 2186 ait
1063 2124 1225 2203 apostolus:
1258 2126 1303 2185 Ne

294 2220 323 2277 si
323 2220 361 2276 tis
393 2218 497 2291 iugum
528 2219 640 2277 ducent
628 2224 672 2277 tes
703 2233 771 2275 com
804 2211 995 2287 infidelibus?
1039 2212 1126 2293 „Non
1157 2206 1304 2272 adorant“

296 2307 375 2365 enim
404 2313 450 2365 est
476 2322 535 2363 nou
563 2306 769 2383 consentiunt,
801 2321 860 2363 non
889 2302 1089 2403 subiciuntur3
1111 2318 1231 2381 „neque
1255 2318 1301 2360 ao·
1321 2313 1355 2361 20

296 2394 411 2471 cipiunt
429 2392 662 2539 inscriptionem,
663 2387 680 2419 “
702 2400 801 2451 notam
821 2391 934 2451 scilicet
952 2391 1092 2467 criminis
1113 2390 1163 2469 „in
1187 2382 1304 2448 ironte“

295 2489 419 2560 propter
450 2481 677 2560 professionem,
708 2483 764 2559 „in
797 2473 908 2539 manu“
939 2488 1061 2557 propter
1093 2478 1302 2555 operationem.

296 2568 340 2629 Ab
372 2568 418 2627 his
450 2570 541 2647 igitur
573 2568 656 2628 malis
689 2569 789 2647 alieni,
821 2570 882 2627 sive
915 2566 1009 2626 adhuc
1041 2568 1072 2625 in
1100 2568 1156 2624 ista
1186 2564 1303 2624 mortali

297 2675 386 2718 carne
417 2659 548 2715 viventes
580 2658 640 2716 sive
671 2656 818 2736 defuncti,
851 2664 975 2735 regnant
1002 2672 1069 2714 cum
1098 2652 1214 2713 Christo
1244 2655 1301 2712 iam

297 2763 377 2806 nuno
400 2745 487 2804 modo
506 2744 632 2823 quodam
656 2744 725 2803 huic
747 2746 874 2822 tempori
897 2759 1028 2821 congruo
1051 2760 1106 2821 per
1128 2747 1222 2801 totum
1246 2741 1302 2801 hoc
1321 2751 1355 2801 25

296 2832 491 2913 intervallum,
514 2833 592 2912 qnod
616 2850 740 2893 numero
765 2832 842 2892 mille
866 2832 1047 2911 significatur
1069 2848 1221 2890 annorum.

386 2922 510 2997 Reliqui
540 2940 658 2995 eorum,
689 2923 799 2999 inquit,
831 2938 891 2981 non
919 2923 1068 2981 vixerunt.
1114 2919 1200 2979 Horo
1223 2920 1302 2978 enim

295 3029 379 3071 nnnc
412 3018 470 3084 est,
502 3028 570 3071 com
597 3013 710 3071 mortui
735 3012 867 3069 audiunt
894 3026 996 3069 vocem
1019 3010 1081 3081 filii
1102 3008 1171 3080 Dei,
1200 3014 1228 3067 ei
1251 2984 1305 3081 qui

297 3102 454 3160 audierint
479 3101 594 3169 vivent·
623 3098 730 3176 reliqui
758 3115 829 3175 ergo
857 3115 960 3156 eorum
984 3114 1042 3155 non
1065 3096 1171 3154 vivent
1217 3094 1300 3165 Quod

297 3205 367 3247 vero
391 3186 534 3248 subdidit:
561 3188 665 3247 Donec
684 3189 836 3259 finiantur
858 3188 938 3246 mille
960 3185 1048 3257 anni,
1072 3182 1300 3260 intellegendum
1321 3194 1355 3242 30

296 3283 352 3355 est,
375 3276 453 3353 quod
473 3293 508 3334 eo
528 3281 660 3353 tempore
679 3291 738 3333 non
757 3276 904 3351 vixerunt,
927 3290 985 3351 quo
1005 3273 1102 3331 vivere
1126 3271 1302 3349 debuerunt,

297 3363 331 3423 ad
352 3365 441 3422 vitam
460 3362 573 3422 scilicet
590 3361 626 3421 de
645 3371 741 3422 morte
764 3360 953 3421 transeundo.
997 3357 1035 3418 Et
1058 3359 1124 3419 ideo
1148 3376 1214 3419 oum
1239 3359 1302 3418 dies
1329 3432 1330 3437 ἵ

367 3452 454 3526 mia}
473 3460 533 3515 001.
554 3466 579 3529 o,
593 3465 636 3513 14.
689 3460 735 3528 ao>
752 3456 790 3511 10.
811 3462 836 3522 s,
852 3461 895 3511 ee.

366 3610 383 3656 4
400 3618 452 3658 uec
471 3644 476 3656 .
493 3645 498 3656 .
517 3618 569 3655 neo
586 3619 603 3655 o
620 3602 629 3668 l
648 3605 663 3654 ὅ
683 3615 717 3654 ec
734 3601 815 3653 mort.
835 3616 851 3653 o
869 3601 878 3667 ΙΙ
899 3603 913 3651 i
931 3596 1131 3667 inquirendum
1149 3615 1165 3652 o
1183 3598 1192 3667 ll
1211 3602 1245 3651 20
1264 3601 1308 3652 esi

294 3675 422 3742 RAne¹;
437 3676 503 3744 etp3
518 3673 548 3726 id
560 3673 603 3725 esi
614 3670 759 3740 Gobe¹po
772 3672 782 3739 ΙΙ
796 3674 830 3723 28
846 3668 1131 3739 audiuniRGobe93
1148 3668 1306 3738 audianip3

294 3746 411 3800 audient
429 3748 526 3799 Asea
543 3746 552 3812 ΙΙ
571 3749 604 3796 29
624 3758 689 3811 ergo
708 3758 773 3807 mss3
792 3757 856 3796 vero
875 3758 891 3794 o
