3284 4459
578 476 619 517 os
633 474 775 520 omniun
789 476 844 528 om
855 476 884 517 n.
898 476 973 517 xm
987 476 1010 518 c.
1024 477 1056 518 ao.
1240 460 1318 538 24?

300 615 364 693 sit,
392 612 429 673 tle
453 610 561 691 quibus
583 611 647 690 ipse
670 612 724 670 ait:
751 609 841 672 Beati
862 627 990 686 quorum
1013 614 1159 683 remissae
1179 618 1250 672 suut
1272 615 1317 676 in-

306 705 452 778 iquitates
467 708 500 768 ,et
517 716 645 776 auorum
663 705 744 759 tecta
761 707 832 761 suat
846 706 986 775 peecata.
1020 698 1093 760 Post
1110 699 1192 760 hunc
1214 718 1317 779 regno-

310 793 352 850 n't
382 788 478 850 eidem
508 787 617 868 populo
646 789 784 848 universo
813 787 952 853 Salomon
979 787 1057 848 illius
1085 789 1163 867 eius,
1190 790 1255 867 qni,
1284 795 1319 852 ut

311 896 400 958 supra
431 877 542 938 dictum
570 885 629 955 est,
661 883 744 954 patre
775 893 831 936 suo
864 878 927 936 vivo
957 870 1055 955 coepit
1084 894 1217 955 regnare.
1262 874 1318 943 Hic

301 965 400 1034 „bonis
425 967 517 1040 initiis
545 963 636 1025 malos
664 966 760 1026 exitus
788 963 899 1026 habuit.
944 964 1059 1044 Quippe
1088 964 1235 1026 secundae
1259 976 1353 1042 res,.o

312 1072 385 1133 quae
416 1055 592 1134 sapientium
619 1055 735 1116 ,animos
763 1053 902 1132 fatigant,
937 1055 1030 1130 tnagis
1059 1052 1129 1114 huic
1159 1054 1318 1135 oliuerunt,

312 1161 399 1221 quam
422 1142 534 1222 profuit
556 1144 619 1220 ipsa
642 1143 797 1221 sapientia,
828 1143 916 1201 etlam
938 1159 1018 1202 nunc
1041 1151 1072 1202 et
1094 1140 1235 1220 deinceps
1257 1160 1317 1208 me·

312 1230 470 1307 morabilis
488 1240 518 1291 et
536 1238 608 1292 tunc
626 1229 712 1308 longe
725 1229 844 1308 lateque
858 1228 982 1290 laudata.
1014 1228 1209 1308 Prophetasse
1229 1232 1318 1302 etiam

311 1321 375 1399 ipse
407 1320 556 1398 ropetitur
587 1320 617 1378 in
650 1320 712 1378 suis
746 1318 845 1397 libris,
877 1320 928 1396 qui
958 1327 1019 1377 tres
1046 1321 1161 1397 recepti
1187 1320 1318 1387 suntin

301 1409 516 1482 'auctoritatem
547 1407 730 1467 canonicam:
762 1405 937 1487 Proverbia,
964 1405 1150 1467 ecclesiastes
1172 1414 1202 1467 et
1225 1408 1370 1469 canti-no

310 1513 381 1556 cum
409 1497 598 1556 canticorum.
644 1494 700 1556 ulti
722 1513 793 1554 uero
816 1493 892 1573 uuo,
914 1511 1042 1573 quorum
1064 1513 1143 1556 unus
1166 1496 1317 1574 sapientie,

309 1583 386 1650 alter
415 1583 630 1644 ecclesiasticus
654 1582 775 1663 dicitur,
802 1591 925 1662 propter
953 1582 1062 1660 eloquii
1084 1581 1259 1649 nonnullam¹
1278 1585 1317 1644 si-

311 1671 521 1752 militudinem,
551 1678 584 1731 ut
608 1669 772 1732 Salomonis
795 1670 945 1750 dicantur,
968 1670 1096 1733 obtinuit
1119 1669 1317 1751 consuetud03

303 1778 373 1820 ,non
396 1769 494 1820 autem
517 1777 581 1820 esse
601 1761 695 1838 ipsius
718 1777 777 1820 non
800 1758 936 1821 dubitant
958 1759 1119 1840 doctiores;
1142 1777 1195 1821 eos
1218 1768 1316 1821 tamen

302 1851 343 1932 in
366 1849 570 1910 auctoritatem
589 1850 713 1908 maxime
736 1846 926 1909 occidentalis
948 1849 1112 1926 antiquitus
1134 1850 1247 1928 recepit
1269 1866 1316 1910 oo·
1337 1860 1370 1908 15

311 1937 410 1997 clesia.
456 1935 588 2006 Oscorum
619 1937 651 1996 in
679 1953 751 2016 uno,
783 1938 835 2014 qui
866 1936 1029 2015 appellatur
1061 1938 1203 2016 sapientia
1236 1935 1316 2000 Salo·

304 2026 418 2099 monis,
434 2026 532 2104 passio
548 2023 657 2084 Christi
671 2026 855 2103 apertissime
869 2024 1072 2104 prophetatur.
1108 2024 1193 2103 lmpii
1207 2027 1316 2103 quippe

310 2113 520 2174 interfectores
542 2115 606 2175 eius
628 2120 898 2176 commemorantur
921 2113 1067 2175 dicentes:
1093 2113 1317 2183 Circumoeuio

310 2219 377 2262 mus
404 2203 528 2274 iustum,
561 2204 633 2275 quie
666 2204 799 2262 insuavis
831 2208 876 2262 est
903 2203 988 2262 uobis
1015 2208 1045 2262 et
1070 2204 1246 2269 contrarius
1273 2208 1319 2264 est

310 2290 454 2366 apertius
476 2293 588 2350 uostris
610 2296 640 2350 et
662 2291 947 2365 improperamus
967 2296 1098 2366 peccata
1121 2292 1196 2364 leuis
1218 2295 1249 2350 et
1269 2292 1370 2361 ‚io-220

301 2376 410 2454 sumat
444 2380 476 2437 io
512 2395 566 2438 aas
597 2386 729 2454 peccata
766 2380 946 2453 disciptinae
980 2385 1111 2439 nostrae.
1167 2377 1320 2440 Promittit

309 2468 470 2528 scientiam
489 2466 548 2526 Dei
564 2483 597 2527 se
614 2466 728 2526 labere
747 2469 888 2539 etlilium
907 2467 968 2535 Dei
983 2484 1017 2527 se
1034 2469 1177 2528 nominat.
1204 2465 1319 2530 taetus

310 2562 358 2616 est
379 2555 465 2615 uobis
488 2557 520 2615 in
538 2549 760 2616 traductionem
782 2556 999 2630 eomitationum
1021 2561 1204 2617 nostrarum.
1239 2553 1317 2624 ara-

310 2645 357 2714 m's
379 2649 424 2703 est
445 2644 530 2705 nohis
553 2645 643 2704 etiam
671 2644 714 2702 ad
735 2643 908 2715 uidendum,
935 2645 1077 2718 quoniam
1100 2644 1252 2702 dissimilis
1274 2648 1320 2705 est

301 2733 382 2802 ,alia's
399 2733 461 2790 cita
480 2733 560 2792 ditus
578 2737 608 2792 et
625 2733 792 2792 immutatae
808 2733 878 2792 uiae
892 2734 968 2793 eius.
1002 2730 1167 2806 Tamquam
1184 2747 1319 2805 napaeas
1334 2739 1371 2797 25

310 2821 465 2880 aestimmi
481 2836 583 2880 sumus
601 2820 639 2880 ab
660 2821 717 2892 iiio,
742 2825 772 2880 et
788 2819 919 2882 abstinet
934 2837 968 2880 se
985 2837 1006 2880 a
1023 2822 1080 2880 aiis
1097 2821 1209 2881 uostris
1231 2821 1322 2893 quasi

300 2909 351 2967 ab
376 2909 580 2978 immundita&
597 2904 740 2982 praefert
763 2909 923 2968 novissimo
945 2910 1093 2971 iustorum
1115 2913 1145 2968 et
1164 2909 1319 2983 plectatur

301 3002 430 3072 patrem
459 2995 556 3056 Deum
586 3012 619 3058 se
649 2996 772 3056 habere.
824 2994 983 3056 Videamus
1011 3012 1084 3071 erpo
1110 2997 1140 3058 si
1166 3012 1319 3063 sermonem

311 3086 394 3144 iliius
416 3086 484 3144 aeri
503 3090 582 3158 mat,
605 3090 635 3144 et
657 3090 831 3159 temptemus
853 3101 932 3158 quae
954 3091 1100 3145 eventura
1121 3089 1192 3144 suut
1214 3085 1266 3156 titt,
1286 3089 1320 3151 et

311 3174 440 3232 sciemus
460 3189 541 3246 quae
567 3178 658 3232 eruat
679 3174 840 3232 nouissima
863 3175 951 3232 illias.
995 3172 1031 3233 Si
1052 3175 1131 3232 euim
1153 3178 1199 3234 est
1218 3174 1317 3239 ,iustus
1334 3183 1371 3239 so

308 3262 393 3332 filius
422 3261 494 3334 Dei,
526 3262 670 3336 suscipiet
696 3262 778 3320 iilum
804 3266 837 3320 et
862 3259 1004 3322 liberabit
1030 3276 1098 3321 eam
1120 3259 1159 3320 de
1180 3259 1320 3348 manibus

381 3385 407 3452 2)
426 3381 470 3434 Ps.
491 3387 533 3447 81,
549 3388 572 3434 1.
627 3384 654 3449 4)
673 3380 703 3434 Ρ.
724 3386 784 3446 225,
799 3386 846 3447 293
867 3387 890 3435 1.
909 3381 978 3451 Reg.
999 3387 1028 3447 ¹3
1047 3387 1072 3435 2.

301 3545 304 3554 ‚
382 3523 483 3577 suino
503 3523 543 3588 te
566 3521 676 3575 vivente
694 3521 750 3576 rell.
769 3523 808 3592 ull
823 3527 839 3574 9
857 3521 888 3574 in
907 3521 1074 3576 auctoritate
1093 3519 1228 3574 canonica
1246 3522 1320 3591 bpp3

309 3593 341 3647 in
355 3593 523 3648 auctoritate
538 3594 701 3647 canonicam
710 3592 767 3658 A¹;
780 3593 815 3659 cf.
825 3596 862 3646 15
874 3594 884 3661 ll
900 3597 932 3644 19
946 3593 1014 3660 qnia
1023 3592 1063 3657 R;
1078 3591 1211 3658 qnoniam
1220 3591 1276 3645 rell.
1286 3593 1321 3661 cll

309 3670 344 3718 26
368 3665 462 3718 extim.
482 3665 543 3720 ΒΑ
564 3665 574 3734 ΙΙ
596 3669 629 3718 29
654 3666 789 3718 euenlttru
807 3663 836 3718 R
855 3668 888 3717 ul
911 3663 1042 3732 Cypriam
1066 3663 1110 3730 (τὰ
1133 3660 1164 3715 ἐν
1187 3659 1321 3732 aspamam

310 3737 427 3790 ventura
445 3736 502 3790 rell.
522 3752 538 3790 e
556 3736 566 3804 11
584 3738 618 3788 30
637 3733 697 3789 eius
715 3734 753 3789 bo
769 3735 780 3802 ΙΙ
798 3738 831 3788 31
850 3733 980 3787 monibus
998 3732 1060 3796 nu
1078 3747 1164 3811 mm
1181 3733 1274 3798 aelio
