3284 4459
538 531 1060 574 nnurmrnnnunrnxmc.1e.1o.
1240 515 1306 580 245

299 669 410 728 tionem
444 667 628 744 significasse
666 667 857 728 contendunt.
909 665 967 726 Sed
1002 666 1107 727 clamat
1142 667 1186 726 eis
1218 667 1307 726 etiam

298 755 430 834 psalmus
460 756 582 833 quintus
611 754 757 815 decimus:
787 756 918 833 Propter
946 758 1004 816 troc
1034 756 1233 816 iucundotum
1262 762 1308 816 est

297 861 355 905 cor
377 861 475 904 meum
498 850 528 904 et
549 846 698 920 euuttooit
714 846 820 919 linquo
842 861 918 917 meo,
941 847 1066 920 insuper
1088 852 1119 906 et
1140 860 1216 904 coro
1238 859 1306 904 neo

297 935 470 1007 requiescet
483 935 515 992 in
532 949 601 1008 spc;
619 935 761 1006 quonium
779 949 843 992 non·
858 935 1049 1006 derelinques
1064 934 1196 994 animone
1209 948 1306 991 meum

297 1023 330 1080 in
346 1019 479 1096 inferno,
503 1038 563 1080 nec
578 1021 665 1081 dotis
683 1027 821 1081 sonetum
840 1029 925 1081 tuum
946 1023 1051 1081 uidere
1072 1022 1305 1096 corruptionem.
1325 1029 1341 1078 ὁ

299 1107 373 1178 Quis
396 1110 427 1170 in
451 1126 485 1168 ea
509 1126 560 1186 spe
584 1107 696 1169 diceret
718 1110 1042 1185 requievissecaruem
1066 1125 1163 1187 suam,
1189 1116 1307 1168 utnon

298 1197 442 1258 derelicta
464 1198 559 1256 anima
581 1214 634 1256 sua
658 1198 688 1256 iu
712 1196 837 1276 inferno,
860 1196 912 1257 sed
935 1199 994 1256 cito
1017 1196 1052 1256 nd
1073 1213 1139 1256 eam
1162 1196 1306 1257 redeunte

298 1287 512 1366 reviresceret,
540 1303 576 1345 uc
607 1293 863 1364 corrumperetur,
893 1287 971 1345 sicut
992 1285 1133 1345 cadavera
1156 1285 1307 1362 corrumpi

299 1373 406 1454 solent,
428 1375 485 1432 uisi
509 1375 560 1450 qui
583 1373 629 1432 die
655 1369 948 1433 tertio-resurrexit?
972 1372 1056 1443 Quod
1080 1375 1183 1450 utique
1207 1372 1306 1433 dicere

300 1480 360 1522 uon
384 1470 510 1540 possunt
532 1461 568 1521 de
583 1461 734 1540 ‘propheta
758 1471 789 1521 et
811 1479 881 1540 rege
903 1460 1003 1523 David.
1039 1459 1150 1522 Clamat
1172 1468 1203 1521 et
1225 1477 1306 1521 sexa·
1326 1471 1359 1518 10

299 1551 453 1629 genuimus
476 1551 633 1628 septimus:
657 1550 739 1610 Deus
761 1557 865 1610 noster
887 1551 969 1610 Deus
990 1553 1089 1612 salvos
1109 1547 1256 1625 faciendi,
1279 1555 1308 1610 et

299 1639 425 1700 Domini
450 1641 550 1698 cuitus
577 1641 689 1698 rnortis.
743 1636 821 1708 Ouid
851 1640 983 1716 apertius
1012 1633 1184 1698 diceretur?
1228 1636 1308 1698 Deus

300 1729 380 1786 euim
405 1725 499 1786 salvos
522 1725 647 1786 iacieudi
671 1725 812 1786 Dominus
836 1733 883 1786 est
905 1725 1002 1806 iesuS,
1029 1727 1109 1804 quod
1132 1728 1306 1804 iuterpreta-

301 1823 351 1875 tur
371 1813 496 1874 salvator
515 1815 576 1874 sive
597 1814 741 1874 salutaris.
786 1813 860 1874 Nam
880 1816 954 1875 ratio
973 1817 1100 1874 nominis
1124 1814 1214 1875 huius
1235 1813 1308 1873 haec

301 1901 416 1963 reddita
453 1911 516 1983 est,
552 1902 669 1980 quaudo
706 1904 880 1981 priusquam
913 1921 949 1963 er
985 1904 1098 1981 virgine
1134 1910 1307 1963 nasceretur
1328 1912 1360 1959 15

301 1991 414 2053 dictum
438 1999 495 2051 est:
528 1991 634 2052 Portet
653 1994 763 2066 filium,
787 1993 960 2052 etuocobis
982 1995 1177 2052 nomenoius
1200 1991 1308 2051 Iesum.

302 2080 372 2156 Ipse
390 2082 469 2140 enirn
486 2083 601 2139 solcum
616 2077 715 2154 societ
727 2083 873 2156 populum
895 2097 983 2140 suurn
1001 2098 1021 2139 o
1036 2082 1173 2156 peccatis
1195 2094 1308 2140 eorum,

301 2167 336 2228 lu
355 2185 482 2245 quorum
502 2176 690 2246 peccatorum
709 2169 915 2228 remissionem
939 2170 1077 2246 quioniam
1096 2168 1220 2245 sanguis
1243 2169 1308 2226 eius

301 2255 414 2315 effusus
442 2263 500 2334 est,
528 2272 588 2315 uon
616 2257 718 2333 utique
747 2258 879 2334 oportuit
902 2274 969 2316 eum
993 2255 1029 2315 de
1053 2255 1107 2315 hac
1130 2257 1188 2314 vita
1211 2257 1309 2314 exitus

299 2343 374 2404 alios
392 2342 502 2404 habere
521 2360 609 2421 quam
633 2346 745 2404 mortis.
792 2343 861 2404 ldeo
886 2362 953 2404 cum
976 2343 1089 2404 dictum
1110 2351 1203 2404 esset:
1226 2343 1308 2403 Deus
1328 2353 1361 2402 nu

302 2439 405 2493 noster
437 2432 519 2493 licus
550 2435 648 2494 solvor
673 2431 827 2508 faciendi,
858 2435 1000 2493 contiuuo
1030 2429 1221 2493 subiunctum
1249 2439 1309 2490 est:

302 2521 344 2581 Et
365 2521 487 2582 Domini
513 2523 612 2582 exitus
640 2522 757 2593 nortis,
785 2529 818 2580 ut
847 2520 1055 2580 ostenderetur
1078 2519 1230 2580 moriendo
1254 2518 1309 2579 sal·

302 2626 355 2668 vos
379 2626 444 2668 esse
467 2608 608 2668 facturus,
655 2608 712 2668 Sed
737 2608 870 2669 mirando
894 2608 1005 2669 dictum
1029 2617 1086 2669 est:
1110 2608 1150 2668 Et
1172 2608 1310 2677 Domini;

302 2704 452 2775 tamquam
471 2696 634 2758 diceretur:
656 2695 752 2777 „Talis
772 2706 818 2757 est
840 2699 896 2758 ista
921 2700 976 2757 vita
999 2696 1176 2776 mortalium,
1199 2705 1232 2756 ut
1254 2713 1309 2756 uec

299 2787 367 2864 ipse
392 2784 533 2844 domiuus
556 2785 641 2845 aliter
664 2784 699 2844 ab
722 2784 771 2845 illa
795 2786 898 2866 exiret,
922 2788 978 2845 uisi
1002 2803 1054 2864 per
1078 2779 1232 2844 mortem.“
1265 2785 1268 2790 ’
1329 2795 1362 2842 25

492 2971 494 2975 ’
598 2995 600 3000 ·
692 2973 807 3041 Onnum
831 2973 918 3040 XIX.

304 3103 350 3164 De
369 3103 486 3180 psotrno
513 3106 722 3178 sexoqcnsinto
751 3110 870 3178 octavo,
897 3105 929 3163 in
959 3077 1027 3179 quo
1048 3104 1234 3166 Iudaeorum
1266 3108 1310 3164 in·

512 3193 645 3263 fidelitas
668 3200 698 3252 et
713 3195 890 3268 pertinacia
913 3194 1100 3253 declaratur.
1131 3248 1133 3251 ,

393 3313 452 3374 Sed
475 3322 509 3376 ut
531 3313 631 3375 {iudaei
653 3323 712 3376 tam
735 3315 899 3377 manifestis
922 3315 1011 3376 huius
1032 3315 1205 3394 prophetiae
1227 3315 1309 3375 testi·

301 3404 411 3480 ¹moniis
441 3404 529 3463 etiam
556 3402 646 3463 rebus
675 3403 711 3463 ad
742 3403 880 3464 effectum
908 3410 967 3464 tam
995 3402 1108 3464 ciarum
1135 3413 1309 3481 certumque
1329 3413 1363 3462 ³0

374 3519 400 3587 n)
418 3517 462 3571 Pe.
480 3523 524 3584 rs,
540 3522 604 3586 usq.
661 3520 704 3587 aa)
724 3518 767 3572 Pr.
787 3523 830 3587 st,
845 3524 880 3576 20
894 3519 956 3587 (21).
980 3531 996 3543 ·-
1014 3521 1058 3586 17)
1075 3517 1125 3570 Mt.
1147 3521 1228 3581 1,·21.

301 3783 337 3837 H,
375 3719 406 3768 ¹¹
427 3713 497 3780 sept'
515 3710 641 3782 ΡΜ1111118
659 3727 676 3764 ¹²
696 3713 705 3780 ΙΙ
726 3717 758 3778 27
779 3710 828 3763 inf·
849 3713 877 3764 ei
895 3713 965 3780 peri.
985 3711 1048 3782 Fq3
1066 3711 1196 3781 pertinax
1214 3710 1313 3766 infide.

338 3800 369 3839 3ιῦ
383 3798 448 3852 ΜΦ
1125 3840 1127 3845 Ι
1167 3837 1180 3842 „
