3284 4459
562 509 603 550 oa
617 509 945 550 murrernomnxvn
959 509 981 551 o.
996 511 1029 552 rs.
1237 493 1298 558 147

688 743 804 812 Garun
826 746 915 811 XIII.

352 874 439 946 Quae
461 875 541 934 ratio
562 872 673 948 secisse
696 877 847 948 videatur,
869 883 903 934 at
926 876 957 934 ia
980 876 1248 948 transmr'aratloae

405 961 538 1035 Iharae,
561 980 622 1038 qaa
649 963 825 1025 Chaldaeos.
839 965 981 1024 deserens
1004 965 1035 1022 a‘a
1059 963 1193 1038 Mesopo·

453 1045 575 1110 tamtam
597 1054 728 1125 translit,
751 1054 835 1112 aalla
855 1055 916 1125 filli
936 1053 1001 1112 aias
1024 1051 1147 1112 Naahor

653 1137 742 1216 saeta
764 1143 804 1200 sit
825 1143 942 1201 mentio.
1094 1190 1096 1195 ,
1319 1150 1336 1199 t

375 1261 494 1322 bande
523 1270 660 1321 narratur
689 1280 777 1340 quem
810 1262 845 1323 ad
872 1262 992 1324 modum
1015 1261 1110 1321 'Ihara
1141 1278 1209 1321 eram
1239 1261 1303 1320 suis

294 1353 447 1430 regionem
474 1349 629 1428 reliquerit
651 1348 863 1412 Chaldaeorum
890 1359 921 1412 et
948 1352 1115 1411 venerit‘in
1138 1348 1302 1427 Mesopota·

295 1442 384 1499 miam
412 1447 444 1499 et
469 1437 645 1498 habitaverit
671 1441 701 1498 iu
732 1438 851 1500 Charra.
896 1439 1023 1500 Tacetur
1051 1446 1149 1499 autem
1176 1435 1213 1497 de
1241 1451 1302 1496 rino

296 1526 449 1606 eius-lilio,
472 1528 523 1605 qui
540 1525 699 1588 vocabatur
717 1526 843 1608 uacuos,
865 1537 1013 1607 tamquam
1036 1526 1105 1586 eum
1128 1543 1187 1585 non
1211 1524 1300 1585 duxe-

296 1619 336 1676 rit
359 1633 468 1675 seoum.
513 1613 587 1676 Nam
609 1616 649 1676 ita
672 1624 823 1676 narratur:
850 1617 891 1676 Et
911 1619 1036 1692 sumpsit
1060 1615 1164 1674 Ibora
1185 1615 1302 1674 Abram
1321 1627 1354 1674 10

293 1707 390 1776 filiam
417 1719 504 1764 saam
535 1710 565 1764 et
590 1701 668 1763 Loth
692 1707 790 1777 fitium
816 1706 936 1779 Arraa,
969 1707 1066 1776 filiam
1092 1705 1153 1776 fitia·
1173 1705 1239 1774 sai,
1272 1707 1303 1762 et

296 1793 408 1853 Saram
435 1807 547 1852 aarum
569 1809 669 1866 mam,
688 1809 815 1852 uxorem
837 1793 953 1853 Abram
972 1795 1032 1865 filli
1052 1795 1114 1864 vai,
1142 1797 1173 1852 et
1194 1792 1303 1851 edaxtt

296 1883 361 1942 illos
390 1883 428 1940 de
454 1882 579 1954 reatoae
609 1879 831 1940 Chaldaeorum
859 1883 906 1942 ire
932 1884 964 1941 ta
990 1888 1106 1941 terram
1136 1880 1302 1948 chanaan,-

296 1976 326 2029 et
345 1971 425 2029 venit
444 1970 475 2028 ia
498 1968 645 2028 Charraa
658 1975 688 2029 et
705 1969 855 2030 hahitaao't
872 1970 922 2029 toi.
967 1968 1118 2046 Nusquam
1136 1967 1185 2027 hio
1208 1967 1300 2027 nomi-

296 2065 383 2116 uatus
414 2064 460 2116 est
481 2055 598 2116 Nachor
630 2064 662 2116 et
688 2073 763 2118 uxor
791 2057 856 2117 eius
876 2056 1002 2118 *Meleha
1049 2055 1106 2116 Sed
1135 2057 1300 2115 Invenimus
1320 2066 1353 2116 15

295 2153 412 2224 postea,
428 2161 503 2204 ‘crim
525 2161 642 2204 servum
666 2162 753 2204 strum
777 2147 908 2206 mitteret
930 2144 1074 2205 Abrabam
1097 2143 1133 2204 ad
1156 2145 1300 2222 aceIpien·

296 2233 363 2293 dam
395 2249 517 2293 uxorem
549 2231 609 2292 lilio
642 2250 697 2292 suo
729 2231 823 2314 Isaac,
854 2236 896 2293 ita
927 2236 1085 2312 seriptum:
1115 2233 1160 2297 Et,
1182 2234 1302 2308 aceepil

293 2339 374 2398 puer
397 2323 499 2382 decem
527 2325 656 2382 camelos
686 2323 724 2382 de
746 2325 869 2382 camelis
892 2324 1006 2384 domiai
1025 2324 1075 2382 sai
1096 2328 1126 2382 et
1148 2323 1186 2382 de
1208 2323 1300 2381 omni-

297 2412 353 2470 bas
375 2409 460 2470 bonis
490 2410 603 2470 domiai
624 2411 675 2470 sai
694 2426 810 2484 secam,
838 2417 868 2471 et
887 2427 1057 2485 easaraens
1077 2407 1234 2486 profectas
1257 2415 1302 2468 est
1338 2448 1359 2456 -·

297 2501 331 2558 ia
351 2497 598 2572 Mesopotamiam
625 2499 657 2558 ia
680 2500 831 2559 civitatem
857 2499 988 2560 Naehor.
1012 2496 1093 2570 ¹Isto
1117 2507 1148 2557 et
1170 2496 1233 2556 aliis
1256 2514 1300 2555 sa·
1319 2509 1354 2557 ao

297 2601 366 2646 erae
380 2583 481 2645 'hrtius
512 2583 653 2645 historiae
684 2588 861 2646 testimoniis
885 2582 1057 2646 ostenditur
1074 2587 1163 2646 etiam
1184 2583 1301 2644 Naebor

296 2675 389 2734 frater
421 2671 552 2732 Abrahae
579 2675 674 2734 exisse
703 2672 738 2733 de
769 2676 889 2752 regione
917 2673 1128 2735 Chaldaeorum
1156 2671 1300 2753 sedesque

297 2762 487 2822 constituisse
501 2763 530 2820 in
546 2760 763 2843 Mesopotamia,
786 2761 836 2823 tibi
855 2780 924 2826 oum
946 2771 1029 2841 patre
1044 2779 1103 2822 suo
1121 2760 1302 2822 habitaverat

296 2848 452 2926 Abraham.
502 2847 572 2910 Cur*
589 2867 659 2928 ergo
692 2868 760 2912 eum
793 2853 941 2930 scriptura
968 2869 1026 2911 non
1054 2852 1302 2929 commemoravit,

298 2937 415 3017 quando
442 2955 479 2997 ex
506 2946 593 3016 gente
617 2936 759 2998 Chaldaea
787 2957 856 3000 oum
879 2942 940 2999 suis
963 2940 1117 3019 proiectus¹
1138 2946 1184 2999 est
1205 2937 1301 2998 Thera
1320 2951 1354 2998 aa

297 3035 329 3088 et
360 3025 501 3086 habitavit
532 3027 563 3085 in
594 3025 816 3107 Mesopotamia;
855 3027 907 3089 ubi
938 3045 997 3088 non
1029 3027 1124 3087 solum
1156 3025 1301 3087 Abraham

296 3114 375 3175 lilius
399 3116 476 3193 eius,
505 3131 607 3174 verum
630 3116 718 3174 etiam
742 3114 830 3175 Sarra
853 3133 947 3176 nurus
969 3124 1000 3176 et
1022 3113 1098 3178 Loth
1121 3131 1214 3194 nepos
1237 3117 1301 3175 eius

296 3210 575 3283 commemorantur,
598 3202 676 3280 quod
700 3221 751 3263 eos
774 3203 892 3264 drrxerit
914 3199 1038 3265 seeum?
1064 3202 1133 3284 Cur,
1155 3211 1303 3282 putamus,

296 3292 355 3356 nisi
383 3291 461 3350 lorte
487 3290 566 3369 quod
593 3309 609 3350 a
636 3300 757 3370 paterna
785 3301 815 3352 et
847 3293 976 3354 fraterna
1003 3293 1111 3371 pietate
1139 3291 1303 3352 desciverat

296 3389 327 3439 et
360 3380 563 3458 superstitioni
595 3378 768 3440 adhaeserat
797 3379 1010 3452 Chaldaeorum
1041 3388 1071 3439 et
1100 3387 1201 3458 postea
1233 3377 1301 3437 inde
1321 3391 1355 3439 30

296 3469 358 3528 sive
377 3465 554 3546 paenitendo
573 3469 634 3528 sive
652 3469 889 3546 persecutionem
907 3486 1021 3548 passus,
1044 3466 1122 3545 quod
1147 3475 1303 3545 suspectus

371 3597 414 3664 14)
433 3593 502 3649 oen.
523 3599 564 3660 11,
579 3598 621 3648 31.
677 3587 721 3662 eo)
739 3571 808 3671 Gen.
826 3598 871 3661 m,
886 3579 928 3648 rol

371 3725 403 3773 14
423 3697 698 3799 chanan'taaaoq
725 3719 824 3770 caman
844 3718 881 3786 ἢ
906 3716 1010 3770 abaron
1028 3716 1112 3816 eq¹p3
1137 3732 1246 3803 carram
1263 3717 1306 3783 b¹3

296 3789 426 3845 charram
445 3787 519 3844 ab¹o
536 3789 547 3857 ll
563 3789 723 3842 nominatur
741 3789 769 3844 R
786 3789 796 3856 ll
814 3792 847 3840 22
865 3786 982 3840 fratrem
1000 3797 1039 3856 ny

779 3875 782 3894 ²
842 3877 885 3905 2
1044 3873 1094 3925 ιο*
