3284 4459
328 495 394 560 204
729 509 750 551 s
764 508 929 552 sponsam

328 646 372 704 tio
398 660 467 716 suo,
495 649 525 704 et
550 659 611 704 noo
636 645 789 718 glorietur
817 646 900 705 dives
924 648 955 705 in
981 647 1093 706 divitiis
1115 649 1195 718 suis·
1226 649 1282 713 sed
1301 650 1337 709 in

326 732 384 792 hoc
400 733 559 806 glorietur,
581 734 636 807 qui
650 735 812 806 gloriatur,
836 735 1011 808 intellegere
1029 742 1059 795 et
1075 738 1157 796 seire
1175 735 1338 796 Dominum

327 827 357 882 et
375 818 485 894 secere
507 822 653 881 iudicium
680 828 710 880 et
732 823 878 881 iustitiam
901 824 932 882 in
956 824 1054 883 medlo
1076 829 1188 884 terrae.
1233 824 1334 884 Domi·

326 925 385 968 nus
407 910 546 968 escendit
567 911 598 969 in
622 911 723 969 coelos
744 916 775 971 et
797 912 909 980 tonuit;
939 913 1002 986 ipse
1024 913 1175 972 iudicabit
1196 920 1339 974 extremo

291 1003 444 1068 sterroe,
471 1000 544 1071 quio
566 999 662 1057 iustus
690 1004 750 1067 est,·
776 1004 806 1058 et
828 999 883 1058 dot
905 1000 1044 1059 virtutem
1067 1001 1192 1074 regibus
1214 1004 1340 1076 nostris,

327 1091 356 1144 et
379 1084 527 1145 exaltabit
549 1101 675 1146 cornum
697 1087 807 1146 christi
827 1089 883 1146 soi.

414 1171 496 1232 itane
515 1189 585 1233 vero
604 1171 693 1234 verha
711 1172 784 1233 haee
807 1176 896 1234 unius
918 1174 1102 1253 putabuntur
1126 1193 1191 1236 esse
1215 1175 1337 1236 mulier·

232 1273 236 1279 ·
326 1260 419 1340 orrlae,
443 1259 479 1321 de
503 1270 570 1321 nato
595 1259 652 1321 sihi
675 1260 735 1320 lilio
758 1259 954 1340 gratulantis?
986 1262 1151 1324 Tantumne
1176 1279 1259 1324 mens
1282 1262 1337 1323 ho·

326 1350 438 1409 minum
462 1368 478 1408 a
501 1349 566 1410 luce
591 1351 724 1410 veritatis
746 1367 849 1410 aversa
872 1359 931 1431 est,
959 1360 1075 1412 utnon
1099 1354 1207 1413 sentiat
1230 1370 1334 1431 super·

274 1450 307 1500 10
326 1437 410 1516 gredi
432 1438 552 1500 modum
575 1438 703 1498 feminae
725 1437 814 1499 huius
838 1439 914 1499 diota
938 1456 1013 1517 quae
1037 1435 1134 1500 ludit?
1164 1439 1259 1500 Porro
1282 1443 1337 1519 qui

326 1525 418 1587 rehus
450 1528 537 1607 ipsis,
567 1544 643 1604 quae
674 1528 734 1588 iam
760 1537 926 1606 coeperunt
956 1529 1044 1588 etiam
1071 1530 1102 1587 in
1129 1526 1185 1588 hao
1215 1537 1338 1589 terrena

324 1615 563 1693 peregrinatione
586 1614 741 1695 compleri,
763 1617 976 1676 convenienter
999 1625 1144 1696 movetur,
1167 1634 1265 1677 nonne
1290 1619 1335 1676 in-

327 1700 422 1762 tendit
452 1712 482 1763 et
509 1704 614 1782 aspicit
642 1712 673 1763 et
702 1704 837 1781 agnoseit
864 1721 917 1782 per
944 1703 1020 1764 hane
1048 1702 1219 1785 mulierem,
1248 1707 1340 1766 euius

326 1791 414 1850 etiam
433 1808 553 1867 nomen,
572 1789 602 1850 id
621 1800 668 1851 est
686 1792 777 1871 Anna,
800 1793 892 1868 gratia
912 1793 976 1852 eius
995 1794 1218 1873 interpretatur,
1240 1795 1338 1872 ipsam

273 1891 307 1942 to
326 1877 499 1957 religionem
531 1877 739 1958 Christianam,
771 1881 865 1958 ipsam
893 1881 1040 1940 civitatem
1068 1879 1134 1959 liei,
1167 1883 1252 1941 cuius
1282 1899 1336 1941 rex

326 1975 372 2026 est
404 1975 434 2027 et
465 1967 601 2028 eonditor
633 1967 785 2047 Christus,
816 1969 910 2046 ipsam
942 1977 1093 2046 postremo
1126 1967 1179 2029 Dei
1210 1971 1338 2048 gratiam

325 2055 499 2134 prophetico
528 2057 634 2134 spiritu
659 2058 701 2116 sic
724 2055 865 2135 locutam,
894 2073 910 2115 a
933 2074 991 2134 qua
1014 2055 1136 2135 superbi
1159 2057 1340 2138 alienantur,

325 2151 359 2203 ut
373 2143 487 2224 cadant,
507 2161 565 2223 qua
578 2143 705 2204 humiles
718 2143 889 2224 implentur,
907 2152 941 2205 ut
961 2154 1091 2226 surgant,
1111 2145 1189 2223 quod
1209 2148 1336 2206 maxime

326 2230 453 2310 hymnus
475 2234 531 2293 iste
550 2227 726 2311 personuit?
762 2231 826 2292 Nisi
849 2234 1005 2311 quisquam
1030 2233 1106 2294 forte
1130 2231 1265 2294 dicturus
1289 2243 1336 2295 est

273 2334 307 2383 20
326 2319 400 2380 nihil
422 2323 509 2381 istam
531 2319 724 2400 prophetasse
747 2318 916 2400 mulierem,
939 2320 991 2380 sed
1015 2319 1108 2381 Deum
1132 2321 1341 2383 tantummodo

325 2416 448 2487 propter
475 2408 582 2488 filium,
609 2427 698 2486 quem
726 2417 844 2487 precata
873 2411 1044 2489 inpetravit,
1077 2409 1220 2470 exultanti
1249 2427 1334 2488 prae·

325 2494 470 2557 dicatiooe
489 2496 632 2557 laudasse.
678 2496 755 2567 Ouid
780 2515 851 2575 ergo
875 2496 928 2556 sihi
955 2497 1016 2558 vtrlt
1040 2498 1118 2575 quod
1142 2500 1196 2558 ait:
1219 2500 1338 2560 Arcum

321 2587 489 2660 potentium
508 2584 586 2660 sealt
608 2588 776 2660 infirmum,
799 2593 829 2646 et
851 2587 966 2658 infirmi
984 2589 1161 2661 praecineti
1181 2594 1252 2647 sont
1274 2589 1335 2646 uir-

326 2678 404 2741 tute,·
428 2676 514 2749 pleni
535 2674 669 2750 ponitus
697 2676 842 2734 minorati
868 2681 952 2753 sunt,
984 2681 1014 2735 et
1040 2677 1206 2744 esurientes
1235 2683 1335 2735 trous·

273 2774 307 2824 2⁶
327 2763 432 2820 ierunt
457 2769 591 2832 terrem·
613 2765 686 2837 quio
707 2764 820 2822 sterilis
838 2765 961 2839 peperit
986 2770 1106 2839 septem,
1129 2770 1159 2823 et
1187 2766 1280 2823 multo
1304 2766 1339 2824 in

324 2851 399 2922 filias
431 2851 587 2923 infirmato
623 2852 686 2911 est?
741 2848 890 2928 Numquid
923 2859 1037 2928 septem
1076 2853 1139 2930 ipsa
1170 2859 1344 2932 pepererat,

329 2938 462 3014 quamvis
485 2937 595 2998 sterilis
619 2933 731 2999 luerit?
767 2936 893 2998 Unicum
917 2937 1050 3019 habehat,
1073 2937 1190 3017 quando
1213 2941 1269 2999 ista
1292 2938 1336 2998 di·

329 3023 427 3104 eehat3
455 3025 508 3086 sed
535 3043 591 3087 neo
620 3036 723 3104 postea
752 3037 867 3106 septem
893 3029 1023 3108 peperit,
1050 3029 1111 3086 sive
1135 3045 1200 3108 sex,
1228 3026 1338 3105 quihus

329 3115 473 3192 septimus
489 3123 569 3175 esset
591 3116 655 3194 ipse
676 3113 803 3195 Samuel,
821 3114 873 3174 sed
897 3124 959 3175 tres
982 3133 1080 3175 mares
1103 3123 1135 3176 et
1156 3114 1229 3176 duas
1253 3115 1335 3176 lemi-

273 3215 309 3264 so
328 3218 388 3260 nas.
435 3199 545 3261 Deinde
575 3205 606 3262 in
636 3200 687 3262 illo
717 3201 826 3282 populo
855 3221 922 3262 sum
950 3202 1045 3263 adhue
1074 3221 1160 3263 nemo
1189 3212 1337 3282 regnaret,

327 3287 406 3367 quod
437 3291 469 3350 iu
496 3298 629 3350 extremo
657 3293 769 3369 posuit:
801 3291 864 3352 bot
899 3295 1038 3352 virtutem
1065 3292 1189 3367 regibus
1216 3294 1341 3378 uostris,

399 3434 425 3500 3)
442 3431 563 3487 Hieram.
584 3437 609 3497 9,
623 3436 656 3484 2³
667 3449 708 3500 sq.
764 3435 790 3501 6)
810 3439 833 3485 1.
850 3431 922 3484 Sam.
942 3437 967 3497 2,
983 3437 1069 3499 lsqq.

398 3630 415 3678 2
433 3624 505 3678 seire
523 3627 552 3679 et
569 3622 658 3678 intell.
671 3624 698 3676 A
711 3625 751 3692 ld
769 3625 799 3678 et
816 3624 877 3692 ipse
888 3622 991 3692 21th
1004 3624 1043 3690 116
1063 3621 1200 3676 exultauit
1213 3622 1313 3677 Adue
1326 3624 1343 3692 Bt

327 3711 443 3750 domum
461 3696 546 3760 13¹A3
566 3711 651 3748 cornu
667 3693 902 3763 R’FGaheppo
916 3695 925 3761 ΙΙ
940 3698 973 3745 14
992 3691 1078 3746 etiam
1097 3709 1146 3748 otu.
1162 3694 1191 3749 R
1203 3695 1213 3762 l
1227 3698 1260 3746 23
1279 3691 1342 3745 uir·-

326 3769 417 3821 hulem
436 3765 500 3821 AF
515 3769 658 3833 (203,18,·
675 3768 741 3828 206,
755 3767 865 3830 9;12);
882 3763 1003 3816 uirium
1021 3762 1047 3816 e¹
