3284 4459
326 520 392 586 300
597 549 600 556 ι
735 529 934 572 senensem
1028 545 1074 580 .·

327 670 574 746 adpropinquant
591 667 673 738 anai,
696 667 848 736 nosceris;
871 667 902 724 ia
920 666 1051 727 advento
1070 668 1218 740 temporis
1234 673 1335 728 ostea-

327 759 423 830 deris,
449 773 505 816 nee
532 752 738 833 exponendum
765 761 836 822 est„
865 753 903 814 Ia
929 770 965 814 eo
992 771 1061 814 eum
1089 755 1214 817 turbata
1233 753 1337 829 suerit

327 847 430 906 anima
458 861 542 917 mea,
572 846 603 902 ia
633 845 683 904 ira
709 843 939 902 misericordiae
965 858 1078 904 mernor
1106 845 1168 902 eris
1192 841 1339 920 quidest

326 934 385 993 nisi
403 931 482 1011 quod
499 930 623 992 ludaeos
646 932 677 990 in
695 947 728 990 se
746 929 974 1009 transfiguravit,
996 947 1124 1008 qnorum
1146 932 1243 1008 gentis
1265 930 1338 1010 init,

292 1022 379 1100 eqni
409 1038 476 1080 cum
506 1036 608 1098 magna
637 1020 682 1078 irn
711 1017 821 1078 turbati
849 1018 1058 1095 crucifigerent
1086 1016 1252 1098 Christum,
1282 1018 1336 1078 ille

327 1108 546 1170 misericordiae
570 1124 682 1168 memor
709 1105 795 1167 dixit:
824 1106 919 1167 Pater
942 1109 1064 1181 iaaosee
1086 1110 1161 1181 iilis,
1183 1111 1257 1182 qnia
1279 1126 1332 1168 ae-

326 1199 428 1259 seiaat
449 1198 531 1274 qood
544 1193 686 1272 saciant?
722 1194 804 1255 Dens
827 1195 865 1256 ae
882 1192 1013 1256 Therona
1036 1198 1134 1255 veniet
1155 1202 1186 1255 ei
1205 1202 1340 1256 sanetas

327 1287 367 1348 de
394 1294 493 1348 monte
518 1286 658 1345 amorosa
684 1289 715 1345 et
742 1283 903 1344 condenso.
948 1281 1033 1354 Quod
1060 1283 1109 1342 liin
1137 1283 1340 1345 dictumest:

327 1375 375 1435 Be
399 1372 530 1435 liemon
552 1375 663 1446 oeaiet,
686 1369 734 1432 olii
756 1373 944 1449 interpretati
967 1380 1038 1432 sunt
1058 1370 1113 1450 „ab
1135 1366 1263 1430 Austrn“
1286 1371 1340 1431 vel
1458 1438 1459 1445 ἵ

277 1477 311 1528 ιο
327 1456 488 1543 „1llrien“;
520 1478 574 1540 per
606 1458 684 1538 qnod
712 1459 895 1537 significatur
922 1458 1073 1539 meridies,
1100 1459 1130 1519 id
1157 1467 1205 1520 est
1232 1459 1338 1520 fervor

328 1552 458 1611 caritatis
486 1557 517 1610 et
542 1547 682 1627 splendor
710 1549 849 1612 veritatis.
899 1546 1029 1607 Montem
1059 1564 1129 1606 vero
1157 1546 1339 1609 umbrosum

327 1647 415 1716 etque
443 1636 638 1715 condensum,
665 1636 797 1714 qitnmvis
824 1633 925 1695 multis
955 1635 1048 1694 modis
1075 1637 1170 1713 possit
1192 1634 1339 1716 intellegi,

327 1725 468 1788 libentius
499 1726 665 1803 occeperim
699 1725 914 1801 seripturarum
944 1722 1129 1783 altitudinem
1158 1723 1342 1805 divinarum,
1459 1782 1460 1801 χ

328 1813 436 1894 qulbus
464 1812 656 1892 prophetatus
683 1818 728 1872 est
756 1810 899 1871 Christus.
944 1809 1034 1872 Multo
1061 1809 1103 1871 ili
1129 1813 1238 1890 quippe
1266 1829 1339 1872 nm-

277 1901 415 1965 tobinen
433 1910 521 1979 atque
540 1899 688 1961 condenso
707 1908 785 1979 sunt,
808 1916 884 1977 quite
902 1907 1032 1960 mentem
1054 1902 1225 1977 quaerentis
1247 1918 1338 1961 exer·

328 1999 422 2052 oennt
466 1989 537 2050 lnde
556 1997 654 2049 nutent
674 1989 762 2069 venit,
783 2005 851 2048 oum
874 1985 917 2047 ibi
938 2004 1015 2067 enm,
1038 1989 1090 2066 qui
1111 1986 1264 2069 intellegit,
1286 1990 1342 2049 in··

328 2080 416 2141 venit
465 2077 591 2156 Operuit
617 2079 717 2138 caelos
743 2079 839 2136 virtus
865 2078 944 2155 eins,
970 2082 1000 2135 ei
1026 2074 1126 2136 laudis
1146 2078 1220 2137 -eias
1237 2080 1342 2153 pleae·

328 2175 373 2230 est
401 2175 488 2230 terra
519 2164 589 2244 quid
619 2175 665 2225 est
694 2165 752 2224 nisi
781 2163 860 2242 quod
891 2165 978 2223 etiem
1007 2165 1037 2223 in
1065 2162 1178 2242 psalmo
1208 2163 1341 2227 dieitur:

328 2257 478 2318 Enattare
506 2271 598 2331 saper
629 2255 743 2334 caelos,
774 2252 870 2333 Dens,
901 2261 930 2312 et
955 2269 1047 2327 snper
1074 2268 1189 2313 omnem
1215 2260 1341 2314 terrani

275 2357 310 2406 20
326 2348 427 2421 aleria
440 2371 442 2376 ·
455 2343 528 2404 tna?
564 2341 805 2418 Splendoreias
833 2349 866 2401 nt
892 2343 991 2400 lumea
1018 2342 1079 2400 erit
1105 2339 1175 2419 quid
1206 2349 1253 2401 est
1273 2343 1335 2402 nisi
1460 2380 1461 2421 3

327 2434 421 2514 ,ionia
451 2433 516 2492 eins
543 2429 699 2491 eredentes
722 2424 946 2497 inluminabit‘?
994 2429 1172 2489 Ceraunia
1193 2431 1343 2492 naaion
1460 2438 1461 2447 ’

328 2525 392 2582 eins
414 2527 486 2580 sant
507 2518 577 2596 qnid
593 2525 643 2578 est
659 2517 717 2576 nisi
739 2524 893 2594 tropaeum
916 2512 1035 2576 erucis?
1067 2517 1108 2577 Et
1125 2520 1228 2593 posuit
1250 2512 1342 2579 aariss

328 2616 420 2670 tatem
435 2610 557 2680 firmam
572 2603 764 2680 fortitudinis
781 2621 856 2665 snae
873 2621 928 2664 nea
946 2603 1153 2683 exponendum
1170 2613 1225 2666 est.
1254 2608 1342 2666 Ante·

325 2697 438 2772 sociem
456 2697 521 2756 eins
539 2695 594 2753 ioit
612 2692 743 2771 verbnm,
766 2699 797 2753 et
808 2693 930 2768 prodiet
948 2694 980 2753 ia
998 2709 1137 2769 eampum
1151 2701 1221 2768 post
1238 2695 1343 2769 peaes

277 2795 310 2846 eo
328 2787 393 2845 eins
421 2781 490 2862 qnid
519 2789 566 2841 est
593 2780 650 2841 nisi
679 2778 756 2858 quod
785 2787 816 2840 et
842 2788 998 2858 antequem
1025 2780 1084 2840 hnc
1112 2783 1227 2842 veniret
1248 2799 1332 2860 prae-

329 2873 481 2932 nuntiatus
500 2877 554 2949 est,
577 2876 607 2927 et
625 2875 727 2947 postea
746 2885 833 2947 qnam
851 2867 919 2927 hino
938 2866 1077 2928 reversus
1100 2876 1156 2950 est,
1178 2868 1332 2930 adnuntia·

328 2969 377 3022 tus
399 2953 467 3019 est?
503 2957 598 3031 Stetit,
620 2963 650 3017 et
671 2962 758 3017 terra
780 2965 925 3017 commota
947 2964 993 3017 est
1014 2955 1084 3035 qnid
1107 2965 1154 3017 est
1176 2959 1234 3018 nisi
1254 2966 1332 3038 „ste-

329 3047 414 3108 tiled
428 3043 671 3124 subveniendum,
689 3051 720 3105 et
733 3052 812 3104 terra
831 3052 977 3104 commota
995 3053 1041 3106 est
1058 3043 1093 3104 ad
1113 3041 1342 3106 credendan

329 3137 488 3214 Respenit
516 3141 546 3194 et
572 3134 737 3193 tabuerunt
761 3140 879 3207 nentes,
901 3131 957 3192 hoo
981 3140 1028 3193 est
1048 3135 1211 3214 „misertus
1234 3140 1280 3194 est
1303 3142 1336 3194 et

276 3237 310 3286 30
328 3224 398 3284 iecit
416 3221 541 3302 populos
558 3214 768 3300 paenitentes“.
809 3219 938 3280 Contriti
953 3227 1025 3281 suat
1045 3227 1159 3282 montes
1180 3223 1334 3296 violentia,

329 3312 385 3371 hoe
412 3319 459 3371 est
485 3311 566 3391 „vim
595 3305 769 3368 iacientibus
798 3306 947 3368 miraculis
970 3307 1114 3370 elatorum
1137 3316 1183 3370 est
1205 3311 1338 3369 contrito

329 3394 493 3480 snperbia“.
538 3397 742 3472 Belloneraat
758 3398 849 3456 eolles
871 3399 1051 3471 aeternales,
1072 3395 1128 3457 hoo
1151 3406 1198 3458 est
1218 3396 1331 3478 „hnmi-

399 3517 488 3586 nLo.
509 3521 551 3585 os,
566 3523 608 3572 oe.
663 3519 708 3587 oo)
726 3517 769 3571 Ps.
790 3523 833 3583 ss,
848 3524 872 3572 o.

399 3656 413 3704 1
432 3651 555 3706 nosceris
571 3649 747 3721 neonem
767 3649 943 3718 cognosceris
961 3651 1044 3721 alpe
1057 3654 1097 3721 li
1116 3652 1184 3706 dnm
1197 3611 1241 3720 po
1254 3654 1265 3720 l
1277 3653 1344 3705 lut-1

326 3719 396 3774 beta
411 3719 568 3791 RGlenyn
586 3720 883 3780 ,conturbationes
904 3722 914 3789 Ι
938 3725 953 3773 7
971 3721 1048 3788 qnod
1065 3722 1128 3792 R93
1154 3722 1223 3790 qnid
1241 3721 1344 3785 AFR-

327 3793 428 3859 obepo
445 3792 455 3860 ll
474 3795 507 3844 10
526 3791 562 3844 nb
583 3789 669 3845 airino
689 3790 739 3845 b¹o
810 3815 813 3821 ·
1334 3850 1337 3856 ,
