3284 4459
341 472 408 535 460
752 485 773 525 s.
788 485 953 528 aususrnu

342 623 466 699 piosque
486 621 654 698 significans
673 619 847 699 recapitulat
865 619 901 679 ab
922 620 1006 680 initio
1025 621 1148 697 gratiam
1172 621 1239 679 novi
1261 627 1353 679 testa-

342 710 435 768 menti
462 726 478 766 a
506 710 602 786 primo
626 708 785 768 Salvatoris
812 707 939 767 adventu
968 725 1063 786 usque
1087 707 1122 768 ad
1146 706 1284 768 ultimum
1306 710 1354 767 iu·

342 796 466 869 dicium,
493 797 529 856 de
558 814 617 874 quo
645 815 724 857 nunc
751 798 881 875 agimus,
910 794 1078 874 perducens
1101 796 1265 873 finiensque
1289 814 1351 855 ser·

342 902 469 945 monem.
515 884 621 944 Narrat
650 902 776 963 namque
804 884 962 943 Dominum
989 883 1089 944 dicere
1120 902 1151 944 se
1174 886 1291 963 sarrire,
1318 892 1355 943 ut

307 981 503 1051 tcongreget
525 990 629 1033 omnes
651 981 768 1054 gentes,
795 990 904 1052 easque
933 979 1072 1032 venturas
1096 980 1127 1032 et
1149 974 1263 1032 visuras
1286 974 1355 1032 eius

342 1061 472 1140 gloriam.
523 1062 630 1123 Omnes
652 1064 746 1135 enon,
770 1063 848 1120 sicut
871 1060 943 1120 dicit
965 1060 1124 1140 apostolus,
1143 1068 1355 1137 peccaverunt

343 1157 373 1210 et
399 1157 488 1225 egent
514 1153 616 1224 aleria
646 1150 711 1209 nee.
755 1147 794 1209 lit
821 1148 994 1209 relicturum
1024 1167 1056 1208 se
1084 1149 1156 1208 dicit
1186 1166 1275 1227 super
1299 1166 1356 1208 eos

343 1240 435 1317 signa,
453 1256 528 1315 quae
548 1240 649 1316 utique
669 1240 810 1298 mirantes
830 1236 952 1296 credant
969 1239 998 1297 in
1019 1254 1100 1316 eum3
1124 1245 1154 1297 et
1172 1240 1355 1297 emissurum

344 1344 379 1385 ex
402 1326 460 1386 illis
489 1325 614 1386 salvatos
641 1328 672 1385 in
699 1334 803 1404 gentes
827 1325 958 1385 diversas
981 1334 1011 1384 et
1033 1324 1208 1403 longinquas
1230 1324 1357 1405 insulas,

293 1425 325 1474 ιο
344 1433 419 1493 quac
457 1432 516 1474 non
552 1414 711 1474 audierunt
748 1432 855 1473 nomeu
891 1416 956 1473 cius
988 1431 1085 1492 neque
1116 1412 1255 1473 viderunt
1286 1415 1357 1473 eius

343 1503 479 1582 gloriam3
515 1511 546 1563 et
582 1502 807 1562 adnuntiaturos
837 1501 959 1580 gloriam
993 1504 1059 1561 eius
1089 1504 1118 1561 in
1149 1500 1288 1579 gentibus
1321 1510 1354 1561 et

343 1590 523 1650 adducturos
545 1590 652 1649 lratrcs
681 1591 820 1669 istorum,
850 1589 959 1668 quibus
981 1589 1170 1669 loquebatur,
1197 1588 1227 1648 id
1251 1597 1297 1649 est
1321 1592 1355 1649 in

344 1680 399 1739 lide
433 1677 488 1738 sub
519 1677 579 1737 Deo
609 1678 695 1738 Patre
729 1679 836 1738 iratres
864 1677 1064 1737 lsr'aelitarum
1093 1678 1270 1756 electorum3
1302 1677 1351 1737 ad·

343 1766 486 1826 ditaturos
514 1774 612 1825 autern
641 1785 676 1825 ex
704 1765 841 1826 omnibus
869 1766 1006 1844 gentibus
1035 1783 1142 1825 mutius
1165 1765 1289 1825 Domino
1321 1768 1356 1825 in

292 1866 324 1912 15
343 1855 483 1914 iumentis
506 1862 537 1913 et
559 1854 701 1914 vebiculis
732 1848 821 1935 (quac
845 1856 975 1913 iumenta
999 1863 1028 1913 et
1053 1853 1184 1913 vehicula
1207 1852 1282 1913 bene
1307 1855 1351 1913 in·

344 1941 524 2019 telleguntur
560 1941 704 2002 adiutoria
741 1960 807 2003 esse
839 1942 937 2002 divina
968 1960 1022 2020 per
1054 1944 1199 2019 cuiusque
1231 1944 1356 2019 generis

343 2032 505 2090 ministeria
528 2028 594 2109 Dei,
618 2030 663 2089 vel
685 2030 816 2109 angelica
839 2030 884 2089 vel
907 2024 1048 2112 bumana)
1071 2032 1102 2089 in
1126 2038 1257 2090 sanctam
1281 2032 1352 2089 civi·

344 2128 434 2178 tatem
457 2117 657 2199 Hierusalem,
680 2135 755 2197 quae
778 2120 912 2178 nuncin
935 2120 1045 2178 sanctis
1068 2116 1204 2179 fidelibus
1227 2127 1273 2179 cst
1295 2118 1351 2178 dil-

344 2208 408 2269 lusa
432 2224 485 2284 por
508 2214 611 2266 terras.
659 2205 713 2267 Ubi
737 2209 815 2267 enim
839 2205 978 2266 divinitus
1001 2206 1192 2286 adiuvantur,
1222 2206 1263 2267 ibi
1286 2224 1351 2266 cre·

292 2307 325 2354 eu
344 2296 427 2374 durat,
449 2302 480 2354 et
497 2294 549 2354 ubi
567 2294 702 2375 credunt,
724 2293 765 2354 ibi
783 2296 914 2355 veniunt.
959 2293 1144 2372 Comperavit
1162 2303 1259 2355 autem
1283 2294 1356 2355 illos

345 2384 486 2444 Dominus
515 2393 662 2461 tamquam
690 2400 744 2461 per
773 2381 996 2442 similitudinem
1018 2382 1086 2442 liliis
1110 2381 1200 2441 lsrael
1223 2384 1350 2443 olleren-

344 2472 424 2532 tibus
454 2473 482 2531 ci
513 2489 582 2531 suas
608 2471 720 2532 bestias
746 2489 814 2531 cum
843 2470 962 2549 psalmis
990 2472 1020 2529 ln
1049 2470 1136 2530 domo
1164 2473 1241 2551 cius,
1270 2470 1353 2549 quod

344 2560 454 2636 ubique
487 2561 544 2617 iam
577 2561 647 2619 lacit
678 2558 814 2638 ecclesia3
848 2566 878 2618 et
910 2560 1045 2637 promisit
1074 2558 1110 2619 ab
1139 2561 1211 2636 ipsis
1238 2577 1270 2619 se
1302 2578 1352 2619 ac-

344 2656 501 2726 cepturum
531 2646 588 2706 sibi
615 2647 783 2707 sacerdotes
811 2655 841 2707 et
868 2645 998 2725 Levitas3
1029 2646 1107 2724 quod
1136 2646 1227 2706 nibilo
1250 2649 1355 2707 minus

292 2745 325 2792 25
344 2737 408 2794 iteri
432 2752 514 2808 nunc,
538 2733 678 2794 videmus
724 2733 790 2794 Non
817 2736 896 2794 enim
920 2753 954 2793 ex
978 2752 1086 2813 genere
1110 2738 1207 2795 earnis
1230 2746 1261 2795 et
1284 2754 1352 2796 san-

344 2826 451 2901 guinis,
473 2824 552 2881 sicut
573 2829 638 2880 erat
659 2824 787 2900 primum
810 2822 974 2882 secundum
997 2822 1132 2883 ordinem
1155 2825 1265 2904 Aaron3
1288 2824 1354 2905 sed,

345 2913 422 2972 sicut
449 2908 604 2988 oportebat
630 2911 660 2967 in
689 2918 865 2971 testamento
888 2928 977 2989 novo,
1005 2910 1056 2970 ubi
1085 2912 1248 2971 secundum
1272 2912 1351 2973 ordi·

345 3017 413 3058 nem
445 2996 660 3057 blelcbisedecb
695 3016 828 3057 summus
861 2998 998 3058 sacerdos
1030 3007 1076 3058 cst
1107 2998 1259 3080 Christus,
1295 3020 1353 3080 pro

345 3090 489 3165 cuiusque
521 3087 641 3159 merito,
674 3085 752 3164 quod
783 3089 813 3146 in
843 3103 910 3146 eum
938 3088 1031 3165 gratia
1057 3086 1153 3146 divina
1182 3087 1353 3170 contulerit,

292 3188 326 3235 30
345 3177 514 3237 sacerdotes
546 3181 576 3234 et
604 3172 720 3234 Levites
748 3173 816 3252 eligi
848 3192 928 3233 nuno
956 3174 1100 3255 videmus,
1129 3178 1179 3253 qui
1205 3194 1264 3235 rron
1294 3179 1352 3237 isto

345 3266 477 3343 nomine,
509 3262 587 3340 quod
615 3280 702 3340 saepe
730 3262 934 3340 adsequuntur
961 3262 1089 3343 indigni,
1122 3264 1173 3323 sed
1197 3281 1244 3343 ca,
1276 3282 1353 3342 quae

345 3370 403 3413 oon
418 3360 465 3412 est
482 3350 568 3410 bonis
583 3349 725 3428 malisque
744 3352 918 3429 communis,
937 3352 1090 3411 sanctitate
1109 3352 1252 3429 perrsandi
1271 3362 1352 3413 sunt.

417 3488 442 3554 7)
461 3486 540 3540 Rom.
559 3492 584 3552 3,
602 3492 646 3539 23.
685 3488 728 3553 18)
746 3484 819 3538 Esai.
840 3491 882 3551 66,
903 3490 935 3539 l‘l
955 3501 1014 3553 sqq.
1051 3488 1095 3553 28)
1114 3485 1158 3541 Ps.
1179 3492 1238 3554 109,
1256 3492 1282 3543 4.

411 3686 427 3732 9
441 3678 611 3747 longinquas
625 3676 734 3739 nutu
749 3674 778 3725 in
792 3675 867 3743 long.
881 3675 1083 3745 R’Gabegpo
1096 3677 1105 3744 ΙΙ
1120 3682 1153 3729 28
1167 3676 1355 3734 melchisedec

341 3754 369 3809 it
386 3753 500 3817 itemque
518 3749 628 3815 saepius
