3284 4459
540 500 580 538 on
594 497 738 538 omasus
752 499 804 538 nm
817 499 843 538 u.
857 499 945 538 xvm.
961 497 983 539 c.
997 499 1031 540 ts.
1045 500 1078 539 eo.
1257 483 1322 550 333

315 633 397 712 pient
425 633 577 713 ecclesias,
605 649 680 712 quos
708 641 857 710 tamqnam
884 635 913 692 in
943 650 1011 692 area
1035 633 1184 692 ventilatio
1207 651 1323 712 separa-

315 722 371 802 bit,
400 739 459 781 non
486 731 607 800 apparet
634 729 712 782 tanta
740 719 832 799 gloria
860 719 965 780 domus
988 720 1091 800 buius,
1120 729 1228 799 quanta
1252 730 1323 781 tnnc

315 808 476 890 apparebit,
500 810 626 889 quando,
650 810 784 888 quisquis
808 807 849 868 ibi
872 810 938 887 erit,
961 826 1080 887 semper
1103 812 1168 902 erit.
1242 814 1244 821 ’

696 962 812 1029 Oneon
835 962 948 1028 XLIX.

317 1079 362 1137 lic
385 1079 553 1136 indiscreta
581 1077 830 1150 multiplicatione
852 1076 1012 1148 ecclesiae,
1040 1093 1101 1150 quc
1124 1077 1156 1135 in
1178 1077 1359 1137 iocosae-5

497 1166 565 1224 culo
588 1165 676 1223 multi
695 1164 821 1240 reprobi
842 1166 1007 1224 miscentur
1030 1164 1140 1224 eiectis.
1302 1165 1305 1172 '

405 1269 438 1329 ln
468 1270 524 1329 boc
555 1287 625 1346 ergo
656 1266 773 1328 saeculo
801 1269 943 1346 maligno,
973 1271 1003 1328 in
1034 1268 1080 1328 bis
1103 1268 1210 1330 diebus
1232 1269 1325 1351 malis,

317 1357 368 1419 ubi
387 1376 441 1437 per
459 1358 654 1418 humilitatem
672 1366 860 1437 praesentem
880 1358 1009 1416 futuram
1028 1365 1179 1437 comparat
1201 1357 1325 1419 ecclesia

317 1446 522 1507 celsitudinem
546 1454 575 1505 et
598 1446 737 1505 timorum
761 1445 900 1525 stimulis,
929 1444 1063 1506 dolorum
1087 1449 1256 1527 tormentis,
1285 1446 1324 1506 la·

317 1535 424 1595 borum
443 1534 594 1613 molestiis
617 1527 841 1616 temptationum
861 1533 1001 1613 periculis
1019 1533 1165 1616 eruditur,
1188 1534 1249 1595 sola
1272 1549 1378 1614 spero

317 1623 463 1703 gaudens,
491 1620 607 1700 quando
631 1639 735 1681 sanum
762 1620 883 1701 gaudet,
910 1621 997 1682 multi
1020 1621 1140 1701 reprobi
1164 1625 1326 1683 miscentur

317 1711 403 1774 bonis
436 1718 465 1771 et
502 1711 621 1789 utrique
652 1719 799 1788 tamquam
827 1711 858 1769 in
888 1727 1025 1789 sagenam
1048 1711 1245 1790 evangelicam
1267 1712 1325 1773 col·

317 1801 450 1880 liguntnr
480 1807 510 1860 et
536 1800 567 1858 in
593 1798 650 1858 boc
680 1797 788 1858 mundo
818 1806 965 1876 tamquam
988 1800 1019 1858 in
1043 1801 1116 1859 mari
1140 1802 1259 1878 utrique
1281 1804 1325 1861 in-

318 1889 393 1950 clusi
412 1887 526 1949 retibus
545 1884 705 1946 indiscrete
724 1894 834 1966 natant,
858 1885 952 1946 donec
974 1889 1165 1965 perveniatur
1188 1887 1223 1947 ad
1246 1886 1325 1970 litus,

319 1976 370 2039 nbi
401 1975 469 2036 mali
502 1982 697 2054 segregentur
720 1991 740 2033 a
768 1973 853 2034 bonis
883 1984 913 2034 et
943 1977 972 2034 in
1004 1974 1090 2035 bonis
1117 1967 1269 2055 taimquam'
1294 1981 1325 2038 in
1346 1989 1378 2037 15

319 2065 428 2145 templo
452 2082 506 2125 suo
536 2066 576 2124 sit
598 2064 680 2124 Deus
702 2065 803 2123 omnia
827 2067 859 2122 in
882 2065 1026 2123 omnibus.
1071 2062 1199 2124 Proinde
1223 2083 1326 2126 vocem

318 2172 398 2215 nunc
426 2152 613 2231 agnoscimus
641 2152 705 2210 eius
728 2150 858 2230 impleri,
886 2153 938 2229 qni
960 2149 1138 2229 loquebatur
1160 2155 1191 2211 in
1213 2153 1326 2233 psalmo

319 2252 407 2321 atque
440 2239 567 2301 dicebat:
600 2241 789 2299 Adnunticoi
818 2246 849 2300 et
877 2242 995 2300 Iocutus
1024 2257 1103 2313 sum,
1135 2243 1328 2316 multiplicati

318 2338 390 2393 sunt
406 2347 498 2406 super
517 2344 683 2388 numatam.
728 2326 791 2387 Hoc
810 2327 844 2387 nt
866 2344 954 2407 nunc,
978 2345 1014 2386 er
1038 2345 1097 2406 quo
1120 2330 1257 2406 primum
1272 2348 1326 2408 per

319 2437 353 2480 os
376 2417 579 2498 praecursoris
602 2417 650 2476 sui
667 2413 814 2495 lobannis,
837 2414 943 2476 deinde
967 2433 1021 2496 per
1044 2433 1078 2476 os
1100 2418 1254 2496 proprium
1278 2417 1326 2478 ad·
1345 2431 1380 2480 20

319 2508 465 2568 nuntiarit
492 2512 523 2565 et
543 2503 661 2564 loeutus
684 2514 730 2564 est
758 2504 873 2564 dicens:
902 2505 992 2579 Agite
1010 2507 1244 2584 paenitentiam,
1272 2508 1326 2566 ad·

316 2596 535 2672 propinquavit
560 2596 639 2653 enim
666 2609 793 2666 regnum
820 2596 984 2653 caetorum.
1034 2590 1130 2671 Elegit
1157 2591 1326 2672 discipulos,

319 2701 395 2762 quos
420 2691 449 2742 et
472 2678 620 2760 apostolos
644 2681 811 2759 nominavit,
834 2679 985 2740 humiliter
1007 2689 1103 2761 natos,
1126 2680 1326 2763 inbonoratos,

320 2771 506 2850 inlitteratos,
530 2776 572 2849 ut,
595 2767 738 2847 quidquid
762 2786 900 2845 magnum
923 2777 1024 2828 essent
1046 2777 1076 2828 et
1100 2769 1240 2851 iacerent,
1263 2773 1326 2849 ipse

319 2863 351 2922 in
384 2861 427 2920 eis
459 2866 538 2918 esset
570 2864 599 2916 et
632 2857 750 2916 laceret.
796 2855 905 2917 liabuit
935 2859 1014 2917 iuter
1046 2875 1098 2916 eos
1131 2875 1235 2938 tinum,
1268 2877 1326 2936 quo
1346 2871 1379 2919 tt

320 2948 397 3008 malo
419 2955 508 3007 utens
531 2944 606 3004 bene
630 2953 660 3004 et
679 2957 748 3004 suae
772 2947 917 3023 passionis
940 2943 1077 3023 impleret
1100 2945 1275 3024 dispositum
1299 2957 1328 3007 et

321 3035 462 3097 ecclesiae
482 3051 551 3094 suae
571 3031 792 3094 tolerandorum
811 3032 959 3092 malorum
977 3031 1135 3112 praeberet
1153 3035 1328 3113 exemplum.

321 3124 486 3203 Serninato,
512 3130 654 3200 quantum
682 3139 736 3199 per
764 3122 829 3181 eius
856 3119 1010 3199 oportebat
1037 3124 1234 3199 praesentiam
1263 3141 1328 3182 cor·

320 3212 460 3292 poralem,
483 3217 585 3271 sancto
608 3209 757 3287 evangelio
781 3227 885 3288 passus
908 3216 969 3288 est,
992 3218 1128 3270 mortuus
1151 3218 1205 3290 est,
1228 3222 1328 3270 resur·

321 3303 416 3380 rexit,
447 3300 583 3379 passione
616 3296 778 3358 ostendens
811 3296 881 3374 quid
918 3299 1067 3357 sustinere
1104 3310 1166 3376 pro
1195 3300 1328 3378 veritate,
1346 3310 1380 3358 30

321 3390 540 3450 resurrectione
569 3385 640 3466 quid
668 3403 788 3464 sperare
816 3387 848 3445 in
874 3387 1048 3446 aeternitate
1076 3384 1248 3465 debeamus,
1280 3404 1328 3445 ex·

322 3487 407 3556 cepta
431 3475 583 3537 altitudine
607 3475 791 3553 sacramenti,
814 3492 872 3553 qua
896 3475 1014 3551 sanguis
1037 3476 1102 3534 eius
1125 3476 1156 3533 in
1179 3476 1327 3533 remissio·

321 3583 390 3626 nem
422 3566 506 3625 tusus
544 3568 589 3623 est
624 3573 823 3646 peccatorum.
878 3560 1075 3622 Conversatus
1109 3569 1154 3620 est
1185 3563 1218 3632 in
1249 3569 1328 3622 terra

388 3701 438 3767 oe)
460 3699 510 3753 tte.
537 3703 647 3764 aaut.
686 3700 729 3765 16)
750 3702 772 3751 1.
793 3696 853 3750 dor.
874 3701 987 3763 omes.
1025 3699 1068 3762 19)
1087 3695 1198 3762 Pete,
1222 3701 1246 3749 e.
1283 3696 1329 3762 aa)

321 3771 509 3839 Mt.s,e;4‚
530 3775 569 3823 rr.
606 3767 762 3835 nenos,
783 3773 824 3820 te.
1192 3767 1219 3776 ··
