3284 4459
332 476 397 541 598
733 490 937 533 sucessum

331 625 401 687 alibi
428 625 512 687 dicit:
547 627 657 703 Capilli
683 629 793 703 capitis
821 629 917 687 vestri
947 628 1101 687 nummati
1128 631 1200 686 suut
1229 642 1346 687 omnes.
1462 640 1463 649 ³

331 713 434 793 Neque
456 712 514 774 boc
535 714 603 776 ideo
625 713 765 795 dixerim,
794 714 873 792 quod
896 713 1006 793 aliquid
1030 716 1197 775 existimem
1221 717 1348 793 corpori
1462 770 1463 773 ,

332 805 439 881 cuique
454 804 630 883 periturum,
653 801 732 882 quod
751 801 925 863 naturaliter
943 804 1053 883 iuerat3
1077 802 1128 863 sed
1144 802 1223 881 quod
1242 802 1346 863 defor—
1462 850 1463 861 ,

332 908 380 951 me
397 898 500 951 natum
518 891 616 952 fuerat
637 884 713 973 (non
736 893 840 970 utique
863 890 902 951 ob
925 890 1014 970 aliud,
1037 893 1095 951 nisi
1117 898 1151 951 ut
1174 890 1244 951 hinc
1267 908 1345 969 quo-

296 988 390 1057 tque
414 979 636 1060 ostenderetur,
666 997 755 1058 quam
777 981 817 1041 sit
839 979 971 1059 poenalis
994 979 1129 1041 condicio
1152 980 1209 1039 ista
1231 986 1345 1039 morta·

331 1060 429 1149 lium),
447 1069 490 1128 sic
508 1086 575 1129 esse
591 1067 766 1147 rediturum,
784 1076 819 1129 ut
836 1075 951 1129 servata
969 1069 1139 1147 integritate
1158 1066 1346 1129 substantiae

332 1154 503 1217 deformitas
525 1165 636 1237 pereat.
682 1156 714 1217 Si
741 1158 831 1233 enim⁸
844 1164 970 1217 statuam
992 1164 1091 1236 potest
1113 1155 1219 1216 artifex
1242 1155 1345 1237 homo,

331 1261 420 1322 quam
442 1253 564 1325 propter
587 1244 715 1323 aliquam
737 1262 856 1305 causam
879 1244 1043 1305 deformem
1066 1244 1188 1321 fecerat,
1211 1242 1345 1303 conflare

332 1339 363 1392 et
391 1331 620 1412 pulcherrimam
648 1332 789 1413 reddere,
819 1335 861 1393 ita
888 1340 922 1394 ut
950 1332 1023 1392 nibil
1050 1333 1119 1393 iude
1149 1331 1345 1413 substantiae,

279 1433 314 1484 ιο
332 1420 384 1482 sed
408 1420 469 1481 sola
491 1420 663 1482 deformitas
685 1428 796 1501 pereat,
818 1438 854 1481 ao
877 1422 903 1481 si
926 1420 996 1499 quid
1018 1423 1049 1481 in
1074 1420 1122 1480 illa
1144 1420 1238 1499 figura
1261 1423 1345 1500 prio-

332 1526 365 1570 re
392 1509 565 1570 indecenter
593 1508 710 1570 extabat
736 1527 792 1570 nec
819 1508 966 1589 parilitate
996 1511 1125 1589 partium
1149 1508 1345 1588 congruebat,

331 1615 391 1658 non
414 1596 452 1658 de
474 1605 551 1678 toto,
574 1598 652 1658 uude
676 1597 801 1676 fecerat,
824 1606 976 1676 amputare
1000 1606 1088 1676 atque
1113 1614 1265 1677 separare,
1288 1597 1343 1657 sed

331 1687 372 1745 ita
390 1703 588 1765 conspergere
607 1687 745 1746 universo
764 1694 852 1764 atque
875 1688 1011 1766 miscere,
1034 1693 1068 1746 ut
1091 1702 1146 1745 nec
1170 1685 1343 1745 foeditatem

331 1774 419 1834 faciat
440 1791 497 1834 nec
520 1775 633 1834 minuat
655 1776 862 1853 quantitatem:
898 1772 969 1852 quid
992 1772 1029 1834 de
1052 1774 1248 1852 omnipotenti
1271 1776 1343 1833 arti·

279 1873 312 1924 te
330 1861 386 1922 dee
408 1861 597 1923 sentiendum
620 1858 687 1923 est?
730 1861 848 1941 Ergone
872 1879 932 1921 non
954 1864 1065 1942 poterit
1087 1879 1219 1941 quasque
1242 1861 1343 1921 defor-

330 1951 448 2010 mitates
470 1949 668 2011 bumanorum
690 1967 866 2030 corporum,
889 1968 949 2010 nou
972 1950 1059 2009 modo
1079 1952 1213 2029 usitatas,
1237 1967 1343 2010 verum

330 2039 420 2099 etiarn
448 2056 531 2099 raras
560 2046 649 2118 atque
678 2046 877 2119 monstrosas,
907 2054 982 2116 quae
1010 2038 1080 2099 huic
1108 2040 1233 2098 miserae
1263 2041 1342 2098 vitae

330 2134 512 2207 congruunt,
539 2126 701 2188 abhorrent
726 2133 826 2186 autem
855 2125 892 2186 ab
915 2126 964 2186 illa
987 2126 1087 2187 futura
1110 2125 1250 2187 felicitate
1274 2144 1341 2187 san·

330 2222 464 2295 ctorum,
492 2218 536 2276 sic
563 2215 681 2276 auferre
708 2232 742 2275 ac
770 2214 911 2295 perdere,
938 2221 985 2295 ut,
1012 2231 1214 2293 quascumque
1237 2230 1343 2275 earum

278 2315 313 2366 20
330 2304 444 2364 faciunt
461 2306 518 2365 etsi
536 2302 689 2383 naturalia,
710 2312 809 2362 tamen
830 2302 970 2363 indecora
993 2310 1182 2363 excrementa
1204 2300 1342 2363 substan-

330 2393 388 2453 tiae
411 2390 583 2472 corporalis,
606 2390 685 2452 nulla
708 2392 773 2451 eius
795 2390 999 2452 deminutione
1021 2386 1188 2452 tolluntur?

418 2480 461 2542 Ac
487 2498 542 2561 per
568 2479 626 2540 boc
653 2497 714 2540 nou
743 2486 791 2539 est
821 2481 929 2539 macris
958 2478 1177 2559 pinguibusque
1205 2488 1341 2540 metuen-

330 2569 417 2650 dum,
447 2586 485 2629 ne
511 2567 553 2629 ibi
582 2569 672 2628 etiam
694 2566 768 2627 tales
790 2569 867 2647 sint,
895 2566 996 2646 quales
1019 2569 1046 2627 si
1068 2576 1190 2646 possent
1212 2585 1268 2629 nec
1292 2567 1342 2627 bic

330 2674 397 2717 esse
433 2656 603 2717 voluissent
649 2654 753 2717 Omnis
789 2656 867 2715 enim
905 2657 1040 2735 corporis
1071 2654 1260 2734 pulchritudo
1295 2663 1343 2717 est

278 2756 312 2806 ae
330 2745 459 2824 partium
486 2746 680 2823 congruentia
707 2760 776 2803 cum
804 2742 930 2822 quadam
953 2742 1061 2804 coloris
1085 2744 1238 2807 suavitate.
1283 2742 1343 2805 Ubi

331 2838 430 2892 autem
452 2849 512 2891 non
540 2839 586 2891 est
607 2834 737 2911 partium
760 2833 967 2911 congruentia,
989 2838 1041 2891 aut
1063 2831 1130 2891 ideo
1154 2830 1224 2910 quid
1248 2832 1340 2893 offen-

330 2919 374 2981 dit
397 2921 464 2997 quia
487 2936 610 2998 pravum
633 2926 693 2999 est,
716 2928 768 2980 aut
789 2918 856 2979 idco
880 2921 948 2998 quia
971 2936 1085 3000 parum,
1108 2919 1248 2981 antideo
1271 2922 1340 2999 quia

330 3008 463 3068 nimium.
508 3005 637 3067 Proinde
657 3005 736 3067 nulla
755 3008 812 3068 erit
830 3006 1011 3087 deformitas,
1034 3024 1122 3085 quam
1146 3008 1216 3068 facit
1237 3009 1340 3069 incon·

330 3097 466 3175 gruentia
488 3096 630 3174 partium,
654 3094 705 3155 ubi
728 3101 759 3155 et
782 3113 857 3173 quae
880 3113 968 3174 prava
992 3104 1062 3155 stent
1085 3097 1287 3177 corrigentur,
1310 3104 1341 3157 et

400 3229 425 3296 1)
443 3227 489 3282 Le.
511 3233 553 3295 12,
568 3233 591 3281 r.

328 3312 540 3322 ι-----

399 3355 413 3404 1
432 3358 465 3405 ut
481 3352 572 3405 editm
589 3352 618 3406 R
635 3351 676 3405 ed.
691 3352 798 3406 Modo.
812 3368 842 3417 υς
861 3368 957 3407 omncs
975 3370 1050 3407 num.
1070 3356 1166 3408 euntn
1187 3359 1247 3423 (rec.
1264 3356 1340 3426 (ἕως

326 3438 423 3477 omnes
441 3438 492 3477 om.
506 3422 674 3492 AGobepp
691 3420 731 3475 ed.
743 3422 834 3490 pree
848 3423 887 3491 113
907 3423 1008 3491 cuique
1025 3440 1080 3479 mse
1088 3426 1172 3494 pler.
1188 3429 1340 3497 (579,13);

327 3493 463 3560 cuiusque
486 3493 514 3560 b;
538 3492 670 3561 cuiquam
691 3493 743 3616 oq
764 3497 795 3546 11
819 3492 960 3562 parilitati
982 3507 1042 3564 'rep
1063 3497 1073 3563 11
1096 3501 1130 3549 14
1148 3497 1341 3567 omnipotente

329 3562 410 3633 G’po
428 3565 438 3633 1
456 3568 489 3616 17
507 3565 696 3616 monstruosos
750 3561 912 3632 G't’abe'p
929 3567 940 3634 11
955 3564 1038 3619 huius
1053 3566 1082 3621 R
1099 3566 1192 3637 (husius
1211 3568 1340 3625 miseriae

326 3633 422 3687 uitae?
450 3636 514 3699 607,
536 3635 582 3701 32)
605 3634 615 3702 11
637 3638 670 3685 21
695 3631 761 3685 dim.
788 3633 918 3701 Gabp05
942 3636 977 3701 ef.
1002 3636 1047 3690 tib.
1071 3640 1088 3689 3
1115 3641 1208 3706 o.17,·
1230 3656 1252 3694 c.
1270 3643 1309 3693 27
1332 3640 1343 3714 11

326 3702 465 3757 tolluntur
488 3703 548 3758 BA
570 3703 622 3773 (ite
644 3703 677 3755 ut
698 3718 720 3755 e.
738 3703 823 3757 indic.
843 3704 921 3759 buz
942 3721 963 3759 c.
978 3708 1012 3773 9,·
1036 3707 1052 3761 l.
1067 3711 1085 3761 5
1103 3724 1124 3763 c.
1140 3709 1181 3778 6);
1204 3709 1341 3765 tollentur

327 3790 382 3829 otae
398 3772 487 3827 relic
504 3778 514 3840 1
532 3777 566 3825 22
584 3772 770 3840 pinguibusve
787 3774 875 3841 υ1128
893 3774 963 3829 feeit
983 3776 1085 3848 &13¹9

379 4083 534 4143 Δ-ι
