3284 4459
309 478 373 542 340
712 489 912 532 succusano

307 629 476 706 persecutio
500 620 540 707 (si
562 635 660 686 tamen
684 627 740 685 iam
765 617 900 705 quievit),
923 632 956 684 ut
979 624 1126 700 fugientes
1149 624 1218 685 inde
1241 641 1315 684 uon-

309 715 499 794 nulliusque
523 714 558 775 ad
581 714 710 775 Romana
734 712 840 792 oppida
868 708 1080 791 pervenerim?
1124 711 1203 772 llaec
1226 722 1315 790 atque

309 803 397 864 huius
427 802 505 862 modi
534 802 605 862 milri
633 803 773 881 cogitanti
805 818 865 860 non
893 800 1009 859 videtur
1037 818 1102 860 esse
1131 800 1317 861 definiendus

309 909 452 952 numerus
469 893 719 970 persecutionum,
737 888 846 968 quibus
866 890 998 948 exerceri
1016 896 1134 967 oportet
1152 889 1316 950 ecclesiam·

275 979 369 1040 bsed
397 997 503 1040 rursus
532 979 686 1039 adfirmare
714 976 827 1056 ailquas
858 976 973 1036 futuras
1001 994 1017 1035 a
1044 975 1165 1055 regibus
1197 986 1317 1056 praeter

310 1067 389 1127 illam
412 1069 608 1147 novissimam,
632 1067 668 1127 de
692 1083 748 1144 qua
773 1063 871 1125 nullus
894 1063 1016 1142 amblgit
1039 1063 1233 1144 Christianus,
1256 1080 1317 1126 non

311 1158 434 1216 minoris
460 1166 505 1216 est
528 1157 710 1216 temeritatis.
756 1152 858 1231 ltaque
878 1151 933 1213 hoc
952 1155 982 1212 in
1001 1152 1097 1212 medio
1121 1152 1317 1231 relinquimus

311 1253 446 1304 neutram
463 1254 578 1323 partem
593 1243 772 1321 quaestionis
787 1240 876 1302 hriius
894 1249 1062 1301 astruentes
1082 1243 1142 1301 sive
1162 1241 1316 1302 destruen-

311 1339 369 1408 tes,
413 1330 465 1391 sed
503 1331 704 1392 tantummodo
746 1329 781 1388 ab
818 1328 990 1389 adfirmandi
1026 1328 1179 1408 quodlibet
1209 1330 1320 1391 horum

260 1431 293 1479 10
312 1419 415 1480 audaci
436 1421 676 1499 praesumptione
700 1425 881 1479 revocantes.

700 1640 820 1706 Curua
845 1641 929 1706 LIII.

309 1780 353 1837 lie
365 1783 497 1852 tempore
507 1779 687 1836 rebrissimae
692 1779 918 1851 persecutionis
927 1777 1004 1834 nolli
1012 1776 1163 1834 bominum
1174 1776 1318 1835 revelato:

399 1894 481 1954 lllam
505 1911 574 1954 sane
598 1894 785 1953 novissimam
807 1895 1054 1972 persecutionem,
1078 1911 1153 1971 quae
1176 1893 1212 1954 ab
1235 1894 1316 1955 dnti-

312 1983 423 2044 christo
443 1985 542 2043 lutura
560 1991 614 2062 est,
633 1983 798 2060 praesentia
817 1997 870 2042 sua
890 1982 1042 2058 extinguet
1060 1982 1123 2059 ipse
1143 1981 1234 2043 lesus.
1267 1982 1317 2043 Sic

261 2081 293 2129 15
313 2073 391 2132 enim
414 2073 559 2150 scriptum
582 2078 640 2148 est,
669 2069 746 2146 quod
775 2087 843 2129 eum
867 2071 1030 2141 interficiet
1051 2073 1161 2144 spirita
1185 2074 1247 2132 oris
1269 2075 1319 2131 sai

311 2167 342 2220 et
364 2162 525 2220 evacuabit
547 2160 774 2218 inluminatione
792 2160 988 2233 praesentiae
1009 2175 1093 2218 snae.
1137 2158 1192 2218 llic
1215 2161 1318 2237 quaeri

312 2247 399 2308 solet:
432 2246 555 2318 Quando
583 2245 662 2305 istud
691 2241 768 2305 erit?
812 2243 974 2323 inportune
1006 2248 1134 2306 omnino.
1181 2246 1212 2307 Si
1239 2249 1318 2307 enim

312 2336 368 2396 hoc
396 2335 481 2396 nobis
509 2352 596 2395 nosse
624 2332 791 2412 prodesset,
819 2351 836 2391 a
863 2351 921 2410 quo
951 2331 1055 2392 melius
1083 2352 1172 2412 quam
1194 2333 1231 2395 ab
1253 2338 1330 2414 lpso‘

313 2424 373 2484 lleo
402 2426 542 2502 magistro
572 2420 823 2498 interrogantibus
854 2418 1006 2499 discipulis
1037 2419 1209 2484 diceretur?
1253 2423 1331 2483 Non·

260 2523 294 2571 2ο
314 2515 393 2572 enirn
417 2512 563 2572 siluerunt
592 2509 660 2569 inde
684 2507 760 2587 apud
785 2527 865 2582 erim,
894 2509 945 2568 sed
969 2527 985 2567 a
1008 2521 1163 2587 praesente
1186 2514 1319 2590 quaesie-

313 2610 384 2660 runt
415 2599 561 2660 dicentes:
593 2599 731 2676 Domine,
759 2599 787 2657 si
816 2599 874 2658 boc
910 2605 1043 2672 tempore
1075 2602 1321 2675 repraesentabis

314 2705 441 2761 repnarn
465 2687 583 2747 Israel?
628 2685 664 2744 lt
687 2683 749 2746 ille:
779 2687 845 2746 Non
869 2694 925 2758 est,
954 2688 1062 2765 lnquit,
1085 2695 1217 2749 vestram
1239 2692 1321 2749 scire

314 2783 463 2851 tempora,
490 2792 570 2849 qaae
593 2773 687 2833 Pater
710 2777 813 2848 posuit
843 2777 873 2833 in
896 2792 953 2833 sata
972 2783 1129 2849 potestate.
1174 2774 1239 2835 Non
1262 2779 1319 2837 uti·

315 2881 372 2942 que
396 2862 437 2922 illi
461 2862 496 2923 de
520 2861 591 2920 liora
616 2860 661 2919 vel
684 2860 730 2920 dle
754 2860 800 2921 vel
821 2879 914 2941 anno,
938 2860 989 2920 sed
1013 2861 1049 2921 de
1074 2872 1206 2942 tempore
1228 2867 1320 2924 inler-

262 2959 504 3031 abrogaverant,
536 2948 652 3029 quando
685 2949 763 3008 istud
793 2967 935 3028 accepere
968 2967 1152 3028 responsum.
1198 2951 1320 3012 Frustra

314 3041 404 3117 Igitur
432 3056 539 3118 annos,
569 3039 620 3115 qui
647 3045 801 3097 remanent
828 3036 897 3096 huic
927 3036 1060 3118 saeculo,
1092 3050 1263 3119 computare
1286 3059 1322 3101 ac

315 3126 437 3186 delinire
467 3143 623 3203 conamur,
655 3142 723 3184 cum
753 3125 808 3184 lroc
836 3127 913 3184 scire
943 3143 1003 3184 non
1031 3144 1097 3187 esse
1126 3138 1323 3189 nostrumex

315 3233 366 3275 ore
399 3213 536 3274 Veritatis
569 3213 734 3292 audiamus,
767 3230 842 3290 quos
874 3221 972 3272 mmen
1003 3214 1051 3274 alii
1081 3215 1322 3297 quadringentos,

316 3303 364 3363 alii
388 3305 574 3382 quingentae,
597 3301 645 3361 alii
669 3303 757 3360 etiam
780 3299 859 3359 mille
882 3300 918 3360 ab
941 3304 1113 3363 ascensione
1133 3302 1249 3364 Domini
1273 3323 1322 3365 us·

270 3401 297 3452 to
316 3409 373 3471 que
404 3390 440 3450 ad
469 3391 532 3450 eius
561 3388 696 3449 ultimum
719 3387 875 3447 adventurn
899 3387 1041 3467 compleri
1063 3409 1150 3470 posse
1175 3392 1323 3454 dixerunt.

385 3499 429 3567 16)
449 3503 472 3550 2.
493 3497 588 3550 Thess.
608 3503 633 3564 2,
648 3497 679 3550 8.’
719 3499 763 3564 23)
782 3496 843 3548 Aci.
865 3501 889 3562 1,
904 3501 968 3562 6sq.

385 3625 400 3672 2
414 3620 602 3688 peruenerunt
616 3619 656 3683 Iis
671 3617 852 3686 peruenirent
865 3617 1004 3671 nnana
1017 3619 1027 3685 ΙΙ
1041 3621 1056 3670 3
1070 3617 1141 3670 milri
1155 3634 1204 3672 om.
1220 3619 1302 3674 Ast
1316 3621 1327 3689 ll

315 3695 330 3744 6
353 3707 434 3762 nemo
453 3688 534 3743 Fen
556 3691 565 3756 ΙΙ
587 3693 619 3740 12
642 3694 674 3741 at
696 3687 787 3742 editor
808 3690 856 3757 pf3
880 3687 1081 3756 persecutionis
1104 3688 1214 3742 occulto
1234 3692 1326 3761 pqap

316 3760 437 3830 19'De0]
456 3758 591 3812 Domino?
610 3760 619 3826 tl
638 3763 670 3810 21
684 3757 913 3826 ¹repraesentabis
929 3758 1114 3827 Reman
1132 3760 1325 3828 repraesenta

314 3831 388 3885 beris
403 3847 427 3894 ες
441 3829 634 3898 praesentabis
644 3828 695 3893 ab3
709 3828 959 3895 praesentaberis«)
971 3831 982 3897 ΙΙ
996 3835 1029 3883 22
1041 3844 1158 3898 regnum
1168 3832 1325 3900 mesplerr.;

316 3904 365 3956 aut
387 3899 500 3967 quando
522 3915 639 3966 regnum
662 3915 695 3963 ας
719 3899 747 3950 et
769 3899 882 3965 quando
905 3915 1022 3968 regnum
1040 3916 1057 3954 o
1075 3903 1087 3966 l
1107 3906 1140 3953 25
1159 3899 1233 3956 istuc
1252 3901 1325 3969 R¹e3

316 3974 407 4026 istunc
431 3969 467 4004 ¹²¹
487 3969 530 4004 Μ
553 3971 599 4035 82,
614 3972 663 4032 18,·
682 3971 728 4033 85,
742 3971 770 4034 5)
