3284 4459
364 509 429 572 288
761 521 782 564 s
796 521 961 564 sucosam

366 658 412 717 nis
435 657 581 734 principio
612 657 755 716 revocatis
778 649 927 717 ostenso?
970 655 1030 716 lsta
1052 654 1223 717 Lactantius
1246 659 1368 736 carptim
1459 710 1460 733 ,

365 762 418 822 per
445 743 596 804 intervalla
624 744 832 822 disputationis
860 762 946 824 suae,
976 745 1054 804 sicut
1083 762 1118 804 ea
1144 763 1269 823 poscere
1292 745 1368 805 vide-

365 831 485 911 bantur,
513 850 588 910 quae
615 831 742 911 probare
770 831 952 913 intenderat,
976 831 1109 892 adhibuit
1132 835 1301 893 testimonia
1324 833 1366 893 Si·

365 919 480 1001 byllina,
503 938 578 999 quae
596 939 651 980 nos
669 918 742 980 nihil
764 923 997 1001 interponentes,
1020 920 1072 981 sed
1095 923 1126 981 in
1149 939 1239 981 uuam
1262 924 1368 982 seriem

326 1021 345 1070 a
365 1026 475 1068 conexa
496 1017 642 1088 ponentes
665 1008 735 1068 solis
758 1007 913 1088 capitibus,
936 1011 961 1068 si
983 1016 1081 1068 tamen
1104 1011 1267 1087 scriptores
1290 1009 1367 1069 dein·
1459 998 1460 1021 ¹

358 1100 434 1175 'ceps
464 1114 498 1156 ea
528 1114 646 1156 servare
673 1114 732 1156 non
760 1096 928 1177 neglegant,
957 1096 1165 1175 distinguenda
1193 1101 1368 1159 curavimus.

364 1184 503 1245 Nonnulli
527 1203 596 1244 sane
615 1184 807 1264 Erythraeam
831 1184 970 1262 Sibyllam
992 1202 1052 1244 nou
1076 1184 1202 1266 Romuli,
1226 1185 1279 1246 sed
1302 1185 1369 1247 belli

363 1272 483 1333 Troiani
505 1279 637 1352 tempore
662 1272 753 1333 luisse
777 1274 970 1351 scripserunt.

699 1523 700 1528 ,
741 1459 859 1527 Curua
882 1461 1000 1528 XXIV.

312 1603 344 1652 10
367 1591 455 1663 Quod
475 1596 623 1665 reponare
645 1590 772 1651 Romulo
794 1598 906 1667 septem
926 1595 1078 1667 sapientes
1100 1595 1288 1666 claruerint,
1312 1611 1370 1668 qua

363 1687 495 1754 tempore
514 1681 616 1739 decem
635 1679 741 1752 tribus,
760 1696 840 1754 quae
860 1679 961 1740 Israel
982 1682 1173 1756 dicebantur,
1192 1684 1224 1741 tu
1243 1685 1369 1758 captiui-

424 1774 556 1828 tatema
583 1766 743 1827 Chaldaeis
767 1769 878 1828 ductae
899 1774 978 1842 sunt,
1002 1770 1139 1843 idemque
1162 1769 1308 1830 Romulus

554 1862 690 1915 mortuus
713 1856 814 1916 diuino
837 1858 952 1917 honore
975 1858 1104 1917 donatus
1126 1864 1179 1918 est.

450 1976 562 2037 Eodem
585 1976 709 2038 Romulo
738 1987 879 2056 regnante
902 1978 1008 2038 Thales
1031 1979 1163 2041 Milesius
1186 1980 1278 2040 luisse
1301 1999 1369 2059 per-

311 2078 342 2127 15
363 2065 496 2145 hibetur,
515 2083 605 2126 unus
634 2084 650 2125 e
681 2074 795 2145 septem
823 2066 1020 2148 sapientibus,
1050 2070 1101 2145 qui
1123 2078 1192 2146 post
1214 2068 1369 2148 theologos

361 2162 476 2234 poetas,
505 2155 535 2213 in
566 2153 674 2231 quibus
704 2153 841 2233 Orpheus
876 2157 1000 2215 maxime
1035 2158 1166 2217 omnium
1198 2155 1370 2218 nobilitatus

363 2250 416 2322 est,
440 2240 528 2319 σοφοὶ
552 2241 687 2320 appellati
711 2250 789 2320 scrut,
812 2242 890 2319 quod
914 2251 959 2303 est
982 2243 1084 2304 Latine
1108 2247 1264 2323 sapientes.
1310 2245 1370 2306 Per

361 2330 440 2390 idem
463 2338 579 2408 tempus
603 2329 706 2390 decem
734 2329 848 2410 tribus,
877 2333 1004 2409 quaein
1028 2330 1170 2392 divisione
1194 2333 1298 2411 populi
1320 2352 1370 2393 vo-

362 2426 442 2478 catae
467 2427 537 2478 sunt
558 2417 661 2498 lsrael,
689 2417 848 2478 debellatae
873 2436 889 2478 a
911 2417 1063 2479 Chaldaeis
1093 2427 1123 2480 et
1145 2422 1176 2480 in
1200 2438 1249 2480 eas
1273 2430 1371 2482 terras

310 2519 343 2567 20
362 2508 491 2585 captivae
519 2506 623 2566 deletae
652 2514 734 2586 sunt,
762 2507 983 2567 remanentibus
1012 2510 1042 2568 in
1066 2506 1172 2568 ludaea
1194 2516 1275 2569 terra
1298 2509 1370 2570 dua-

362 2593 417 2655 bus
441 2595 497 2653 illis
520 2593 670 2674 tribubus,
698 2611 773 2672 quae
797 2597 915 2654 nornine
938 2594 1027 2656 ludae
1051 2595 1231 2656 vocabantur
1254 2597 1370 2658 sedem·

363 2700 419 2759 que
438 2684 523 2759 regni
540 2681 687 2742 habebant
704 2681 896 2742 Hierusalem.
940 2683 1089 2745 Mortuum
1109 2684 1276 2766 Romulum,
1300 2704 1371 2746 cum

363 2778 392 2828 et
413 2772 477 2848 ipse
500 2787 560 2828 uon
584 2773 796 2851 conparuisset,
819 2773 849 2831 in
873 2771 960 2851 deos,
984 2772 1062 2851 quod
1086 2781 1116 2833 et
1139 2772 1226 2851 vulgo
1250 2776 1370 2834 notissi-

363 2875 442 2916 mum
473 2865 518 2917 est
564 2857 705 2917 rettulere
733 2857 871 2939 Romani,
899 2859 977 2937 quod
1006 2879 1102 2938 usque
1126 2859 1198 2920 adeo
1222 2862 1287 2922 tieri
1310 2865 1371 2922 iam

309 2957 342 3006 aa
362 2945 489 3006 desierat
517 2905 533 3026 ζ

361 3043 407 3093 est
425 3033 608 3111 temporibus
628 3028 811 3116 Caesarum),
834 3044 868 3094 ut
886 3033 990 3095 Cicero
1009 3039 1122 3114 maguis
1140 3037 1257 3098 Romuli
1276 3037 1371 3098 laudi-

361 3120 417 3181 bus
449 3121 575 3194 tribuat‚
607 3122 685 3199 quod
718 3139 776 3182 non
810 3122 934 3183 rudibus
962 3132 992 3184 et
1018 3125 1145 3185 indoctis
1173 3126 1371 3207 temporibus,

533 2962 587 3005 nec
615 2953 715 3025 postea
740 2948 796 3006 nisi
820 2946 977 3028 adulando,
1005 2967 1065 3008 non
1087 2948 1227 3029 errando,
1256 2951 1372 3010 iactum
1459 2946 1460 2969 *

362 3209 477 3287 quando
508 3209 592 3269 facile
623 3209 757 3270 homines
787 3209 976 3292 fallebantur,
1008 3212 1059 3272 sed
1088 3215 1147 3273 iam
1174 3213 1311 3291 expohtis
1340 3225 1373 3274 et
1459 3248 1460 3283 3

360 3297 485 3359 eruditis
503 3299 647 3358 meruerit
665 3298 719 3357 hos
737 3297 873 3375 honores,
893 3301 1026 3376 quamvis
1043 3300 1173 3360 nondum
1189 3301 1374 3366 efferbuerat

307 3399 341 3448 30
360 3405 394 3447 aa
416 3385 610 3466 pullulaverat
631 3384 873 3464 philosophorum
897 3385 1015 3446 subtilis
1038 3395 1069 3448 et
1091 3397 1176 3448 acuta
1194 3388 1372 3470 loquacitas
1459 3416 1460 3479 3

431 3507 475 3572 aa)
494 3501 535 3558 cf:
552 3503 602 3557 nu
618 3509 651 3556 aa
671 3519 693 3556 ο.
710 3509 733 3556 a.

431 3641 463 3688 13
483 3636 537 3706 aab]
556 3636 649 3690 malint
664 3635 701 3688 sib
714 3637 723 3703 ll
738 3640 771 3687 29
787 3635 920 3688 meruerit
934 3635 1148 3707 R’Gubeppa3
1167 3639 1270 3693 meruit
1285 3642 1372 3708 R¹A3
1459 3676 1460 3681 κ

360 3706 448 3759 seruit
466 3706 497 3759 F
506 3709 515 3776 ss
530 3705 697 3760 efferbuerat
715 3705 869 3760 AFGaea
888 3706 935 3773 (ef.
950 3709 1012 3772 312,
1021 3711 1076 3772 28;
1094 3711 1158 3774 339,
1167 3712 1229 3776 35),
1249 3709 1371 3766 effamu-

361 3779 421 3829 erat
440 3777 535 3847 Rb193
554 3775 704 3860 efferuerat
717 3774 776 3852 ¹b¹p

317 4089 456 4152 A
