3284 4459
327 521 393 584 222
729 530 929 573 socorsum

328 670 440 728 erroris
469 669 610 728 socictate
640 666 772 745 dispersa
801 683 857 744 per
887 673 990 726 terras.
1042 663 1150 724 Divisio
1178 681 1248 724 vero
1278 661 1337 742 illa,

328 774 416 835 quam
448 754 526 816 Deus
558 755 615 816 sub
647 772 774 834 persona
805 753 916 834 Saulis,
947 753 1026 812 illius
1059 754 1149 832 regni·
1174 761 1205 812 et
1233 751 1336 830 populi

327 845 451 924 liguram
482 846 629 923 gerentis,
666 843 763 903 eidem
794 859 887 920 regno
919 841 1087 921 populoque
1121 842 1247 902 minatus
1280 849 1338 912 est,

328 944 447 993 aeterna
479 940 569 1011 atque
601 930 781 992 inmutabilis
813 931 975 1009 significata
1002 938 1049 990 est
1075 947 1129 1008 per
1155 928 1228 1009 hoc,
1256 927 1336 1006 quod

293 1033 310 1080 o
328 1021 499 1082 adiunctum
518 1029 576 1082 est:
600 1021 640 1080 Et
657 1037 717 1082 non
735 1026 929 1080 convertetur
947 1037 1043 1094 aeque
1062 1019 1230 1094 poenitebit
1252 1035 1338 1087 eum;

328 1112 470 1184 quoniam
501 1127 561 1171 non
593 1117 638 1170 eet
666 1111 748 1169 sicut
775 1110 874 1182 homo,
906 1114 941 1169 ot
967 1110 1125 1184 paeniteat
1156 1123 1240 1178 eum;
1272 1107 1338 1182 ipse

328 1201 472 1271 minatur,
494 1206 524 1259 et
544 1214 605 1260 non
621 1204 798 1274 permonet;
819 1195 850 1255 id
874 1204 927 1276 est,
950 1195 1038 1256 homo
1062 1197 1200 1276 minatur,
1222 1202 1253 1254 et
1275 1212 1335 1254 non

328 1296 494 1366 permanet;
526 1303 586 1346 non
618 1295 717 1346 autem
750 1283 842 1364 llcus,
874 1301 963 1362 quem
994 1301 1053 1344 uon
1083 1284 1226 1362 paenitet,
1259 1283 1338 1342 sicut

329 1375 486 1436 hominem.
531 1373 588 1434 Ubi
606 1376 686 1435 enim
705 1373 821 1452 legitur,
844 1372 923 1450 quod
942 1374 1088 1451 paeniteat
1111 1389 1188 1449 eum,
1213 1373 1336 1430 mutatio

278 1473 311 1522 10
330 1481 431 1524 rerum
449 1463 640 1542 significatur,
663 1461 829 1521 inmutabili
851 1463 1045 1539 praescientia
1069 1468 1205 1520 manente
1229 1459 1337 1520 divina.

328 1550 385 1612 Ubi
407 1569 479 1630 ergo
501 1569 561 1611 uon
584 1552 734 1630 paenitere
758 1548 883 1631 dicitur,
904 1566 962 1609 non
986 1557 1100 1608 mutare
1124 1547 1322 1626 intellegitur.¹

417 1638 545 1701 Prorsus
572 1636 760 1699 insolubilem
787 1637 920 1698 videmus
947 1655 1001 1716 per
1028 1637 1101 1696 haec
1128 1635 1217 1696 rerba
1240 1633 1336 1714 prola·

329 1736 388 1788 tam
416 1727 556 1788 divinitus
583 1727 674 1786 luisse
708 1728 883 1786 sententiam
916 1724 952 1785 de
980 1727 1034 1784 ista
1063 1724 1206 1784 divisione
1235 1723 1337 1802 populi

329 1814 419 1876 lsrael
446 1825 478 1876 et
505 1817 625 1874 omnino
654 1822 836 1893 perpetuam.
883 1812 1068 1890 Quicumque
1092 1815 1170 1873 enim
1193 1812 1229 1873 ed
1253 1810 1336 1872 Chri·

278 1912 408 1963 tostum
435 1905 618 1964 transierunt
644 1902 690 1962 vel
716 1910 873 1962 transeunt
899 1902 944 1961 vel
971 1900 1139 1962 transibunt
1166 1900 1248 1981 inde,
1276 1919 1337 1959 non

329 2001 415 2052 erant
441 1991 510 2052 inde
536 1991 701 2052 secundum
728 1989 781 2050 [lei
812 1992 1053 2069 praescientiam,
1085 2008 1144 2049 non
1172 1987 1337 2050 seeundum

329 2082 447 2158 generis
470 2079 589 2140 humani
613 2095 702 2140 unam
724 2078 908 2156 eandemque
931 2086 1074 2138 naturam.
1119 2077 1248 2138 Prorsus
1271 2078 1335 2155 qui-

329 2185 457 2246 cumque
486 2186 522 2228 ex
548 2165 689 2227 Israelitis
716 2165 909 2226 adhaerentes
941 2164 1058 2226 Christo
1085 2172 1277 2245 perseverant
1305 2167 1336 2224 ln

329 2256 392 2337 illo,
421 2273 580 2334 numquam
608 2264 696 2315 erunt
719 2273 787 2314 cum
816 2257 859 2314 eis
882 2253 1035 2334 israelitis,
1062 2256 1113 2333 qui
1136 2256 1201 2314 eius
1224 2255 1336 2314 inimici

277 2355 310 2404 20
329 2362 424 2423 usque
451 2346 482 2404 in
510 2345 599 2404 linem
626 2344 701 2403 vitae
729 2342 817 2404 buius
841 2361 906 2403 esse
929 2344 1106 2423 persistunt;
1133 2342 1239 2402 sedin
1262 2341 1335 2401 divi-

329 2435 425 2513 sione,
452 2450 526 2511 quae
555 2431 603 2491 bic
630 2433 835 2509 praenuntiata
858 2439 917 2511 est,
943 2439 1087 2510 perpetuo
1110 2429 1335 2509 permanebunt.

328 2519 408 2581 Nihil
431 2523 509 2580 enim
532 2519 654 2598 prodest
681 2527 890 2579 testamentum
919 2527 1004 2578 vetus
1027 2518 1063 2579 de
1087 2528 1186 2579 monte
1212 2517 1280 2578 Sina
1304 2520 1335 2578 in

329 2610 501 2669 servitutem
520 2625 674 2687 generans,
697 2609 754 2667 nisi
772 2609 840 2685 qnia
864 2608 1065 2668 testimonium
1088 2605 1225 2686 perhibet
1246 2615 1335 2668 testa·

329 2704 429 2756 mento
457 2713 540 2756 novo.
585 2695 736 2774 Alioquin,
759 2695 899 2773 quamdiu
922 2694 1030 2774 legitur
1052 2695 1181 2776 Moyses,
1203 2694 1335 2756 velamen

277 2793 311 2842 25
331 2801 421 2862 super
439 2783 527 2844 corda
546 2801 649 2844 eorum
668 2785 798 2862 positum
820 2792 880 2863 est;
904 2801 972 2844 cum
995 2792 1093 2844 autem
1116 2782 1185 2843 inde
1209 2785 1335 2862 quisque

330 2873 481 2933 transierit
503 2871 539 2932 ad
563 2870 721 2950 Christum,
745 2873 897 2932 auleretnr
920 2871 1059 2931 velamen.
1105 2870 1335 2932 Transeuntium

331 2963 440 3038 quippe
458 2962 582 3020 intentio
601 2961 664 3037 ipsa
683 2968 816 3020 mutatur
839 2960 875 3021 de
898 2969 998 3020 vetere
1021 2960 1057 3020 ad
1081 2977 1199 3040 novum,
1222 2962 1335 3021 utiam

330 3065 391 3108 non
417 3050 543 3126 quisque
575 3046 708 3108 intendat
739 3050 874 3127 accipere
901 3047 1062 3128 carnalem,
1093 3047 1145 3108 sed
1173 3047 1336 3126 spiritalem

329 3135 509 3197 felicitatem.
552 3134 679 3214 Propter
707 3135 784 3214 quod
808 3139 872 3214 ipse
896 3154 1018 3215 magnus
1041 3136 1184 3214 propheta
1208 3135 1335 3218 Samuel,

277 3236 311 3284 30
330 3230 489 3303 antequam
506 3225 641 3287 unxisset
662 3241 762 3303 regem
783 3222 862 3304 Saul,
885 3224 1001 3303 quando
1026 3224 1197 3285 exclamavit
1220 3224 1254 3284 ad
1279 3224 1334 3285 Do-

329 3313 442 3373 minum
474 3329 528 3390 pro
554 3310 665 3393 Israel,
696 3320 727 3372 et
753 3311 900 3373 exaudivit
927 3330 1009 3393 eum,
1039 3321 1082 3387 et,
1114 3330 1182 3373 cum
1214 3313 1336 3374 offerret

329 3399 573 3481 holocaustosim,
597 3399 806 3460 accedentibus
829 3400 1000 3479 alienigenis
1023 3400 1059 3461 ad
1081 3418 1210 3480 pugnam
1232 3409 1336 3462 eontra

330 3488 472 3568 populum
499 3486 553 3548 Dei
580 3490 678 3548 tonuit
700 3485 843 3549 Dominus
866 3506 956 3568 super
980 3507 1044 3569 eos,
1072 3499 1103 3549 et
1125 3489 1242 3550 conlusi
1265 3498 1336 3550 sunt

329 3583 362 3637 et
387 3576 576 3637 ollendcrunt
602 3593 702 3636 coram
725 3575 815 3637 lsrael
843 3583 932 3654 atque
955 3579 1086 3655 superati
1109 3586 1191 3638 sunt:
1219 3576 1335 3640 adsum·

277 3678 311 3727 to
330 3667 391 3744 psit
413 3663 538 3744 lapidem
557 3680 650 3724 unum
668 3670 699 3723 et
717 3666 818 3724 statuit
841 3663 924 3724 illum
947 3667 1025 3724 inter
1043 3663 1209 3745 Massephat
1232 3684 1336 3725 novam

402 3801 447 3868 23)
466 3796 527 3852 (tat
544 3802 570 3863 4,
588 3801 632 3852 24.
668 3799 714 3865 26)
731 3803 756 3852 2.
776 3797 836 3851 Cor.
855 3803 881 3864 3,
907 3802 939 3850 15
951 3814 991 3866 aq.
