3284 4459
329 489 396 553 410
730 502 931 545 succesum

331 647 472 716 rectoque
500 638 608 698 iudicio
637 638 739 698 similis
768 638 864 699 eidem
891 639 1011 698 vanitati
1039 638 1134 698 lactus
1164 645 1340 698 vanesceret

331 723 440 787 homo?
475 725 508 786 ln
528 725 633 786 diebus
652 736 749 786 tamen
767 728 902 787 vanitatis
924 744 995 785 suae
1019 727 1145 786 interest
1168 725 1341 806 plurimum,

331 823 434 875 utrum
451 816 571 874 resistat
588 832 624 875 an
643 814 829 894 obtemperet
846 816 971 893 veritati,
994 822 1024 874 et
1042 821 1144 874 utrum
1167 816 1208 874 sit
1229 831 1340 892 expers

332 920 417 962 verae
445 904 562 981 pietatis
590 921 626 963 an
653 905 814 982 particeps3
843 921 902 963 uon
929 911 1051 983 propter
1080 904 1156 962 vitae
1180 902 1269 963 huius
1293 901 1340 962 vel

298 990 408 1051 thuna
432 989 612 1069 adquirenda
635 990 680 1050 vel
704 991 775 1051 mala
801 990 916 1051 vitanda
939 990 1122 1052 vanescendo
1146 992 1341 1070 transeuntia,

333 1079 385 1139 sed
414 1087 536 1159 propter
563 1080 695 1140 luturum
720 1079 875 1160 iudicium,
902 1097 957 1158 per
986 1079 1065 1157 quod
1089 1087 1178 1140 erunt
1200 1087 1230 1139 et
1253 1077 1341 1138 bonis

332 1165 408 1227 buna
437 1175 467 1227 et
493 1167 577 1228 malis
600 1166 674 1227 mala
697 1169 761 1226 sine
784 1167 842 1227 fine
866 1185 1012 1228 mansura.
1058 1165 1190 1246 lienique
1214 1169 1270 1228 iste
1295 1185 1341 1227 sa-

333 1257 417 1334 piens
447 1255 526 1316 hnnc
555 1255 664 1316 librum
688 1256 730 1315 sic
753 1255 911 1336 conclusit,
939 1263 973 1316 ut
995 1254 1121 1318 diceret:
1149 1257 1246 1316 Beum
1269 1259 1342 1316 time

334 1351 364 1405 et
380 1345 526 1405 mandata
544 1347 609 1405 eius
632 1345 757 1422 custodi,
780 1347 853 1418 quia
875 1345 934 1405 lroc
956 1351 1001 1405 est
1023 1347 1117 1405 omnis
1140 1347 1244 1415 domm·
1266 1347 1343 1419 quia

282 1445 315 1492 10
334 1450 419 1494 omne
448 1435 506 1494 lroc
532 1450 606 1509 opus
634 1433 716 1493 Deus
745 1433 879 1492 adducet
905 1435 936 1493 in
960 1435 1106 1493 iudicium
1130 1436 1162 1493 in
1185 1436 1267 1493 omni
1289 1435 1341 1493 de-

333 1528 449 1598 specto,
481 1525 544 1581 sive
570 1522 678 1581 bonum
706 1524 769 1581 stre
795 1524 914 1580 malum.
961 1518 1038 1591 Quid
1067 1519 1186 1582 brevius
1193 1569 1202 1602 ,
1231 1523 1343 1601 verius,

334 1608 481 1668 salubrius
508 1608 566 1668 dici
594 1605 712 1686 potuit?
757 1610 866 1683 Deum,
898 1611 1008 1689 inquit,
1041 1613 1111 1670 time
1137 1617 1168 1670 et
1193 1611 1343 1670 mandata

334 1701 399 1758 eius
418 1699 543 1770 custodi,
567 1699 640 1772 quia
658 1699 716 1758 lroc
735 1704 780 1758 est
796 1701 892 1758 omnis
909 1700 1004 1759 homo.
1051 1697 1236 1776 Quicumque
1260 1700 1343 1758 enim

335 1793 389 1866 est,
412 1784 468 1846 hcc
488 1793 542 1865 est,
565 1793 665 1845 custos
685 1787 788 1864 utiquc
808 1785 1013 1846 mandatorum
1037 1785 1103 1866 θείς
1128 1789 1265 1864 pruciam
1290 1787 1344 1864 qui

283 1886 316 1934 15
334 1871 391 1934 hoc
415 1890 473 1934 non
502 1882 563 1953 est,
593 1873 665 1933 nihil
689 1881 747 1954 est;
776 1892 835 1934 non
863 1876 941 1934 enim
971 1874 1006 1934 ad
1029 1876 1161 1935 veritatis
1184 1876 1342 1953 imaginem

335 1961 522 2043 reformatur,
539 1978 696 2022 remanens
713 1964 744 2022 in
764 1961 954 2023 similitudine
973 1965 1117 2023 vanitatis.
1159 1963 1237 2036 Quia
1255 1980 1344 2024 omne

335 2052 501 2131 hocopus,
531 2049 561 2111 id
589 2059 648 2130 est,
676 2050 755 2129 quod
782 2050 818 2110 ab
847 2050 965 2111 homine
992 2051 1026 2110 lit
1048 2053 1078 2110 in
1102 2050 1156 2111 hac
1179 2053 1252 2131 vita,
1278 2054 1344 2112 ciue

335 2139 443 2199 donum
470 2142 532 2200 sive
559 2143 683 2212 malum,
712 2140 794 2199 Deus
822 2141 955 2200 adducet
982 2142 1013 2201 in
1037 2141 1183 2200 iudicium
1207 2143 1346 2200 inomni

336 2228 489 2303 despecto,
512 2225 542 2288 id
567 2237 612 2287 cst
634 2230 665 2287 in
688 2229 768 2287 omni
792 2229 879 2286 etiam
903 2230 954 2306 qui
977 2227 1206 2308 contemptibilis
1230 2227 1278 2287 hic
1301 2229 1343 2287 vi-

283 2326 317 2375 20
336 2314 423 2376 detur
446 2325 476 2376 et
499 2315 565 2377 idco
588 2333 643 2375 nec
667 2315 794 2395 videtum
826 2317 964 2394 quoniam
987 2314 1067 2375 lleus
1090 2325 1120 2376 et
1142 2319 1240 2395 ipsum
1263 2314 1345 2376 videt

335 2421 390 2464 nec
414 2422 482 2465 eum
506 2403 631 2483 despicit
654 2421 709 2464 nec
733 2421 800 2464 cum
824 2402 934 2464 iudicat
957 2405 1107 2482 praeterit.

742 2644 859 2712 Cevur
879 2643 935 2710 IV.

341 2773 428 2845 Quod
445 2775 488 2833 ad
505 2775 712 2834 disserendum
735 2775 773 2834 de
796 2777 954 2835 novusimo
977 2775 1090 2835 iudicio
1109 2776 1168 2835 Dei
1188 2778 1260 2836 novi
1275 2778 1345 2852 pri·

398 2878 477 2921 mum
500 2864 670 2923 testamenti
692 2879 730 2922 ac
754 2863 863 2923 deinde
886 2865 995 2922 veteris
1018 2865 1188 2924 testimonia
1206 2881 1280 2941 pro-

284 2961 318 3011 25
743 2952 863 3011 laturus
885 2953 932 3011 sit.

426 3072 520 3134 Huius
550 3075 649 3151 itaque
678 3073 773 3135 ultimi
800 3073 902 3134 iudicii
934 3072 986 3134 llei
1014 3077 1181 3135 testimonia
1210 3074 1247 3135 de
1270 3078 1346 3138 scri·

338 3163 434 3242 pturis
462 3163 587 3242 sanctis,
616 3179 691 3240 quae
719 3179 830 3243 ponere
853 3163 982 3241 institui,
1011 3164 1094 3241 prius
1118 3162 1250 3242 eligenda
1273 3173 1347 3226 sunt

338 3251 373 3311 de
403 3249 485 3310 libris
513 3251 703 3311 instrumenti
732 3252 814 3329 novi,
848 3259 950 3328 postea
977 3251 1013 3310 de
1041 3253 1159 3311 veteris.
1204 3251 1346 3322 Quamvis

338 3341 417 3399 enim
440 3348 539 3399 vetera
557 3341 657 3417 priora
675 3341 735 3399 sint
758 3347 900 3418 tempure,
923 3357 996 3398 nava
1020 3348 1117 3399 minen
1141 3343 1347 3419 anteponenda

286 3440 320 3490 80
339 3437 409 3488 sunt
432 3426 587 3508 dignitate,
617 3428 756 3505 quioniam
784 3425 832 3486 illa
861 3435 960 3486 vetera
983 3429 1139 3507 praeconia
1163 3438 1234 3489 sunt
1255 3447 1345 3489 novo·

405 3531 448 3597 11)
467 3526 558 3582 uode.
580 3531 622 3592 12,
639 3529 721 3593 msq.

406 3647 439 3697 10
467 3641 598 3712 despecto
627 3639 687 3694 ΕΘ
715 3637 806 3707 (disp.)
834 3637 942 3705 palpa
968 3654 1017 3693 sec,
1043 3637 1139 3693 Graec.
1164 3638 1211 3706 (cf.
1235 3641 1352 3706 1934),-

335 3732 469 3802 despectu
488 3719 605 3796 nemu
629 3726 759 3796 dispectu
780 3742 798 3796 p
817 3728 827 3796 ll
849 3730 881 3779 19
902 3725 993 3780 eodem
1010 3727 1066 3792 fere
1084 3726 1163 3781 ruodo
1181 3742 1234 3795 quo
1252 3742 1351 3794 stupra,

335 3823 391 3878 nisi
409 3819 481 3890 quod
498 3817 542 3872 ln'c
559 3816 587 3868 A
606 3830 709 3885 quoque
728 3819 754 3868 et
772 3810 813 3866 E'
832 3813 963 3882 despecto
981 3814 1080 3868 habeut
