<?xml version="1.0" encoding="UTF-8"?>
<!DOCTYPE html PUBLIC "-//W3C//DTD XHTML 1.0 Transitional//EN"
    "http://www.w3.org/TR/xhtml1/DTD/xhtml1-transitional.dtd">
<html xmlns="http://www.w3.org/1999/xhtml" xml:lang="en" lang="en">
 <head>
  <title>
</title>
<meta http-equiv="Content-Type" content="text/html;charset=utf-8" />
  <meta name='ocr-system' content='tesseract 3.04.00' />
  <meta name='ocr-capabilities' content='ocr_page ocr_carea ocr_par ocr_line ocrx_word'/>
</head>
<body>
  <div class='ocr_page' id='page_1' title='image "./sanctiaureliiau11augugoog_0572.png"; bbox 0 0 3284 4459; ppageno 0'>
   <div class='ocr_carea' id='block_1_1' title="bbox 332 486 934 548">
    <p class='ocr_par' dir='ltr' id='par_1_1' title="bbox 332 486 934 548">
     <span class='ocr_line' id='line_1_1' title="bbox 332 486 934 548; baseline 0.003 -11"><span class='ocrx_word' id='word_1_1' title='bbox 332 486 399 548; x_wconf 79' lang='grc'><strong>554</strong></span> <span class='ocrx_word' id='word_1_2' title='bbox 734 496 756 538; x_wconf 80' lang='lat' dir='ltr'><strong>S.</strong></span> <span class='ocrx_word' id='word_1_3' title='bbox 769 497 934 541; x_wconf 75' lang='lat' dir='ltr'>AUGUS&#39;HNI</span> 
     </span>
    </p>
   </div>
   <div class='ocr_carea' id='block_1_2' title="bbox 278 632 1343 2211">
    <p class='ocr_par' dir='ltr' id='par_1_2' title="bbox 278 632 1343 2211">
     <span class='ocr_line' id='line_1_2' title="bbox 332 632 1342 711; baseline 0.002 -20"><span class='ocrx_word' id='word_1_4' title='bbox 332 632 451 693; x_wconf 91' lang='lat' dir='ltr'><strong>oculum</strong></span> <span class='ocrx_word' id='word_1_5' title='bbox 478 640 611 693; x_wconf 90' lang='lat' dir='ltr'><strong>creatum</strong></span> <span class='ocrx_word' id='word_1_6' title='bbox 638 650 673 693; x_wconf 89' lang='lat' dir='ltr'><strong>ac</strong></span> <span class='ocrx_word' id='word_1_7' title='bbox 699 651 753 711; x_wconf 92' lang='lat' dir='ltr'><strong>per</strong></span> <span class='ocrx_word' id='word_1_8' title='bbox 780 632 837 693; x_wconf 90' lang='lat' dir='ltr'><strong>boc</strong></span> <span class='ocrx_word' id='word_1_9' title='bbox 867 635 955 693; x_wconf 89' lang='lat' dir='ltr'><strong>etiam</strong></span> <span class='ocrx_word' id='word_1_10' title='bbox 982 635 1046 711; x_wconf 89' lang='lat' dir='ltr'><strong>ipso</strong></span> <span class='ocrx_word' id='word_1_11' title='bbox 1070 635 1141 693; x_wconf 89' lang='lat' dir='ltr'><strong>vitio</strong></span> <span class='ocrx_word' id='word_1_12' title='bbox 1165 650 1219 695; x_wconf 90' lang='lat' dir='ltr'><strong>suo</strong></span> <span class='ocrx_word' id='word_1_13' title='bbox 1244 632 1342 693; x_wconf 84' lang='lat' dir='ltr'><strong>excel-</strong></span> 
     </span>
     <span class='ocr_line' id='line_1_3' title="bbox 332 719 1341 800; baseline 0 -20"><span class='ocrx_word' id='word_1_14' title='bbox 332 721 441 781; x_wconf 92' lang='lat' dir='ltr'><strong>lentius</strong></span> <span class='ocrx_word' id='word_1_15' title='bbox 464 720 632 781; x_wconf 79' lang='lat' dir='ltr'><strong>ostenditur</strong></span> <span class='ocrx_word' id='word_1_16' title='bbox 655 722 763 781; x_wconf 92' lang='lat' dir='ltr'><strong>ceteris</strong></span> <span class='ocrx_word' id='word_1_17' title='bbox 787 719 928 781; x_wconf 86' lang='lat' dir='ltr'><strong>membris</strong></span> <span class='ocrx_word' id='word_1_18' title='bbox 950 720 1118 781; x_wconf 81' lang='lat' dir='ltr'><strong>membrum</strong></span> <span class='ocrx_word' id='word_1_19' title='bbox 1141 739 1231 800; x_wconf 83' lang='lat' dir='ltr'>capax</span> <span class='ocrx_word' id='word_1_20' title='bbox 1254 720 1341 780; x_wconf 92' lang='lat' dir='ltr'><strong>lumi-</strong></span> 
     </span>
     <span class='ocr_line' id='line_1_4' title="bbox 332 808 1341 870; baseline 0.001 -1"><span class='ocrx_word' id='word_1_21' title='bbox 332 811 379 869; x_wconf 88' lang='lat' dir='ltr'><strong>nis</strong></span> <span class='ocrx_word' id='word_1_22' title='bbox 402 840 444 850; x_wconf 89' lang='lat'>—</span> <span class='ocrx_word' id='word_1_23' title='bbox 468 826 528 867; x_wconf 90' lang='lat' dir='ltr'><strong>non</strong></span> <span class='ocrx_word' id='word_1_24' title='bbox 551 810 630 869; x_wconf 92' lang='lat' dir='ltr'><strong>enim</strong></span> <span class='ocrx_word' id='word_1_25' title='bbox 658 808 713 868; x_wconf 92' lang='lat' dir='ltr'><strong>alia</strong></span> <span class='ocrx_word' id='word_1_26' title='bbox 740 827 829 870; x_wconf 90' lang='lat' dir='ltr'><strong>causa</strong></span> <span class='ocrx_word' id='word_1_27' title='bbox 852 816 932 869; x_wconf 88' lang='lat' dir='ltr'><strong>esset</strong></span> <span class='ocrx_word' id='word_1_28' title='bbox 954 810 1058 869; x_wconf 89' lang='lat' dir='ltr'><strong>vitium</strong></span> <span class='ocrx_word' id='word_1_29' title='bbox 1082 811 1147 869; x_wconf 91' lang='lat' dir='ltr'><strong>eius</strong></span> <span class='ocrx_word' id='word_1_30' title='bbox 1170 827 1272 869; x_wconf 88' lang='lat' dir='ltr'><strong>carcre</strong></span> <span class='ocrx_word' id='word_1_31' title='bbox 1295 808 1341 870; x_wconf 93' lang='lat' dir='ltr'><strong>lu-</strong></span> 
     </span>
     <span class='ocr_line' id='line_1_5' title="bbox 332 895 1342 978; baseline 0.001 -22"><span class='ocrx_word' id='word_1_32' title='bbox 332 899 410 957; x_wconf 88' lang='lat' dir='ltr'><strong>mine</strong></span> <span class='ocrx_word' id='word_1_33' title='bbox 445 917 499 957; x_wconf 94' lang='lat'><strong>-:</strong></span> <span class='ocrx_word' id='word_1_34' title='bbox 531 899 571 957; x_wconf 90' lang='lat' dir='ltr'><strong>ita</strong></span> <span class='ocrx_word' id='word_1_35' title='bbox 599 905 717 977; x_wconf 88' lang='lat' dir='ltr'><strong>natura,</strong></span> <span class='ocrx_word' id='word_1_36' title='bbox 744 915 818 976; x_wconf 90' lang='lat' dir='ltr'><strong>quae</strong></span> <span class='ocrx_word' id='word_1_37' title='bbox 847 895 1001 958; x_wconf 79' lang='lat' dir='ltr'><strong>fruebatur</strong></span> <span class='ocrx_word' id='word_1_38' title='bbox 1028 896 1106 978; x_wconf 87' lang='lat' dir='ltr'><strong>Deo,</strong></span> <span class='ocrx_word' id='word_1_39' title='bbox 1139 900 1279 977; x_wconf 88' lang='lat' dir='ltr'><strong>optimam</strong></span> <span class='ocrx_word' id='word_1_40' title='bbox 1308 916 1342 957; x_wconf 86' lang='lat' dir='ltr'><strong>se</strong></span> 
     </span>
     <span class='ocr_line' id='line_1_6' title="bbox 296 985 1343 1065; baseline 0.001 -20"><span class='ocrx_word' id='word_1_41' title='bbox 296 987 497 1045; x_wconf 79' lang='lat' dir='ltr'><strong>sinstitutam</strong></span> <span class='ocrx_word' id='word_1_42' title='bbox 529 985 616 1045; x_wconf 90' lang='lat' dir='ltr'><strong>docet</strong></span> <span class='ocrx_word' id='word_1_43' title='bbox 647 987 736 1045; x_wconf 91' lang='lat' dir='ltr'><strong>etiam</strong></span> <span class='ocrx_word' id='word_1_44' title='bbox 763 988 827 1063; x_wconf 90' lang='lat' dir='ltr'><strong>ipso</strong></span> <span class='ocrx_word' id='word_1_45' title='bbox 860 987 944 1065; x_wconf 85' lang='lat' dir='ltr'><strong>vitio,</strong></span> <span class='ocrx_word' id='word_1_46' title='bbox 977 1003 1036 1063; x_wconf 90' lang='lat' dir='ltr'><strong>quo</strong></span> <span class='ocrx_word' id='word_1_47' title='bbox 1063 985 1131 1046; x_wconf 88' lang='lat' dir='ltr'><strong>ideo</strong></span> <span class='ocrx_word' id='word_1_48' title='bbox 1159 988 1267 1047; x_wconf 84' lang='lat' dir='ltr'><strong>misem</strong></span> <span class='ocrx_word' id='word_1_49' title='bbox 1295 996 1343 1046; x_wconf 89' lang='lat' dir='ltr'><strong>est</strong></span> 
     </span>
     <span class='ocr_line' id='line_1_7' title="bbox 332 1067 1342 1154; baseline 0.001 -20"><span class='ocrx_word' id='word_1_50' title='bbox 332 1075 400 1152; x_wconf 91' lang='lat' dir='ltr'><strong>quia</strong></span> <span class='ocrx_word' id='word_1_51' title='bbox 423 1091 483 1133; x_wconf 93' lang='lat' dir='ltr'><strong>non</strong></span> <span class='ocrx_word' id='word_1_52' title='bbox 506 1073 617 1133; x_wconf 83' lang='lat' dir='ltr'><strong>fruitur</strong></span> <span class='ocrx_word' id='word_1_53' title='bbox 634 1067 724 1154; x_wconf 85' lang='lat' dir='ltr'><strong>Deo);</strong></span> <span class='ocrx_word' id='word_1_54' title='bbox 748 1076 799 1151; x_wconf 88' lang='lat' dir='ltr'><strong>qui</strong></span> <span class='ocrx_word' id='word_1_55' title='bbox 821 1091 923 1133; x_wconf 91' lang='lat' dir='ltr'><strong>casum</strong></span> <span class='ocrx_word' id='word_1_56' title='bbox 946 1072 1118 1151; x_wconf 84' lang='lat' dir='ltr'><strong>angelorum</strong></span> <span class='ocrx_word' id='word_1_57' title='bbox 1142 1073 1342 1135; x_wconf 89' lang='lat' dir='ltr'><strong>voluntarium</strong></span> 
     </span>
     <span class='ocr_line' id='line_1_8' title="bbox 330 1160 1341 1241; baseline 0.002 -20"><span class='ocrx_word' id='word_1_58' title='bbox 330 1163 492 1222; x_wconf 88' lang='lat' dir='ltr'><strong>iustissima</strong></span> <span class='ocrx_word' id='word_1_59' title='bbox 518 1180 613 1240; x_wconf 92' lang='lat' dir='ltr'><strong>poena</strong></span> <span class='ocrx_word' id='word_1_60' title='bbox 641 1164 838 1241; x_wconf 78' lang='lat' dir='ltr'><strong>sempiternae</strong></span> <span class='ocrx_word' id='word_1_61' title='bbox 861 1162 1041 1222; x_wconf 82' lang='lat' dir='ltr'><strong>infelicitatis</strong></span> <span class='ocrx_word' id='word_1_62' title='bbox 1064 1160 1223 1223; x_wconf 84' lang='lat' dir='ltr'><strong>obstrinxit</strong></span> <span class='ocrx_word' id='word_1_63' title='bbox 1250 1172 1341 1241; x_wconf 89' lang='lat' dir='ltr'><strong>atque</strong></span> 
     </span>
     <span class='ocr_line' id='line_1_9' title="bbox 330 1248 1341 1331; baseline 0.001 -22"><span class='ocrx_word' id='word_1_64' title='bbox 330 1251 362 1310; x_wconf 91' lang='lat' dir='ltr'><strong>in</strong></span> <span class='ocrx_word' id='word_1_65' title='bbox 386 1267 420 1309; x_wconf 89' lang='lat' dir='ltr'><strong>eo</strong></span> <span class='ocrx_word' id='word_1_66' title='bbox 440 1248 652 1310; x_wconf 89' lang='lat' dir='ltr'><strong>summobono</strong></span> <span class='ocrx_word' id='word_1_67' title='bbox 675 1249 918 1328; x_wconf 90' lang='lat' dir='ltr'><strong>permanentibus</strong></span> <span class='ocrx_word' id='word_1_68' title='bbox 942 1252 1059 1331; x_wconf 88' lang='lat' dir='ltr'><strong>ceteris,</strong></span> <span class='ocrx_word' id='word_1_69' title='bbox 1082 1260 1115 1311; x_wconf 91' lang='lat' dir='ltr'><strong>ut</strong></span> <span class='ocrx_word' id='word_1_70' title='bbox 1138 1250 1175 1310; x_wconf 89' lang='lat' dir='ltr'><strong>de</strong></span> <span class='ocrx_word' id='word_1_71' title='bbox 1198 1269 1251 1311; x_wconf 93' lang='lat' dir='ltr'><strong>sua</strong></span> <span class='ocrx_word' id='word_1_72' title='bbox 1274 1254 1341 1311; x_wconf 88' lang='lat' dir='ltr'><strong>sine</strong></span> 
     </span>
     <span class='ocr_line' id='line_1_10' title="bbox 330 1339 1342 1417; baseline 0.002 -20"><span class='ocrx_word' id='word_1_73' title='bbox 330 1339 389 1399; x_wconf 88' lang='lat' dir='ltr'><strong>fine</strong></span> <span class='ocrx_word' id='word_1_74' title='bbox 411 1340 618 1417; x_wconf 88' lang='lat' dir='ltr'><strong>permansione</strong></span> <span class='ocrx_word' id='word_1_75' title='bbox 648 1341 723 1398; x_wconf 91' lang='lat' dir='ltr'><strong>certi</strong></span> <span class='ocrx_word' id='word_1_76' title='bbox 745 1346 859 1417; x_wconf 81' lang='lat' dir='ltr'><strong>essent,</strong></span> <span class='ocrx_word' id='word_1_77' title='bbox 886 1348 1036 1417; x_wconf 90' lang='lat' dir='ltr'><strong>tamquam</strong></span> <span class='ocrx_word' id='word_1_78' title='bbox 1058 1340 1152 1417; x_wconf 88' lang='lat' dir='ltr'><strong>ipsius</strong></span> <span class='ocrx_word' id='word_1_79' title='bbox 1175 1341 1342 1417; x_wconf 90' lang='lat' dir='ltr'><strong>praemium</strong></span> 
     </span>
     <span class='ocr_line' id='line_1_11' title="bbox 279 1425 1341 1506; baseline 0.003 -21"><span class='ocrx_word' id='word_1_80' title='bbox 279 1438 311 1487; x_wconf 93' lang='lat'><strong>10</strong></span> <span class='ocrx_word' id='word_1_81' title='bbox 329 1428 546 1505; x_wconf 88' lang='lat' dir='ltr'><strong>permansionis</strong></span> <span class='ocrx_word' id='word_1_82' title='bbox 564 1425 658 1506; x_wconf 89' lang='lat' dir='ltr'><strong>dedit;</strong></span> <span class='ocrx_word' id='word_1_83' title='bbox 677 1428 728 1504; x_wconf 94' lang='lat' dir='ltr'><strong>qui</strong></span> <span class='ocrx_word' id='word_1_84' title='bbox 746 1427 818 1487; x_wconf 90' lang='lat' dir='ltr'><strong>fecit</strong></span> <span class='ocrx_word' id='word_1_85' title='bbox 831 1426 981 1486; x_wconf 90' lang='lat' dir='ltr'><strong>hominem</strong></span> <span class='ocrx_word' id='word_1_86' title='bbox 999 1428 1087 1487; x_wconf 91' lang='lat' dir='ltr'><strong>ctiam</strong></span> <span class='ocrx_word' id='word_1_87' title='bbox 1105 1428 1204 1506; x_wconf 89' lang='lat' dir='ltr'><strong>ipsum</strong></span> <span class='ocrx_word' id='word_1_88' title='bbox 1222 1437 1341 1488; x_wconf 89' lang='lat' dir='ltr'><strong>rectum</strong></span> 
     </span>
     <span class='ocr_line' id='line_1_12' title="bbox 330 1513 1341 1596; baseline 0.001 -21"><span class='ocrx_word' id='word_1_89' title='bbox 330 1532 399 1576; x_wconf 91' lang='lat' dir='ltr'><strong>cum</strong></span> <span class='ocrx_word' id='word_1_90' title='bbox 421 1513 527 1575; x_wconf 89' lang='lat' dir='ltr'><strong>eodem</strong></span> <span class='ocrx_word' id='word_1_91' title='bbox 548 1513 641 1574; x_wconf 90' lang='lat' dir='ltr'><strong>libero</strong></span> <span class='ocrx_word' id='word_1_92' title='bbox 664 1514 800 1595; x_wconf 88' lang='lat' dir='ltr'><strong>arbitrio,</strong></span> <span class='ocrx_word' id='word_1_93' title='bbox 824 1525 976 1576; x_wconf 88' lang='lat' dir='ltr'><strong>terrenum</strong></span> <span class='ocrx_word' id='word_1_94' title='bbox 1000 1515 1119 1593; x_wconf 90' lang='lat' dir='ltr'><strong>quidem</strong></span> <span class='ocrx_word' id='word_1_95' title='bbox 1142 1514 1263 1596; x_wconf 88' lang='lat' dir='ltr'><strong>animal,</strong></span> <span class='ocrx_word' id='word_1_96' title='bbox 1287 1515 1341 1577; x_wconf 91' lang='lat' dir='ltr'><strong>sed</strong></span> 
     </span>
     <span class='ocr_line' id='line_1_13' title="bbox 330 1601 1340 1685; baseline 0.001 -22"><span class='ocrx_word' id='word_1_97' title='bbox 330 1601 411 1663; x_wconf 89' lang='lat' dir='ltr'><strong>caelo</strong></span> <span class='ocrx_word' id='word_1_98' title='bbox 435 1602 564 1681; x_wconf 84' lang='lat' dir='ltr'><strong>dignum,</strong></span> <span class='ocrx_word' id='word_1_99' title='bbox 587 1604 613 1662; x_wconf 91' lang='lat' dir='ltr'><strong>si</strong></span> <span class='ocrx_word' id='word_1_100' title='bbox 636 1620 690 1662; x_wconf 91' lang='lat' dir='ltr'><strong>suo</strong></span> <span class='ocrx_word' id='word_1_101' title='bbox 710 1602 883 1663; x_wconf 80' lang='lat' dir='ltr'><strong>cohaereret</strong></span> <span class='ocrx_word' id='word_1_102' title='bbox 905 1605 1028 1683; x_wconf 87' lang='lat' dir='ltr'><strong>auctori,</strong></span> <span class='ocrx_word' id='word_1_103' title='bbox 1051 1605 1169 1663; x_wconf 89' lang='lat' dir='ltr'><strong>miseria</strong></span> <span class='ocrx_word' id='word_1_104' title='bbox 1193 1603 1340 1685; x_wconf 88' lang='lat' dir='ltr'><strong>similiter,</strong></span> 
     </span>
     <span class='ocr_line' id='line_1_14' title="bbox 329 1689 1342 1770; baseline 0.002 -20"><span class='ocrx_word' id='word_1_105' title='bbox 329 1692 356 1751; x_wconf 90' lang='lat' dir='ltr'><strong>si</strong></span> <span class='ocrx_word' id='word_1_106' title='bbox 388 1707 456 1751; x_wconf 88' lang='lat' dir='ltr'><strong>eum</strong></span> <span class='ocrx_word' id='word_1_107' title='bbox 484 1689 649 1770; x_wconf 90' lang='lat' dir='ltr'><strong>desereret,</strong></span> <span class='ocrx_word' id='word_1_108' title='bbox 665 1696 834 1770; x_wconf 81' lang='lat' dir='ltr'><strong>secutura,</strong></span> <span class='ocrx_word' id='word_1_109' title='bbox 866 1690 960 1769; x_wconf 90' lang='lat' dir='ltr'><strong>qualis</strong></span> <span class='ocrx_word' id='word_1_110' title='bbox 988 1699 1110 1751; x_wconf 85' lang='lat' dir='ltr'><strong>naturae</strong></span> <span class='ocrx_word' id='word_1_111' title='bbox 1140 1691 1229 1752; x_wconf 93' lang='lat' dir='ltr'><strong>buius</strong></span> <span class='ocrx_word' id='word_1_112' title='bbox 1259 1691 1342 1753; x_wconf 91' lang='lat' dir='ltr'><strong>modi</strong></span> 
     </span>
     <span class='ocr_line' id='line_1_15' title="bbox 330 1771 1341 1859; baseline 0.002 -21"><span class='ocrx_word' id='word_1_113' title='bbox 330 1780 502 1838; x_wconf 89' lang='lat' dir='ltr'><strong>conveniret</strong></span> <span class='ocrx_word' id='word_1_114' title='bbox 524 1771 628 1857; x_wconf 89' lang='lat' dir='ltr'><strong>(quem</strong></span> <span class='ocrx_word' id='word_1_115' title='bbox 657 1779 792 1840; x_wconf 91' lang='lat' dir='ltr'><strong>similiter</strong></span> <span class='ocrx_word' id='word_1_116' title='bbox 819 1798 887 1839; x_wconf 91' lang='lat' dir='ltr'><strong>cum</strong></span> <span class='ocrx_word' id='word_1_117' title='bbox 915 1782 1165 1857; x_wconf 88' lang='lat' dir='ltr'><strong>praevaricatione</strong></span> <span class='ocrx_word' id='word_1_118' title='bbox 1188 1779 1261 1859; x_wconf 84' lang='lat' dir='ltr'><strong>legis</strong></span> <span class='ocrx_word' id='word_1_119' title='bbox 1286 1779 1341 1840; x_wconf 88' lang='lat' dir='ltr'><strong>Dei</strong></span> 
     </span>
     <span class='ocr_line' id='line_1_16' title="bbox 278 1864 1340 1949; baseline 0.003 -23"><span class='ocrx_word' id='word_1_120' title='bbox 278 1877 311 1926; x_wconf 80' lang='lat'><strong>15</strong></span> <span class='ocrx_word' id='word_1_121' title='bbox 329 1883 384 1945; x_wconf 87' lang='lat' dir='ltr'><strong>per</strong></span> <span class='ocrx_word' id='word_1_122' title='bbox 407 1864 460 1925; x_wconf 86' lang='lat' dir='ltr'><strong>Dei</strong></span> <span class='ocrx_word' id='word_1_123' title='bbox 483 1866 682 1926; x_wconf 88' lang='lat' dir='ltr'><strong>desertionem</strong></span> <span class='ocrx_word' id='word_1_124' title='bbox 704 1875 896 1945; x_wconf 90' lang='lat' dir='ltr'><strong>peccaturum</strong></span> <span class='ocrx_word' id='word_1_125' title='bbox 924 1884 990 1927; x_wconf 90' lang='lat' dir='ltr'><strong>esse</strong></span> <span class='ocrx_word' id='word_1_126' title='bbox 1013 1870 1189 1949; x_wconf 84' lang='lat' dir='ltr'><strong>praesciret,</strong></span> <span class='ocrx_word' id='word_1_127' title='bbox 1218 1886 1273 1929; x_wconf 90' lang='lat' dir='ltr'><strong>nec</strong></span> <span class='ocrx_word' id='word_1_128' title='bbox 1297 1868 1340 1929; x_wconf 92' lang='lat' dir='ltr'><strong>illi</strong></span> 
     </span>
     <span class='ocr_line' id='line_1_17' title="bbox 330 1952 1339 2036; baseline 0.004 -23"><span class='ocrx_word' id='word_1_129' title='bbox 330 1954 439 2013; x_wconf 92' lang='lat' dir='ltr'><strong>ademit</strong></span> <span class='ocrx_word' id='word_1_130' title='bbox 460 1952 547 2013; x_wconf 89' lang='lat' dir='ltr'><strong>liberi</strong></span> <span class='ocrx_word' id='word_1_131' title='bbox 569 1953 684 2015; x_wconf 84' lang='lat' dir='ltr'><strong>arbitrii</strong></span> <span class='ocrx_word' id='word_1_132' title='bbox 712 1963 905 2036; x_wconf 87' lang='lat' dir='ltr'><strong>potestatem,</strong></span> <span class='ocrx_word' id='word_1_133' title='bbox 936 1954 1022 2016; x_wconf 91' lang='lat' dir='ltr'><strong>simul</strong></span> <span class='ocrx_word' id='word_1_134' title='bbox 1044 1956 1236 2036; x_wconf 89' lang='lat' dir='ltr'><strong>praevidens,</strong></span> <span class='ocrx_word' id='word_1_135' title='bbox 1266 1957 1339 2035; x_wconf 92' lang='lat' dir='ltr'><strong>quid</strong></span> 
     </span>
     <span class='ocr_line' id='line_1_18' title="bbox 329 2036 1340 2125; baseline 0.005 -24"><span class='ocrx_word' id='word_1_136' title='bbox 329 2041 400 2102; x_wconf 90' lang='lat' dir='ltr'><strong>boni</strong></span> <span class='ocrx_word' id='word_1_137' title='bbox 427 2041 463 2101; x_wconf 90' lang='lat' dir='ltr'><strong>de</strong></span> <span class='ocrx_word' id='word_1_138' title='bbox 491 2042 567 2101; x_wconf 92' lang='lat' dir='ltr'><strong>malo</strong></span> <span class='ocrx_word' id='word_1_139' title='bbox 596 2046 660 2103; x_wconf 92' lang='lat' dir='ltr'><strong>eius</strong></span> <span class='ocrx_word' id='word_1_140' title='bbox 688 2050 767 2102; x_wconf 89' lang='lat' dir='ltr'><strong>esset</strong></span> <span class='ocrx_word' id='word_1_141' title='bbox 793 2045 857 2121; x_wconf 90' lang='lat' dir='ltr'><strong>ipse</strong></span> <span class='ocrx_word' id='word_1_142' title='bbox 886 2036 1049 2125; x_wconf 87' lang='lat' dir='ltr'><strong>facturus);</strong></span> <span class='ocrx_word' id='word_1_143' title='bbox 1077 2046 1128 2123; x_wconf 89' lang='lat' dir='ltr'><strong>qui</strong></span> <span class='ocrx_word' id='word_1_144' title='bbox 1156 2044 1192 2104; x_wconf 93' lang='lat' dir='ltr'><strong>de</strong></span> <span class='ocrx_word' id='word_1_145' title='bbox 1220 2044 1340 2106; x_wconf 91' lang='lat' dir='ltr'><strong>mortali</strong></span> 
     </span>
     <span class='ocr_line' id='line_1_19' title="bbox 328 2131 1340 2211; baseline 0.005 -23"><span class='ocrx_word' id='word_1_146' title='bbox 328 2132 471 2209; x_wconf 84' lang='lat' dir='ltr'><strong>progenie</strong></span> <span class='ocrx_word' id='word_1_147' title='bbox 494 2133 601 2191; x_wconf 89' lang='lat' dir='ltr'><strong>merito</strong></span> <span class='ocrx_word' id='word_1_148' title='bbox 623 2132 761 2209; x_wconf 89' lang='lat' dir='ltr'><strong>iusteque</strong></span> <span class='ocrx_word' id='word_1_149' title='bbox 784 2131 919 2191; x_wconf 91' lang='lat' dir='ltr'><strong>damnata</strong></span> <span class='ocrx_word' id='word_1_150' title='bbox 942 2140 1056 2192; x_wconf 90' lang='lat' dir='ltr'><strong>tantum</strong></span> <span class='ocrx_word' id='word_1_151' title='bbox 1079 2132 1221 2211; x_wconf 93' lang='lat' dir='ltr'><strong>populum</strong></span> <span class='ocrx_word' id='word_1_152' title='bbox 1244 2135 1340 2211; x_wconf 87' lang='lat' dir='ltr'><strong>gratia</strong></span> 
     </span>
    </p>
   </div>
   <div class='ocr_carea' id='block_1_3' title="bbox 277 2217 1339 2561">
    <p class='ocr_par' dir='ltr' id='par_1_3' title="bbox 330 2217 1339 2301">
     <span class='ocr_line' id='line_1_20' title="bbox 330 2217 1339 2301; baseline 0.004 -23"><span class='ocrx_word' id='word_1_153' title='bbox 330 2236 383 2279; x_wconf 95' lang='lat' dir='ltr'><strong>sua</strong></span> <span class='ocrx_word' id='word_1_154' title='bbox 411 2218 536 2299; x_wconf 84' lang='lat' dir='ltr'><strong>colligit,</strong></span> <span class='ocrx_word' id='word_1_155' title='bbox 566 2226 600 2280; x_wconf 95' lang='lat' dir='ltr'><strong>ut</strong></span> <span class='ocrx_word' id='word_1_156' title='bbox 625 2217 694 2279; x_wconf 90' lang='lat' dir='ltr'><strong>inde</strong></span> <span class='ocrx_word' id='word_1_157' title='bbox 722 2219 857 2297; x_wconf 92' lang='lat' dir='ltr'><strong>suppleat</strong></span> <span class='ocrx_word' id='word_1_158' title='bbox 879 2229 910 2280; x_wconf 92' lang='grc'><strong>11</strong></span> <span class='ocrx_word' id='word_1_159' title='bbox 932 2222 1079 2280; x_wconf 89' lang='lat' dir='ltr'><strong>instauret</strong></span> <span class='ocrx_word' id='word_1_160' title='bbox 1100 2229 1231 2301; x_wconf 90' lang='lat' dir='ltr'><strong>partem,</strong></span> <span class='ocrx_word' id='word_1_161' title='bbox 1261 2240 1339 2299; x_wconf 86' lang='lat' dir='ltr'><strong>quae</strong></span> 
     </span>
    </p>

    <p class='ocr_par' dir='ltr' id='par_1_4' title="bbox 277 2305 1339 2561">
     <span class='ocr_line' id='line_1_21' title="bbox 277 2305 1339 2388; baseline 0.004 -22"><span class='ocrx_word' id='word_1_162' title='bbox 277 2319 311 2368; x_wconf 81' lang='lat'><strong>20</strong></span> <span class='ocrx_word' id='word_1_163' title='bbox 329 2305 410 2385; x_wconf 86' lang='lat' dir='ltr'><strong>lapsa</strong></span> <span class='ocrx_word' id='word_1_164' title='bbox 433 2316 480 2368; x_wconf 92' lang='lat' dir='ltr'><strong>est</strong></span> <span class='ocrx_word' id='word_1_165' title='bbox 502 2306 682 2388; x_wconf 84' lang='lat' dir='ltr'><strong>angelorum,</strong></span> <span class='ocrx_word' id='word_1_166' title='bbox 705 2324 739 2366; x_wconf 92' lang='lat' dir='ltr'><strong>ac</strong></span> <span class='ocrx_word' id='word_1_167' title='bbox 763 2309 805 2367; x_wconf 89' lang='lat' dir='ltr'><strong>sio</strong></span> <span class='ocrx_word' id='word_1_168' title='bbox 828 2306 877 2366; x_wconf 96' lang='lat' dir='ltr'><strong>illa</strong></span> <span class='ocrx_word' id='word_1_169' title='bbox 900 2306 1006 2367; x_wconf 91' lang='lat' dir='ltr'><strong>dilecta</strong></span> <span class='ocrx_word' id='word_1_170' title='bbox 1029 2314 1060 2367; x_wconf 90' lang='lat' dir='ltr'><strong>et</strong></span> <span class='ocrx_word' id='word_1_171' title='bbox 1083 2326 1212 2387; x_wconf 87' lang='lat' dir='ltr'><strong>superna</strong></span> <span class='ocrx_word' id='word_1_172' title='bbox 1235 2311 1339 2370; x_wconf 90' lang='lat' dir='ltr'><strong>civitas</strong></span> 
     </span>
     <span class='ocr_line' id='line_1_22' title="bbox 328 2396 1338 2477; baseline 0.002 -22"><span class='ocrx_word' id='word_1_173' title='bbox 328 2413 388 2455; x_wconf 91' lang='lat' dir='ltr'><strong>non</strong></span> <span class='ocrx_word' id='word_1_174' title='bbox 419 2396 572 2456; x_wconf 89' lang='lat' dir='ltr'><strong>fraudetur</strong></span> <span class='ocrx_word' id='word_1_175' title='bbox 601 2412 724 2455; x_wconf 90' lang='lat' dir='ltr'><strong>suorum</strong></span> <span class='ocrx_word' id='word_1_176' title='bbox 752 2412 877 2454; x_wconf 86' lang='lat' dir='ltr'><strong>numero</strong></span> <span class='ocrx_word' id='word_1_177' title='bbox 907 2397 1029 2477; x_wconf 86' lang='lat' dir='ltr'><strong>civium,</strong></span> <span class='ocrx_word' id='word_1_178' title='bbox 1059 2398 1131 2473; x_wconf 91' lang='lat' dir='ltr'><strong>quin</strong></span> <span class='ocrx_word' id='word_1_179' title='bbox 1160 2398 1249 2457; x_wconf 88' lang='lat' dir='ltr'><strong>etiam</strong></span> <span class='ocrx_word' id='word_1_180' title='bbox 1278 2398 1338 2457; x_wconf 91' lang='lat' dir='ltr'><strong>for·</strong></span> 
     </span>
     <span class='ocr_line' id='line_1_23' title="bbox 329 2481 786 2561; baseline -0.007 -17"><span class='ocrx_word' id='word_1_181' title='bbox 329 2485 416 2544; x_wconf 92' lang='lat' dir='ltr'><strong>tassis</strong></span> <span class='ocrx_word' id='word_1_182' title='bbox 438 2491 470 2544; x_wconf 89' lang='lat' dir='ltr'><strong>et</strong></span> <span class='ocrx_word' id='word_1_183' title='bbox 491 2481 630 2561; x_wconf 82' lang='lat' dir='ltr'><strong>uberiore</strong></span> <span class='ocrx_word' id='word_1_184' title='bbox 653 2482 786 2543; x_wconf 89' lang='lat' dir='ltr'><strong>laetetur.</strong></span> 
     </span>
    </p>
   </div>
   <div class='ocr_carea' id='block_1_4' title="bbox 446 2688 1217 2882">
    <p class='ocr_par' dir='ltr' id='par_1_5' title="bbox 446 2688 1217 2882">
     <span class='ocr_line' id='line_1_24' title="bbox 739 2688 916 2755; baseline -0.023 0"><span class='ocrx_word' id='word_1_185' title='bbox 739 2689 858 2755; x_wconf 73' lang='lat' dir='ltr'><strong>Carus</strong></span> <span class='ocrx_word' id='word_1_186' title='bbox 876 2688 916 2755; x_wconf 93' lang='lat' dir='ltr'><strong>II.</strong></span> 
     </span>
     <span class='ocr_line' id='line_1_25' title="bbox 446 2816 1217 2882; baseline 0.006 -5"><span class='ocrx_word' id='word_1_187' title='bbox 446 2816 492 2877; x_wconf 86' lang='lat' dir='ltr'><strong>De</strong></span> <span class='ocrx_word' id='word_1_188' title='bbox 515 2824 642 2878; x_wconf 84' lang='lat' dir='ltr'><strong>aeterna</strong></span> <span class='ocrx_word' id='word_1_189' title='bbox 665 2820 725 2878; x_wconf 82' lang='lat' dir='ltr'><strong>Dei</strong></span> <span class='ocrx_word' id='word_1_190' title='bbox 746 2826 777 2878; x_wconf 86' lang='lat' dir='ltr'><strong>et</strong></span> <span class='ocrx_word' id='word_1_191' title='bbox 797 2820 1036 2879; x_wconf 82' lang='lat' dir='ltr'><strong>incommutabili</strong></span> <span class='ocrx_word' id='word_1_192' title='bbox 1056 2823 1217 2882; x_wconf 82' lang='lat' dir='ltr'><strong>volontate.</strong></span> 
     </span>
    </p>
   </div>
   <div class='ocr_carea' id='block_1_5' title="bbox 275 2939 1340 3635">
    <p class='ocr_par' dir='ltr' id='par_1_6' title="bbox 276 2939 1340 3374">
     <span class='ocr_line' id='line_1_26' title="bbox 276 2939 1340 3018; baseline 0.006 -19"><span class='ocrx_word' id='word_1_193' title='bbox 276 2951 309 2999; x_wconf 83' lang='lat'><strong>25</strong></span> <span class='ocrx_word' id='word_1_194' title='bbox 417 2940 508 3001; x_wconf 87' lang='lat' dir='ltr'><strong>Multa</strong></span> <span class='ocrx_word' id='word_1_195' title='bbox 530 2942 610 3000; x_wconf 90' lang='lat' dir='ltr'><strong>enim</strong></span> <span class='ocrx_word' id='word_1_196' title='bbox 632 2941 707 3001; x_wconf 90' lang='lat' dir='ltr'><strong>fiunt</strong></span> <span class='ocrx_word' id='word_1_197' title='bbox 734 2941 853 3018; x_wconf 89' lang='lat' dir='ltr'><strong>quidem</strong></span> <span class='ocrx_word' id='word_1_198' title='bbox 881 2959 896 3001; x_wconf 94' lang='lat' dir='ltr'><strong>a</strong></span> <span class='ocrx_word' id='word_1_199' title='bbox 924 2939 1008 3001; x_wconf 92' lang='lat' dir='ltr'><strong>malis</strong></span> <span class='ocrx_word' id='word_1_200' title='bbox 1031 2950 1134 3001; x_wconf 91' lang='lat' dir='ltr'><strong>contra</strong></span> <span class='ocrx_word' id='word_1_201' title='bbox 1156 2942 1340 3005; x_wconf 89' lang='lat' dir='ltr'><strong>voluntatem</strong></span> 
     </span>
     <span class='ocr_line' id='line_1_27' title="bbox 329 3026 1340 3112; baseline 0.006 -25"><span class='ocrx_word' id='word_1_202' title='bbox 329 3026 396 3107; x_wconf 82' lang='lat' dir='ltr'><strong>Dei3</strong></span> <span class='ocrx_word' id='word_1_203' title='bbox 425 3028 477 3087; x_wconf 89' lang='lat' dir='ltr'><strong>sed</strong></span> <span class='ocrx_word' id='word_1_204' title='bbox 505 3036 602 3087; x_wconf 91' lang='lat' dir='ltr'><strong>tantae</strong></span> <span class='ocrx_word' id='word_1_205' title='bbox 630 3037 677 3088; x_wconf 96' lang='grc'><strong>111</strong></span> <span class='ocrx_word' id='word_1_206' title='bbox 705 3028 754 3089; x_wconf 90' lang='lat' dir='ltr'><strong>ille</strong></span> <span class='ocrx_word' id='word_1_207' title='bbox 777 3031 937 3107; x_wconf 86' lang='lat' dir='ltr'><strong>sapientiae</strong></span> <span class='ocrx_word' id='word_1_208' title='bbox 961 3037 1118 3108; x_wconf 89' lang='lat' dir='ltr'><strong>tantaeque</strong></span> <span class='ocrx_word' id='word_1_209' title='bbox 1141 3032 1273 3112; x_wconf 86' lang='lat' dir='ltr'><strong>virtutis,</strong></span> <span class='ocrx_word' id='word_1_210' title='bbox 1304 3042 1340 3093; x_wconf 90' lang='lat' dir='ltr'><strong>ut</strong></span> 
     </span>
     <span class='ocr_line' id='line_1_28' title="bbox 328 3116 1337 3198; baseline 0.005 -22"><span class='ocrx_word' id='word_1_211' title='bbox 328 3118 359 3176; x_wconf 94' lang='lat' dir='ltr'><strong>in</strong></span> <span class='ocrx_word' id='word_1_212' title='bbox 385 3134 436 3176; x_wconf 89' lang='lat' dir='ltr'><strong>eos</strong></span> <span class='ocrx_word' id='word_1_213' title='bbox 459 3118 555 3175; x_wconf 83' lang='lat' dir='ltr'><strong>exitus</strong></span> <span class='ocrx_word' id='word_1_214' title='bbox 579 3118 640 3176; x_wconf 90' lang='lat' dir='ltr'><strong>sive</strong></span> <span class='ocrx_word' id='word_1_215' title='bbox 662 3117 750 3197; x_wconf 85' lang='lat' dir='ltr'><strong>lines,</strong></span> <span class='ocrx_word' id='word_1_216' title='bbox 780 3134 855 3194; x_wconf 92' lang='lat' dir='ltr'><strong>quos</strong></span> <span class='ocrx_word' id='word_1_217' title='bbox 878 3116 971 3176; x_wconf 88' lang='lat' dir='ltr'><strong>bonos</strong></span> <span class='ocrx_word' id='word_1_218' title='bbox 994 3125 1025 3177; x_wconf 93' lang='lat' dir='ltr'><strong>et</strong></span> <span class='ocrx_word' id='word_1_219' title='bbox 1047 3119 1142 3177; x_wconf 90' lang='lat' dir='ltr'><strong>iustos</strong></span> <span class='ocrx_word' id='word_1_220' title='bbox 1164 3120 1228 3197; x_wconf 86' lang='lat' dir='ltr'><strong>ipse</strong></span> <span class='ocrx_word' id='word_1_221' title='bbox 1250 3138 1337 3198; x_wconf 93' lang='lat' dir='ltr'><strong>prae·</strong></span> 
     </span>
     <span class='ocr_line' id='line_1_29' title="bbox 329 3204 1338 3284; baseline 0.005 -19"><span class='ocrx_word' id='word_1_222' title='bbox 329 3206 423 3279; x_wconf 88' lang='lat' dir='ltr'><strong>scivit,</strong></span> <span class='ocrx_word' id='word_1_223' title='bbox 446 3204 566 3264; x_wconf 88' lang='lat' dir='ltr'><strong>tendant</strong></span> <span class='ocrx_word' id='word_1_224' title='bbox 586 3206 692 3284; x_wconf 80' lang='lat' dir='ltr'><strong>omnia,</strong></span> <span class='ocrx_word' id='word_1_225' title='bbox 711 3222 785 3283; x_wconf 88' lang='lat' dir='ltr'><strong>quae</strong></span> <span class='ocrx_word' id='word_1_226' title='bbox 804 3204 947 3265; x_wconf 83' lang='lat' dir='ltr'><strong>voluntati</strong></span> <span class='ocrx_word' id='word_1_227' title='bbox 965 3207 1030 3265; x_wconf 89' lang='lat' dir='ltr'><strong>eius</strong></span> <span class='ocrx_word' id='word_1_228' title='bbox 1048 3205 1187 3267; x_wconf 81' lang='lat' dir='ltr'><strong>ridentur</strong></span> <span class='ocrx_word' id='word_1_229' title='bbox 1205 3206 1338 3270; x_wconf 89' lang='lat' dir='ltr'><strong>adversa.</strong></span> 
     </span>
     <span class='ocr_line' id='line_1_30' title="bbox 328 3292 1338 3374; baseline 0.006 -23"><span class='ocrx_word' id='word_1_230' title='bbox 328 3293 371 3351; x_wconf 77' lang='lat' dir='ltr'><strong>Ac</strong></span> <span class='ocrx_word' id='word_1_231' title='bbox 394 3311 448 3372; x_wconf 87' lang='lat' dir='ltr'><strong>per</strong></span> <span class='ocrx_word' id='word_1_232' title='bbox 471 3292 527 3351; x_wconf 89' lang='lat' dir='ltr'><strong>boc</strong></span> <span class='ocrx_word' id='word_1_233' title='bbox 546 3311 614 3353; x_wconf 93' lang='lat' dir='ltr'><strong>cum</strong></span> <span class='ocrx_word' id='word_1_234' title='bbox 633 3293 711 3353; x_wconf 89' lang='lat' dir='ltr'><strong>Deus</strong></span> <span class='ocrx_word' id='word_1_235' title='bbox 734 3301 849 3353; x_wconf 90' lang='lat' dir='ltr'><strong>mutare</strong></span> <span class='ocrx_word' id='word_1_236' title='bbox 872 3292 981 3353; x_wconf 91' lang='lat' dir='ltr'><strong>dicitur</strong></span> <span class='ocrx_word' id='word_1_237' title='bbox 1004 3292 1193 3370; x_wconf 84' lang='lat' dir='ltr'><strong>voluntatem,</strong></span> <span class='ocrx_word' id='word_1_238' title='bbox 1216 3304 1250 3355; x_wconf 92' lang='lat' dir='ltr'><strong>ut</strong></span> <span class='ocrx_word' id='word_1_239' title='bbox 1273 3300 1338 3374; x_wconf 92' lang='lat' dir='ltr'><strong>qui·</strong></span> 
     </span>
    </p>

    <p class='ocr_par' dir='ltr' id='par_1_7' title="bbox 275 3379 1339 3635">
     <span class='ocr_line' id='line_1_31' title="bbox 275 3379 1339 3463; baseline 0.004 -22"><span class='ocrx_word' id='word_1_240' title='bbox 275 3392 310 3442; x_wconf 83' lang='lat'><strong>30</strong></span> <span class='ocrx_word' id='word_1_241' title='bbox 328 3379 385 3441; x_wconf 91' lang='lat' dir='ltr'><strong>bus</strong></span> <span class='ocrx_word' id='word_1_242' title='bbox 414 3380 490 3441; x_wconf 91' lang='lat' dir='ltr'><strong>lenis</strong></span> <span class='ocrx_word' id='word_1_243' title='bbox 521 3390 583 3441; x_wconf 90' lang='lat' dir='ltr'><strong>erat</strong></span> <span class='ocrx_word' id='word_1_244' title='bbox 618 3379 700 3440; x_wconf 85' lang='lat' dir='ltr'><strong>verbi</strong></span> <span class='ocrx_word' id='word_1_245' title='bbox 729 3382 821 3459; x_wconf 84' lang='lat' dir='ltr'><strong>gratia</strong></span> <span class='ocrx_word' id='word_1_246' title='bbox 852 3380 992 3441; x_wconf 88' lang='lat' dir='ltr'><strong>reddatur</strong></span> <span class='ocrx_word' id='word_1_247' title='bbox 1022 3383 1131 3463; x_wconf 85' lang='lat' dir='ltr'><strong>iratus,</strong></span> <span class='ocrx_word' id='word_1_248' title='bbox 1165 3382 1207 3442; x_wconf 91' lang='lat' dir='ltr'><strong>illi</strong></span> <span class='ocrx_word' id='word_1_249' title='bbox 1235 3388 1339 3462; x_wconf 92' lang='lat' dir='ltr'><strong>potius</strong></span> 
     </span>
     <span class='ocr_line' id='line_1_32' title="bbox 329 3468 1339 3548; baseline 0.005 -20"><span class='ocrx_word' id='word_1_250' title='bbox 329 3488 417 3547; x_wconf 87' lang='lat' dir='ltr'><strong>quam</strong></span> <span class='ocrx_word' id='word_1_251' title='bbox 444 3471 507 3548; x_wconf 91' lang='lat' dir='ltr'><strong>ipse</strong></span> <span class='ocrx_word' id='word_1_252' title='bbox 536 3477 688 3530; x_wconf 74' lang='lat' dir='ltr'><strong>minantur</strong></span> <span class='ocrx_word' id='word_1_253' title='bbox 717 3477 747 3528; x_wconf 92' lang='lat' dir='ltr'><strong>et</strong></span> <span class='ocrx_word' id='word_1_254' title='bbox 775 3486 843 3528; x_wconf 92' lang='lat' dir='ltr'><strong>eum</strong></span> <span class='ocrx_word' id='word_1_255' title='bbox 871 3469 997 3547; x_wconf 88' lang='lat' dir='ltr'><strong>quodam</strong></span> <span class='ocrx_word' id='word_1_256' title='bbox 1026 3468 1112 3529; x_wconf 92' lang='lat' dir='ltr'><strong>modo</strong></span> <span class='ocrx_word' id='word_1_257' title='bbox 1136 3478 1281 3532; x_wconf 90' lang='lat' dir='ltr'><strong>mutatum</strong></span> <span class='ocrx_word' id='word_1_258' title='bbox 1306 3476 1339 3534; x_wconf 93' lang='lat' dir='ltr'><strong>in</strong></span> 
     </span>
     <span class='ocr_line' id='line_1_33' title="bbox 327 3556 1339 3635; baseline 0.006 -19"><span class='ocrx_word' id='word_1_259' title='bbox 327 3556 374 3616; x_wconf 94' lang='lat' dir='ltr'><strong>his</strong></span> <span class='ocrx_word' id='word_1_260' title='bbox 407 3574 482 3635; x_wconf 89' lang='lat' dir='ltr'><strong>quae</strong></span> <span class='ocrx_word' id='word_1_261' title='bbox 515 3559 668 3633; x_wconf 89' lang='lat' dir='ltr'><strong>patiuntur</strong></span> <span class='ocrx_word' id='word_1_262' title='bbox 699 3557 866 3634; x_wconf 82' lang='lat' dir='ltr'><strong>inveniunt3</strong></span> <span class='ocrx_word' id='word_1_263' title='bbox 899 3558 976 3615; x_wconf 88' lang='lat' dir='ltr'><strong>sicut</strong></span> <span class='ocrx_word' id='word_1_264' title='bbox 1005 3565 1138 3618; x_wconf 91' lang='lat' dir='ltr'><strong>mutatur</strong></span> <span class='ocrx_word' id='word_1_265' title='bbox 1168 3558 1212 3618; x_wconf 92' lang='lat' dir='ltr'><strong>sol</strong></span> <span class='ocrx_word' id='word_1_266' title='bbox 1242 3560 1339 3621; x_wconf 87' lang='lat' dir='ltr'><strong>oculis</strong></span> 
     </span>
    </p>
   </div>
   <div class='ocr_carea' id='block_1_6' title="bbox 399 3761 540 3813">
    <p class='ocr_par' dir='ltr' id='par_1_8' title="bbox 399 3761 540 3813">
     <span class='ocr_line' id='line_1_34' title="bbox 399 3761 540 3813; baseline -0.014 0"><span class='ocrx_word' id='word_1_267' title='bbox 399 3766 434 3813; x_wconf 84' lang='lat'><strong>30</strong></span> <span class='ocrx_word' id='word_1_268' title='bbox 453 3762 496 3812; x_wconf 82' lang='lat' dir='ltr'><strong>esb</strong></span> <span class='ocrx_word' id='word_1_269' title='bbox 513 3761 540 3812; x_wconf 80' lang='lat' dir='ltr'><strong><em>A</em></strong></span> 
     </span>
    </p>
   </div>
   <div class='ocr_carea' id='block_1_7' title="bbox 0 0 1646 4459">
    <p class='ocr_par' dir='ltr' id='par_1_9' title="bbox 0 0 1646 4459">
     <span class='ocr_line' id='line_1_35' title="bbox 0 0 1646 4459; baseline 0 1"><span class='ocrx_word' id='word_1_270' title='bbox 0 0 1646 4459; x_wconf 95' lang='lat' dir='ltr'><strong> </strong></span> 
     </span>
    </p>
   </div>
  </div>
 </body>
</html>
