3284 4459
547 543 587 583 nu
601 542 744 592 osvrrsnu
757 543 810 582 om
824 543 850 583 n.
864 543 951 590 xnus
965 543 988 583 o.
1000 544 1034 584 aa.
1229 527 1295 593 329

284 677 386 738 Ceteri
403 694 475 737 vero
494 678 641 738 excaecati
660 685 737 751 sunt,
761 676 921 755 dequibus
938 676 1123 755 praedictum
1141 686 1201 738 est:
1224 679 1296 737 Fiat

176 845 177 850 ἵ
284 784 390 828 menso
417 783 521 828 eorum
548 762 674 843 <coram
702 762 794 844 ipsis>
822 769 856 826 in
886 769 1026 840 taqueum
1049 774 1080 826 et
1106 768 1139 826 in
1161 767 1292 826 retribu-

175 853 177 894 :
285 858 397 918 tionem
419 861 450 915 et
471 857 658 916 scandalum.
709 854 919 916 obscurentur
941 856 1023 914 oculi
1044 871 1162 927 eorum,
1189 873 1228 916 ne
1250 857 1292 914 ni

285 943 396 1014 dedum
419 949 448 1004 et
466 945 588 1004 dorsum
608 946 727 1004 illorum
749 959 867 1019 semper
890 945 1027 1003 incurvo.
1072 941 1201 1002 Proinde
1225 961 1292 1003 oum

285 1033 444 1110 scripturis
478 1032 588 1091 nostris
618 1048 678 1090 non
708 1030 850 1109 credunt,
878 1029 1064 1109 complentur
1092 1032 1124 1090 in
1147 1033 1191 1090 eis
1214 1041 1330 1110 suaet

286 1137 360 1198 quas
380 1121 460 1200 eaeoi
479 1118 587 1198 legunt.
633 1118 697 1178 Nisi
715 1119 791 1178 iorte
815 1120 883 1196 quis
906 1118 1014 1178 dixerit
1036 1117 1100 1178 illas
1123 1119 1295 1198 prophetias

286 1201 470 1268 (ihristianos
488 1208 607 1267 tinxisse
631 1206 667 1267 de
687 1205 815 1286 Christo,
838 1223 913 1285 quae
934 1205 1058 1285 Sibyllae
1083 1207 1202 1267 nomine
1226 1225 1294 1286 pro·

285 1297 424 1356 iantntor
442 1295 488 1356 vel
507 1296 640 1375 aliorum,
664 1297 781 1374 siquae
801 1304 880 1374 sunt,
902 1313 977 1373 quae
1002 1312 1061 1354 non
1084 1297 1235 1373 pertinent
1257 1295 1295 1356 ad

285 1383 429 1464 populum
452 1383 636 1444 ludaeorum.
682 1382 773 1443 Nobis
797 1383 917 1461 quidem
940 1383 1005 1443 illae
1028 1382 1195 1464 sufiiciunt,
1219 1401 1293 1462 quao

286 1472 324 1532 de
360 1480 531 1533 nostrornm
565 1473 752 1532 inimieorum
788 1470 941 1531 codicibus
977 1471 1188 1553 proferuntur,
1219 1489 1294 1551 quos
1314 1485 1348 1534 ιο

286 1563 475 1640 agnoscimus
501 1569 624 1640 propter
651 1559 707 1620 hoo
735 1561 954 1638 testimonium,
986 1557 1066 1638 quod
1096 1558 1181 1619 nohis
1211 1562 1296 1623 iuviti

285 1648 444 1729 perhibent
473 1649 593 1710 eosdem
623 1648 740 1709 codices
770 1647 907 1707 habendo
935 1656 1023 1726 atquo
1053 1648 1211 1729 servando,
1240 1667 1296 1728 per

286 1733 390 1797 omnes
412 1746 516 1816 gentes
540 1738 628 1797 etiam
651 1738 732 1816 ipsos
755 1753 821 1796 esse
845 1735 1012 1818 dispersos,
1035 1753 1152 1815 quaqua
1176 1755 1294 1798 rersmo

286 1824 396 1888 Christi
414 1826 538 1885 eeclesia
558 1824 704 1886 dilatatur.
749 1823 823 1885 Nam
841 1824 995 1903 prophetia
1013 1825 1043 1884 io
1067 1826 1197 1907 psalmis,
1219 1843 1294 1904 quos

286 1913 389 1992 legunt
411 1915 509 1993 etiam,
532 1913 568 1973 de
593 1912 647 1973 hao
669 1929 702 1973 re
725 1915 887 1992 praemissa
911 1922 970 1993 est,
992 1911 1044 1973 uhi
1067 1915 1211 1992 seriptum
1235 1924 1293 1974 est:
1314 1923 1347 1974 tt

286 2003 369 2062 Dmts
392 2019 483 2075 meus,
506 2003 801 2080 misericordiosius
820 2004 1084 2078 praesentatum
1106 2003 1190 2063 Deos
1212 2020 1296 2063 meus

255 2139 259 2144 .
286 2093 504 2152 demonstravit
526 2092 600 2149 mihi
623 2092 653 2150 a'n
678 2092 807 2150 inimicis
830 2093 917 2162 mers,
940 2107 979 2150 ne
1001 2092 1152 2151 occideris
1175 2108 1234 2165 eos,
1256 2110 1296 2153 ne

285 2181 410 2254 quondo
437 2180 654 2239 obtiviscantur
682 2181 775 2253 lepem
803 2184 904 2248 toom;
932 2179 1074 2253 disperpe
1100 2195 1151 2239 eos
1179 2182 1211 2239 in
1233 2182 1293 2239 oir-

286 2273 351 2327 tute
378 2275 440 2327 tuo.
486 2265 702 2326 Demonstravit
729 2283 800 2343 ergo
825 2264 904 2325 Deus
931 2264 1074 2325 ecciesiae
1097 2268 1127 2325 in
1151 2269 1216 2327 eius
1239 2269 1291 2327 ini-

287 2357 372 2415 minis
395 2353 511 2414 iudaeis
533 2356 657 2433 gratiam
681 2352 899 2413 misericordiae
924 2371 1007 2433 suae,
1035 2356 1187 2435 quoniam,
1217 2357 1289 2415 siout
1312 2367 1347 2416 ao

287 2444 360 2504 dioit
382 2441 546 2522 apostolos,
574 2444 715 2504 delictum
742 2444 862 2502 illorum
883 2446 966 2502 solus
987 2444 1145 2516 aeolidum
1174 2452 1205 2503 et
1227 2443 1294 2503 ideo

287 2543 348 2591 nou
378 2549 430 2591 eos
460 2530 584 2611 oooidit,
616 2530 646 2591 id
676 2537 722 2590 est
749 2548 809 2589 non
836 2532 866 2589 in
895 2533 938 2591 eis
967 2528 1095 2609 perdidit
1122 2530 1201 2609 quod
1225 2541 1296 2592 sunt

287 2619 396 2700 iudaei,
420 2620 552 2698 quamvis
575 2636 591 2677 a
610 2617 750 2679 Romanis
773 2618 885 2680 inerint
907 2618 1015 2678 devicti
1037 2627 1068 2678 et
1089 2622 1234 2700 oppressi,
1257 2638 1294 2681 ne

288 2708 373 2768 ohiiti
395 2706 490 2786 legem
514 2705 566 2768 Dei
590 2707 625 2767 ad
650 2707 714 2786 hoo,
737 2706 772 2766 de
798 2724 856 2786 quo
880 2709 1003 2786 agimus,
1025 2708 1227 2768 testimonium
1251 2711 1293 2769 ni·

288 2796 329 2856 hii
357 2795 497 2856 valerent.
543 2794 612 2855 ideo
636 2797 740 2874 parum
764 2795 834 2868 tuit,
863 2803 896 2854 nt
919 2794 1045 2855 diceret:
1077 2796 1122 2856 Ne
1144 2800 1294 2858 occideris
1313 2807 1348 2858 aa

288 2901 354 2965 eos,
384 2902 422 2945 ne
449 2885 572 2959 quondo
600 2886 818 2944 obliviscantur
847 2887 941 2958 tepem
968 2890 1065 2957 tuom,
1093 2885 1152 2944 nisi
1173 2884 1296 2947 adderet

287 2973 388 3033 etism:
421 2973 571 3048 Disperpe
600 2987 667 3042 eoa;
703 2973 843 3050 quioniam
874 2972 900 3029 si
936 2988 1004 3031 cum
1036 2972 1094 3031 isto
1125 2974 1295 3034 testimonio

287 3062 503 3140 seripturarum
545 3061 576 3120 in
616 3077 669 3120 sua
712 3058 912 3120 tantummodo
950 3066 1046 3140 terra,
1083 3077 1141 3121 non
1184 3060 1294 3140 ubique

288 3156 398 3230 essent,
420 3149 555 3228 proiecto
578 3147 712 3227 eeclesia,
736 3165 810 3226 quae
834 3145 944 3225 ubique
968 3155 1029 3227 est,
1052 3164 1103 3208 eos
1126 3149 1293 3228 prophetia·

288 3250 363 3308 rom,
387 3255 461 3315 quae
485 3235 522 3296 de
545 3234 662 3296 Christo
686 3237 864 3314 praemissae
888 3244 967 3316 sont,
989 3244 1081 3295 testes
1103 3238 1134 3296 io
1158 3236 1294 3298 omnihus
1314 3251 1348 3301 ao

287 3324 426 3404 gentihus
450 3324 559 3384 hahere
582 3341 641 3384 non
665 3331 774 3403 posset.

357 3479 387 3545 4)
405 3476 451 3532 Pe.
470 3483 513 3546 aa,
532 3482 566 3532 oe
585 3493 624 3545 sq.
664 3479 707 3545 to)
725 3470 770 3530 Pa.
789 3481 833 3543 ns,
853 3482 883 3530 11
904 3493 943 3544 sq.
981 3481 1026 3543 m)
1045 3475 1124 3530 uam.
1145 3482 1187 3543 11,
1208 3483 1249 3533 11.

357 3688 373 3735 2
388 3697 481 3752 coram
494 3681 564 3750 ipsis
574 3698 625 3737 om.
635 3698 689 3736 mse
698 3683 813 3750 exeeptis
823 3680 904 3736 Fon
919 3683 929 3750 Ι
942 3681 998 3734 ain
1008 3681 1102 3736 seond.
1113 3681 1298 3752 FGoohpm

285 3750 315 3806 in
334 3769 384 3808 orn.
404 3752 520 3824 ΜΨ
538 3753 571 3820 ef.
591 3755 654 3819 246,
670 3758 688 3808 9
