3284 4459
311 468 377 534 5⁷2
717 479 917 521 sinuosum

310 625 442 697 caretur,
471 615 569 676 salvus
591 616 715 676 ellectus
737 622 784 676 est
811 623 842 674 et
863 613 1005 675 liberatus
1028 623 1153 693 utraque
1176 613 1323 695 molestia,

311 716 460 784 umquam
483 704 551 765 mali
579 702 652 763 nihil
673 702 828 763 habuisset
849 704 881 762 in
904 720 1042 783 corpore,
1070 703 1106 763 de
1130 703 1211 763 tonte
1235 720 1321 782 rege-

311 795 473 856 nerationis
501 791 642 853 ascendit.
688 790 762 863 Quis
788 790 846 852 hoc
872 801 991 869 praeter
1014 789 1158 852 Curubim
1186 792 1267 851 norit
1290 799 1323 851 et

311 891 430 962 praeter
453 882 622 941 rarissimos
640 879 762 959 aliquos,
785 880 837 957 qui
859 878 916 939 hoc
939 878 1118 958 ubicumque
1142 880 1244 940 audire
1268 897 1322 958 po·

278 965 459 1032 oluerunt?
503 968 564 1029 Nos
594 977 693 1029 autem
721 985 790 1029 eum
818 966 876 1027 hoc
906 970 1169 1049 comperissemus,
1197 966 1323 1029 iubente

314 1068 416 1119 sancto
440 1059 579 1137 episcopo
601 1055 721 1118 Aurelio
744 1058 832 1116 etiam
856 1062 890 1116 ut
913 1058 1027 1117 veniret
1049 1055 1255 1135 Carthaginem
1279 1056 1323 1116 le-

313 1148 424 1226 cimus,
455 1148 588 1225 quamvis
620 1163 637 1205 a
663 1143 772 1206 talibus
799 1146 883 1223 prius
906 1143 1103 1226 audierimus,
1132 1143 1169 1205 de
1193 1162 1325 1223 quorum

313 1233 371 1296 lide
393 1233 529 1296 dubitare
552 1252 612 1295 non
635 1245 798 1312 possemus

402 1321 454 1384 Vir
485 1321 662 1383 tribunicius
691 1319 854 1399 Hesperius
885 1320 963 1400 apud
995 1339 1051 1381 nos
1080 1328 1141 1401 est;
1172 1319 1261 1382 hahet
1291 1322 1324 1381 iu

264 1424 296 1468 ro
315 1413 466 1474 territorio
488 1410 658 1471 Fussalensi
680 1409 821 1491 fundum,
844 1408 957 1470 Zubedi
979 1409 1156 1489 appellatur;
1178 1406 1325 1469 ulricum

314 1498 481 1561 adflictione
510 1498 681 1560 animalium
708 1504 739 1558 et
765 1515 919 1558 servorum
949 1515 1073 1558 suorum
1095 1496 1215 1557 domum
1238 1514 1325 1557 suam

315 1590 475 1668 spirituum
506 1586 701 1666 malignorum
733 1588 792 1646 rim
824 1588 941 1646 noxiam
972 1587 1088 1665 perpeti
1120 1586 1326 1665 comperisset,

295 1678 430 1755 rogarit
451 1684 570 1736 nostros
592 1692 640 1735 me
663 1671 784 1734 absente
807 1673 1012 1754 presbyteros,
1034 1683 1068 1734 ut
1090 1673 1196 1753 aliquis
1218 1690 1327 1733 eorum

315 1762 366 1824 illo
389 1771 542 1843 pergeret,
570 1764 657 1823 ouius
678 1761 861 1823 orationibus
885 1761 1033 1823 cederent.
1078 1761 1214 1823 Perrexit
1236 1779 1327 1841 unus,

265 1865 297 1913 1⁶
317 1850 424 1913 obtulit
455 1848 497 1911 ibi
528 1851 706 1911 sacrificium
735 1852 871 1929 corporis
903 1849 1027 1930 Christi,
1059 1868 1148 1910 orans
1180 1857 1325 1929 quiantnm

317 1940 430 2020 potuit,
461 1947 496 1999 ut
522 1948 654 1999 cessaret
679 1938 728 1998 illa
756 1940 884 2000 vexatio:
915 1937 976 1999 Deo
1005 1940 1142 2018 protinus
1165 1940 1326 1999 miserante

316 2029 451 2089 cessarit
495 2026 658 2106 Acceperat
684 2035 782 2087 autem
805 2025 842 2086 ab
865 2028 959 2087 amico
982 2044 1036 2087 suo
1060 2032 1169 2086 terram
1193 2036 1327 2087 sanatam

317 2115 354 2178 de
376 2113 588 2194 Hierosolymis
611 2114 750 2194 adlatam,
773 2113 825 2174 uhi
849 2113 982 2193 sepultus
1006 2113 1142 2174 Christus
1164 2114 1211 2175 die
1236 2118 1326 2175 tertio

317 2205 496 2284 resurrexit,
519 2221 643 2281 eamque
667 2201 863 2281 suspenderat
886 2204 917 2262 ln
939 2201 1076 2263 cubiculo
1100 2220 1167 2284 suo,
1192 2221 1228 2263 ne
1251 2203 1323 2281 quiid

266 2305 299 2354 20
317 2292 385 2353 mali
418 2294 505 2353 etiam
535 2294 599 2371 ipse
626 2299 786 2370 pateretur.
832 2292 885 2350 Ast
912 2289 963 2351 ubi
990 2291 1095 2351 domus
1122 2293 1189 2351 eins
1217 2290 1254 2351 ab
1276 2291 1326 2352 illa

318 2382 506 2442 intestatione
529 2387 653 2459 purgata
676 2387 734 2457 est,
762 2378 833 2457 quid
856 2378 892 2440 de
915 2378 964 2438 illa
987 2389 1065 2439 terra
1089 2379 1186 2459 fleret,
1216 2382 1325 2458 eogita-

319 2468 378 2543 ltat,
400 2486 489 2547 quam
506 2468 619 2529 diutius
637 2469 668 2528 in
687 2465 824 2527 cubiculo
844 2485 898 2527 suo
917 2469 1099 2527 reverentiae
1114 2485 1202 2527 causa
1216 2466 1328 2528 hahere

319 2555 445 2617 nolebat.
491 2555 579 2617 Forte
599 2554 714 2634 accidit,
738 2563 771 2615 ut
789 2574 843 2632 ego
867 2564 897 2615 et
920 2554 1031 2631 collega
1054 2563 1124 2615 tunc
1147 2572 1241 2636 meus,
1264 2557 1326 2635 epi-

320 2662 429 2723 scopus
457 2643 615 2704 Sinitensis
645 2642 786 2704 ecclesiae
808 2642 1000 2724 Maximinus,
1026 2645 1057 2704 in
1084 2645 1219 2722 proximo
1247 2662 1327 2705 esse-

267 2746 301 2793 25
320 2750 401 2811 mus3
432 2738 465 2792 ut
494 2733 662 2791 veniremus
692 2733 820 2812 rogarit,
844 2740 875 2791 et
895 2733 1038 2792 venimus.
1083 2729 1216 2810 Cumque
1240 2730 1329 2793 nobis

320 2821 417 2879 omnia
436 2818 608 2893 rettulisset,
632 2820 719 2879 etiam
744 2818 800 2879 hoc
824 2821 936 2900 petivit,
957 2829 991 2880 ut
1013 2819 1197 2880 infoderetur
1219 2819 1329 2881 alicubi

320 2917 408 2986 atque
427 2906 468 2967 ihi
486 2909 653 2966 orationum
671 2906 755 2967 loeus
777 2908 871 2987 lieret,
894 2906 945 2968 ubi
968 2910 1056 2969 etiam
1076 2906 1235 2968 Christiani
1257 2926 1326 2987 pos·

321 3004 389 3056 sent
410 2994 445 3055 ad
464 2993 638 3055 celebranda
662 3013 736 3072 quae
755 2994 808 3055 liei
832 3005 902 3055 sunt
925 2998 1105 3075 congregari.
1150 2995 1215 3056 Non
1239 2998 1329 3057 resti·

321 3086 424 3164 timus,
448 3083 557 3143 lactum
576 3089 629 3143 est.
676 3082 747 3143 Erat
760 3082 802 3143 ibi
819 3085 934 3144 iuvenis
953 3084 1130 3163 paralyticus
1149 3086 1329 3145 rusticanus.

268 3187 303 3235 30
322 3171 384 3231 lloc
415 3170 515 3231 audito
547 3173 650 3249 petivit
681 3189 697 3230 a
726 3170 899 3249 parentibus
919 3174 1003 3253 suis,
1032 3179 1066 3232 ut
1093 3170 1176 3232 illum
1199 3171 1235 3232 ad
1259 3191 1331 3234 eum

317 3260 418 3320 locum
441 3266 575 3319 sanctum
594 3277 653 3319 non
676 3267 850 3319 cunctantes
873 3258 1031 3320 adferrent.
1076 3259 1141 3330 Quo
1165 3278 1233 3320 cum
1257 3261 1331 3321 luis·

322 3357 368 3408 set
389 3347 518 3421 adlatus,
541 3349 648 3429 orarit,
671 3355 758 3425 atque
782 3347 850 3407 inde
874 3349 1015 3408 continuo
1039 3347 1166 3427 pedibus
1188 3350 1251 3409 suis
1274 3348 1332 3409 sal·

323 3453 376 3494 vus
399 3434 551 3496 abscessit.

389 3671 422 3719 10
440 3664 559 3717 fundum
575 3663 624 3732 qui
637 3679 651 3716 e
664 3665 674 3731 tl
688 3660 926 3728 appellaturum
946 3660 1122 3729 appellatum
1134 3678 1151 3716 o
1164 3662 1174 3730 ΙΙ
1188 3665 1222 3715 20
1240 3660 1280 3714 At
1292 3677 1311 3716 o
1326 3664 1336 3732 ΙΙ

318 3742 350 3791 31
370 3736 536 3790 cunctantes
555 3734 595 3800 1a3
614 3732 778 3786 metante
796 3731 878 3784 Aua
897 3732 954 3785 rell.
974 3748 991 3787 v
