3284 4459
552 486 593 526 nn
607 485 750 527 omanus
764 486 816 525 nm
830 485 855 526 n.
868 485 942 526 xvn.
958 484 979 526 o.
994 487 1026 526 1o.
1227 469 1291 533 229

282 639 371 681 mone
395 628 608 681 constructum.
656 618 713 679 Sed
741 637 779 679 ne
803 618 840 678 ob
864 620 920 679 hoe
943 628 1098 698 putaretur
1121 617 1200 679 Deus
1223 636 1292 678 oon-

282 718 329 769 tra
363 726 415 769 sua
452 710 596 787 promissa
629 707 753 789 secisse,
789 710 930 769 continuo
968 707 1107 768 subiecit:
1143 708 1294 767 distulisti

283 801 432 859 christum
451 804 541 857 tuum.
587 795 653 855 Non
676 813 747 874 ergo
770 804 816 858 est
839 796 886 856 ille
907 795 1053 876 Salomon,
1076 795 1128 855 sed
1151 813 1206 855 neo
1228 796 1291 873 ipse

284 885 389 965 David,
419 887 445 945 si
467 885 574 945 dilatus
595 891 644 944 est
667 883 797 946 christus
819 882 944 944 Domini.
990 882 1063 944 Cum
1088 886 1166 944 enim
1189 882 1293 942 christi

283 977 348 1034 eius
379 974 551 1034 dicerentur
579 990 681 1032 omnes
708 989 795 1051 reges
819 975 945 1050 mystico
969 972 1018 1032 illo
1042 971 1200 1032 chrismate
1223 984 1327 1032 eon—s

284 1063 410 1141 seerati,
433 1079 492 1120 non
517 1059 611 1121 solum
635 1077 743 1138 aroge
767 1059 855 1120 David
881 1069 910 1123 et
933 1060 1085 1142 deinceps,
1109 1059 1160 1120 sed
1183 1059 1219 1119 ab
1243 1057 1292 1118 illo

284 1153 373 1210 etiam
407 1148 510 1228 Saule,
543 1151 593 1227 qui
620 1147 729 1228 populo
762 1149 857 1208 eidem
888 1167 940 1208 rex
970 1151 1083 1227 primus
1113 1156 1157 1208 est
1184 1155 1293 1208 unctus

284 1233 364 1319 (ipse
394 1240 502 1316 quippe
526 1236 615 1296 David
643 1254 712 1296 eum
740 1235 884 1297 christum
909 1236 1024 1296 Domini
1047 1229 1201 1318 appellat):
1230 1243 1294 1296 enat

284 1332 384 1386 tamen
408 1344 485 1386 unus
509 1343 597 1384 verus
620 1324 764 1405 christus,
791 1326 878 1384 attius
906 1324 947 1384 illi
975 1325 1098 1403 liguram
1121 1323 1293 1403 prophetica

287 1417 427 1475 unctione
459 1413 625 1493 gestabant3
657 1413 708 1492 qui
741 1410 904 1472 secundum
936 1414 1104 1491 opinionem
1132 1411 1345 1491 hominum,10

286 1505 337 1582 qui
366 1520 434 1562 eum
461 1495 602 1580 putabant
630 1503 660 1560 in
688 1499 777 1559 David
805 1500 851 1561 vel
878 1503 908 1560 in
940 1499 1094 1561 Salomone
1123 1499 1293 1578 intellegen-

286 1593 373 1674 dum,
405 1587 596 1650 differebatur
633 1590 663 1648 in
701 1587 834 1669 longum,
871 1588 1034 1648 secundum
1070 1588 1294 1666 dispositionem

287 1688 386 1739 autem
406 1677 458 1738 nei
477 1685 619 1736 venturus
639 1695 693 1735 suo
716 1685 850 1755 tempore
873 1676 1040 1756 parabatur.
1084 1675 1200 1738 Interea
1223 1675 1293 1738 dum

288 1767 335 1827 ille
359 1766 510 1845 dillertua,
534 1764 603 1843 quid
628 1765 737 1824 laetum
760 1767 799 1824 sit
822 1763 858 1823 de
882 1783 973 1844 regno
997 1773 1132 1824 terrenae
1157 1763 1294 1824 llierusa·

288 1855 362 1935 lem,
386 1854 437 1914 ubi
459 1852 633 1933 sperabatur
656 1855 759 1930 utiquo
783 1862 974 1932 regnaturus,
998 1862 1118 1913 secutus
1141 1854 1197 1913 iste
1219 1851 1347 1930 psal-15

288 1962 353 2003 mus
382 1940 514 2002 adiunxit
542 1949 629 2018 atque
657 1943 710 2000 ait:
739 1941 884 2000 Evertisti
910 1948 1116 2002 testamentum
1138 1943 1220 2002 servi
1242 1943 1295 2014 tui,

286 2031 462 2108 profanasti
484 2034 515 2090 in
539 2037 654 2089 terram
676 2032 868 2089 sanctitatem
891 2031 972 2100 eius;
995 2031 1174 2090 destruxisti
1195 2045 1295 2088 omnes

289 2123 441 2180 macerias
468 2121 545 2192 eius,
573 2119 703 2193 posuisti
729 2121 908 2178 munitiones
936 2120 1000 2177 eius
1025 2119 1059 2181 ia
1084 2115 1296 2190 formidinem

289 2211 485 2283 diripuerunt
507 2223 574 2269 eam
597 2223 697 2275 omnes
720 2212 912 2265 transeuntes
935 2209 1026 2278 viam,
1051 2203 1155 2278 saetas
1178 2212 1223 2264 est
1243 2221 1294 2280 op-

285 2298 447 2372 probrium
478 2296 585 2353 uicinis
616 2295 695 2364 sais;
731 2297 876 2353 exaltasti
910 2295 1069 2354 dexteram
1107 2295 1296 2352 inimieorum
1315 2307 1348 2354 20

288 2388 362 2456 eius,
382 2384 557 2442 iucundasti
573 2398 674 2442 omnes
693 2384 829 2441 inimicos
848 2385 928 2452 eius;
951 2384 1090 2446 avertisti
1111 2382 1296 2444 adiutorium

285 2474 387 2548 aladii
413 2474 478 2531 eius
505 2477 534 2531 et
560 2487 619 2530 noa
648 2487 680 2529 es
707 2472 737 2529 ei
763 2473 930 2530 auxiliatus
959 2473 989 2529 in
1018 2471 1110 2539 dello;
1138 2471 1298 2529 dissolvisti

288 2578 356 2621 eum
384 2561 422 2618 ad
451 2560 675 2631 emundatione,
707 2561 807 2618 sedem
839 2561 903 2618 eius
931 2561 962 2618 in
990 2566 1105 2618 terram
1134 2559 1282 2618 conlisisti
1283 2578 1297 2628 ;

288 2649 425 2708 minuisti
447 2649 511 2706 dies
529 2649 609 2706 sedis
628 2649 701 2718 eius,
720 2645 888 2723 perfudisti
911 2664 977 2706 eum
1000 2643 1185 2722 confusione.
1217 2643 1296 2706 Haeo

289 2738 388 2796 omnia
406 2743 553 2794 venerunt
576 2751 667 2812 super
690 2733 823 2793 ancillam
843 2732 1035 2814 Hierusalem,
1059 2735 1088 2794 in
1114 2752 1170 2812 qua
1194 2751 1296 2812 regua·
1316 2747 1349 2796 25

289 2832 397 2884 verunt
424 2820 557 2887 nonnulli
581 2823 669 2882 etiam
691 2822 743 2880 filii
759 2821 889 2902 liberae,
919 2840 1043 2902 regnum
1066 2822 1137 2882 illud
1162 2830 1297 2883 tenentes

290 2915 327 2972 in,
344 2911 562 2990 dispensatione
587 2912 779 2988 temporaria,
802 2928 926 2988 regnum
950 2920 1048 2971 antem
1072 2909 1206 2970 caelestis
1228 2908 1296 2970 llio·

289 2999 433 3080 rusalem,
465 3001 549 3058 cuius
583 3007 668 3058 erant
698 2997 763 3078 filii,
795 3000 826 3058 in
854 3016 922 3059 uera
949 2998 1006 3058 lide
1033 2996 1176 3060 habentes
1207 3007 1238 3058 et
1267 3001 1297 3060 in

291 3105 360 3164 sero
389 3085 507 3146 Christo
535 3094 696 3166 sperantes.
743 3085 808 3156 Quo
837 3085 923 3146 modo
952 3095 1050 3147 autem
1075 3089 1133 3150 ,ista
1164 3089 1299 3146 venerint

289 3194 380 3253 super
400 3174 470 3234 illud
489 3192 623 3255 regnum,
646 3174 733 3233 index
752 3182 798 3234 est
821 3193 922 3236 rerum
945 3184 1103 3256 gestarum,
1127 3177 1151 3236 si
1174 3173 1297 3254 legatur,
1317 3187 1351 3236 30

290 3263 421 3322 historia.
887 3257 890 3266 ’

322 3354 324 3359 ’
360 3359 500 3431 aptas.
545 3362 571 3428 e)
591 3366 614 3412 1.
630 3357 702 3412 Sam.
723 3364 766 3424 ea,
783 3365 805 3412 a.
849 3357 955 3426 anes.
976 3362 1137 3426 seaosqq.

361 3525 392 3572 17
411 3521 516 3572 terram
531 3519 557 3572 R
576 3517 627 3585 (εἰς
645 3517 696 3586 τὴν
715 3520 790 3587 γῆν);
808 3519 884 3570 terro
898 3517 990 3572 ΑΓΘ
1009 3517 1064 3570 rell.
1084 3517 1123 3585 all
1138 3521 1171 3570 18
1189 3515 1220 3568 in
1239 3515 1299 3570 ΕΑ

287 3589 422 3659 FGbe¹a
436 3591 483 3654 Pa.
498 3589 654 3658 Sanperm.;
672 3606 722 3642 om.
738 3587 833 3657 ae¹pp
848 3589 893 3642 Ps.
915 3589 1004 3642 Veron.
1020 3602 1068 3642 see.
1087 3585 1181 3641 Gnaeo.
1197 3589 1206 3655 ll
1221 3592 1254 3639 22
1269 3603 1298 3640 es

287 3663 315 3717 ei
338 3659 490 3725 auxiliatus
509 3661 537 3714 R
556 3663 637 3727 (226,
650 3664 713 3726 29);
741 3675 771 3712 es
794 3674 856 3711 aux.
881 3657 907 3710 ei
930 3658 1091 3726 &anamma
1117 3672 1146 3710 es
1170 3659 1242 3726 (estu
1263 3657 1299 3725 G)

287 3732 444 3802 opitulatus
466 3732 494 3786 ei
512 3730 734 3799 AFGabeppa
753 3731 799 3782 Ps.
820 3730 915 3784 Veron.
938 3731 948 3797 ΙΙ
971 3733 1005 3780 24
1029 3726 1220 3780 confusionem
1238 3725 1303 3790 RF,
