3284 4459
543 499 1054 561 numerumnunerum
1237 489 1303 553 529

296 639 435 718 accipiet,
461 634 514 696 uhi
541 635 754 697 cruciabuntur
783 636 955 697 insaecula
978 636 1172 697 saeculorum.
1219 636 1302 709 Quod

297 728 323 786 si
345 727 387 785 ita
405 733 459 804 est,
482 742 541 802 quo
559 724 647 783 modu
669 724 706 783 ab
728 725 818 784 huius
840 726 1014 785 aeternitate
1036 744 1149 804 poenae
1172 726 1217 787 vel
1240 729 1305 786 nni·

296 816 376 874 versi
414 812 460 872 rel
495 812 614 891 quidam
648 812 783 873 hemines
814 821 883 891 post
915 812 1130 890 quantumlibet
1161 818 1305 894 temporis

297 900 524 981 subtrahentur,
546 918 580 960 ae
603 918 663 959 nun
686 902 784 961 statim
807 900 998 962 enervabitur
1019 902 1107 981 fides,
1130 920 1188 981 que
1211 903 1305 963 eredi-

298 1000 348 1051 tur
367 991 581 1067 sempiternum
600 987 776 1048 daemonum
793 990 929 1050 futurum
952 1006 1017 1049 esse
1041 987 1241 1069 supplicium?
1274 990 1306 1051 Si
1325 1000 1341 1049 5

297 1080 376 1138 enirn
396 1076 504 1155 quibus
523 1076 652 1137 dicetur:
675 1078 868 1137 disceditea
890 1094 945 1152 me,
967 1080 1129 1159 maledieti,
1153 1081 1185 1139 ia
1207 1082 1307 1155 lenem

298 1175 472 1247 ueternum,
504 1168 558 1240 qui
580 1173 712 1241 paratus
738 1172 785 1225 est
810 1167 930 1226 diabolo
958 1171 988 1225 et
1010 1168 1127 1240 uaporis
1150 1170 1228 1248 etus,
1260 1167 1307 1227 vel

298 1256 430 1315 universi
461 1253 507 1314 rel
538 1253 629 1331 aliqui
656 1270 760 1313 eorum
792 1271 852 1313 non
880 1271 997 1332 semper
1029 1252 1071 1313 ibi
1097 1263 1203 1336 erunt,
1235 1255 1307 1333 quid

298 1361 404 1403 causae
432 1350 479 1402 est
505 1359 560 1402 cur
587 1339 721 1402 diabolus
749 1349 781 1401 et
801 1341 897 1421 angeli
921 1344 985 1402 eius
1008 1358 1127 1421 semper
1148 1340 1191 1402 ibi
1213 1344 1307 1404 futuri

298 1449 365 1492 esse
393 1425 575 1491 credantur?
618 1430 664 1489 An
686 1430 764 1489 lorte
792 1428 845 1489 Uei
873 1431 1032 1510 sententia,
1062 1432 1191 1508 quaein
1214 1431 1362 1491 malosto

298 1529 331 1581 et
361 1518 482 1597 angelos
509 1526 541 1578 et
566 1516 702 1577 homines
728 1518 913 1599 proferetur,
939 1520 971 1577 in
997 1518 1117 1597 angelos
1146 1537 1215 1579 vera
1243 1521 1308 1599 erit,
1351 1568 1357 1579 .

298 1609 330 1668 in
353 1607 488 1667 homines
510 1601 604 1666 laisa?
648 1605 691 1666 lta
713 1606 799 1684 plane
823 1604 880 1666 hue
903 1608 972 1686 erit,
996 1608 1021 1666 si
1043 1624 1103 1666 non
1127 1606 1205 1685 qnod
1229 1606 1308 1668 lleus

298 1696 388 1777 dixit,
415 1693 467 1756 sed
496 1694 575 1773 qued
603 1696 792 1773 suspicantur
814 1694 950 1754 homines
972 1694 1039 1773 plus
1062 1693 1176 1757 valebit.
1223 1693 1308 1767 Quod

299 1785 365 1844 fieri
392 1786 462 1862 qnia
489 1800 548 1843 uon
576 1790 690 1863 potest,
720 1800 780 1842 nan
807 1784 1007 1861 argumentari
1037 1782 1178 1844 adversus
1205 1782 1308 1865 ileum,

296 1872 353 1933 sed
376 1872 475 1933 divino
496 1872 610 1951 potius,
638 1869 709 1930 dum
738 1878 856 1949 tenipus
879 1878 938 1951 est,
964 1869 1074 1930 debent
1096 1889 1201 1950 parere
1224 1881 1362 1951 prae-15

299 1969 402 2042 eepto,
428 1960 481 2038 qui
508 1960 690 2038 sempiterno
719 1960 845 2037 eupiunt
872 1976 974 2017 curere
998 1957 1151 2037 supplicio.
1197 1958 1308 2020 Deinde

300 2048 386 2128 quale
405 2057 453 2108 est
469 2056 624 2108 aeternum
643 2045 821 2125 supplicium
840 2063 895 2125 pro
918 2048 986 2124 igne
1009 2045 1144 2107 diuturni
1165 2049 1309 2127 temporis

299 2139 469 2197 existimare
503 2144 534 2194 et
564 2136 653 2194 vitam
684 2142 834 2194 aeternam
870 2134 992 2194 eredere
1025 2135 1088 2193 sine
1125 2136 1200 2215 line,
1241 2154 1309 2196 curn

300 2225 438 2286 Christus
470 2222 574 2282 eedem
605 2224 670 2301 ipso
702 2221 784 2301 inco,
815 2224 847 2281 in
878 2240 938 2282 una
969 2222 1130 2300 eademque
1163 2226 1309 2283 sententia

299 2314 410 2373 dixerit
427 2320 587 2388 utrumque
611 2310 795 2388 complexus:
818 2311 872 2371 Sic
895 2312 981 2370 ibunt
1002 2313 1054 2369 isti
1076 2313 1107 2369 in
1129 2313 1309 2387 supplicium
1327 2321 1362 2369 20

300 2408 468 2473 adernam,
491 2401 565 2459 iusti
586 2407 686 2459 autem
709 2401 741 2458 in
764 2402 856 2458 vitam
879 2393 1057 2459 aeternam?
1094 2396 1127 2458 Si
1149 2407 1309 2476 utrumque

300 2498 472 2569 aeternum,
500 2486 635 2565 proiecto
669 2495 722 2547 aut
754 2494 916 2564 utrumque
949 2504 1017 2546 curn
1047 2486 1105 2545 line
1135 2486 1309 2547 diuturnum

301 2585 526 2654 aututrumque
544 2577 608 2634 sine
627 2574 686 2635 line
700 2582 877 2654 perpetuum
894 2573 983 2633 debet
995 2573 1134 2653 intellegi.
1170 2573 1228 2634 Par
1246 2578 1310 2654 puri

302 2667 383 2726 enim
411 2663 504 2725 relata
532 2671 617 2743 sunt,
648 2661 718 2723 hine
747 2663 925 2741 supplicium
953 2670 1123 2743 aeternum,
1155 2662 1223 2723 inde
1252 2666 1309 2725 vita

302 2763 431 2814 aeterna.
467 2751 572 2812 Dicere
590 2759 689 2811 etitem
707 2752 738 2810 in
756 2750 813 2810 hoe
832 2768 891 2810 uuo
915 2750 1077 2828 eodemque
1101 2769 1206 2812 sensu:
1226 2750 1309 2832 „Vita
1328 2762 1364 2813 25

302 2849 423 2902 aeterna
440 2843 504 2901 sine
522 2841 581 2900 line
600 2841 667 2919 erit,
689 2834 866 2917 supplicium
885 2846 1040 2898 aeternum
1060 2838 1149 2899 linem
1173 2836 1311 2901 habebit“

303 2929 429 2991 multum
447 2928 609 2989 absurdum
627 2935 682 2987 est.
727 2924 820 3007 Unde,
839 2927 907 3003 quia
925 2927 984 2985 vite
1002 2934 1121 2988 aeterne
1140 2936 1310 2989 sanctorum

302 3020 368 3078 sine
398 3018 456 3077 fine
487 3018 557 3089 erit,
588 3013 764 3094 supplicium
792 3031 911 3091 queque
939 3022 1092 3075 aeternum
1121 3014 1230 3094 quibus
1253 3018 1311 3078 erit

303 3106 392 3166 linem
415 3101 632 3184 proculdubio
655 3120 715 3163 uon
737 3099 864 3162 habebit.

679 3254 937 3322 Offmxffli
1329 3274 1366 3322 u

307 3373 422 3431 Contra
450 3386 555 3431 eorum
581 3384 713 3442 sensum,
741 3371 796 3442 qui
817 3370 850 3427 in
872 3369 988 3428 iudicio
1010 3367 1070 3427 Dei
1090 3369 1226 3429 omnibus
1247 3371 1310 3430 reis

358 3465 486 3535 propter
508 3464 684 3518 sanctorum
700 3473 812 3532 preces
830 3461 944 3531 putant
965 3472 1029 3515 esse
1048 3458 1247 3531 parcendum.

392 3562 456 3624 Hoc
483 3570 582 3622 autem
609 3570 642 3622 et
667 3560 808 3621 adversus
832 3578 883 3620 ees
905 3559 996 3640 valet,
1024 3562 1075 3639 qui
1098 3578 1167 3621 sues
1191 3569 1310 3641 agentes

304 3669 408 3711 eausas
431 3658 535 3710 contra
557 3648 611 3709 llei
633 3651 733 3709 venire
761 3646 850 3709 verba
872 3646 954 3708 velut
975 3649 1176 3709 misericordie
1199 3651 1310 3709 maiore

372 3752 606 3825 mmuffi

375 3882 406 3930 11
425 3874 456 3929 in
474 3873 583 3945 angelis
602 3875 647 3929 Ae
665 3875 675 3941 Ι
694 3878 727 3927 12
744 3870 776 3926 iu
793 3870 954 3927 homimims
973 3871 1043 3941 Aep

357 3985 415 4015 Aue.
429 3984 461 4015 n}
476 3984 522 4013 crv.
537 3983 587 4013 1111.
610 3972 641 4013 Π.
1067 3964 1101 4012 34
