3284 4459
543 567 546 574 ¹
568 513 609 554 nn
623 513 766 554 cavamen
780 515 834 554 um
848 515 874 555 1..
887 515 950 555 xm
963 513 987 556 o.
1000 516 1033 556 sa
1242 499 1308 565 393

676 731 794 799 Garun
816 733 936 798 XXIII.

301 862 388 934 Quae
415 861 608 938 Porphyrius
637 863 722 922 dicut
748 864 884 1009 osbaltzoulis
916 863 1041 921 deorum
1070 879 1216 939 responso
1245 878 1310 922 esse

705 952 743 1010 de
813 953 895 1010 risto.

387 1071 461 1133 Nam
488 1075 520 1133 in
548 1070 646 1153 libris,
676 1091 750 1150 quos
779 1071 811 1132 ἐκ
838 1064 946 1152 lepino
972 1074 1151 1150 φιλοσοφίας
1173 1073 1308 1155 appellat,

298 1164 330 1222 ln
358 1161 467 1240 quibus
496 1163 653 1239 exequitur
681 1169 768 1238 atque
797 1160 959 1221 conscribit
986 1179 1088 1222 rernm
1115 1161 1151 1221 ad
1180 1161 1343 1240 philam-t

298 1251 398 1331 phiam
427 1251 639 1329 pertinentium
667 1248 748 1309 velut
770 1248 867 1308 divina
894 1267 1050 1329 responsa,
1078 1258 1111 1309 ut
1134 1251 1197 1327 ipsa
1221 1248 1309 1310 verba

299 1341 374 1418 eius,
398 1337 678 1416 quemadmodum
702 1355 738 1397 ex
757 1335 868 1397 Graeca
891 1336 990 1416 lingua
1013 1339 1043 1397 in
1062 1336 1194 1398 Latinam
1217 1340 1308 1398 inter·

298 1435 414 1507 pretata
446 1434 529 1506 sunt,
560 1443 681 1504 ponam:
712 1424 946 1507 „luterroganti,
973 1427 1084 1507 iuquit,
1108 1444 1195 1504 quem
1220 1426 1308 1486 deum

298 1514 441 1594 placando
474 1531 612 1574 revocare
645 1516 740 1591 possit
767 1531 891 1573 uxorem
918 1532 1001 1574 suam
1030 1531 1046 1574 a
1074 1513 1309 1594 christianismo,

299 1604 373 1664 haec
401 1604 441 1662 ait
468 1600 604 1662 versibus
631 1595 766 1680 Apollo.“
810 1601 922 1662 Deinde
952 1601 1042 1662 verba
1066 1603 1145 1664 velut
1166 1602 1309 1682 Apollinis
1328 1616 1361 1663 10

299 1695 356 1752 ista
380 1700 463 1752 sunt:
491 1689 604 1772 „Forte
629 1691 721 1768 magis
743 1691 858 1769 poteris
879 1693 911 1750 in
934 1708 1008 1769 aqua
1035 1693 1179 1770 inpressis
1201 1691 1309 1751 litteris

300 1777 433 1840 scribere
461 1787 512 1839 aut
542 1777 684 1837 adinllans
707 1777 786 1838 leves
814 1779 920 1856 piunas
951 1797 1005 1858 per
1027 1797 1095 1839 aera
1118 1782 1179 1839 avis
1202 1778 1309 1860 volare,

300 1886 389 1947 quiam
407 1867 536 1946 pollutae
555 1883 677 1926 revoces
699 1867 805 1944 impiae
829 1868 931 1926 uxoris
954 1885 1083 1927 sensum.
1120 1867 1227 1946 Pergat
1250 1885 1309 1945 quo

300 1956 388 2016 modo
418 1955 480 2016 vult
511 1953 649 2014 inanibus
678 1953 799 2014 lallaciis
829 1972 1023 2033 perseverans
1051 1951 1125 2014 *et
1155 1954 1309 2024 lamentari

300 2039 451 2120 [fallaciis]
481 2048 631 2100 mortuum
653 2040 747 2101 Deum
771 2049 906 2119 cantans,
933 2059 1023 2119 quem
1047 2038 1197 2101 iudicibus
1229 2051 1310 2103 recta
1330 2055 1363 2103 lt>

299 2127 498 2190 sentientibus
528 2128 677 2208 perditum
710 2131 838 2207 pessima
867 2130 899 2189 in
931 2132 1074 2208 speciosis
1104 2130 1184 2189 lerro
1211 2132 1309 2191 vlncta

299 2234 382 2278 mors
412 2210 588 2278 interiecit.“
632 2215 743 2276 Deinde
771 2224 839 2296 post
865 2215 920 2277 hus
949 2235 1052 2278 versus
1074 2217 1230 2298 Apollinis,
1258 2220 1309 2296 qui
1390 2293 1393 2296 ἦ

299 2324 360 2368 non
380 2313 476 2366 stante
496 2313 590 2365 metro
609 2302 712 2365 Latine
730 2306 920 2384 iuterpretati
943 2314 1022 2387 sunt,
1045 2305 1198 2366 subiunxit
1220 2314 1308 2384 atque

300 2396 354 2455 ait:
375 2392 428 2475 „ln
451 2393 497 2453 hIs
521 2392 640 2471 quidem
659 2391 880 2453 inremediabile
904 2395 1068 2454 sententiae
1091 2411 1195 2453 eornm
1218 2395 1308 2452 mani·

300 2483 418 2543 lestavit
449 2479 567 2563 dicens,
600 2483 738 2559 quoniam
769 2480 868 2542 ludaei
898 2483 1065 2561 snsprinnt
1092 2481 1186 2541 Deum
1216 2482 1308 2559 magis
1327 2495 1362 2543 2ο

299 2589 388 2650 quam
412 2563 490 2630 isti.“
530 2567 617 2649 Ecce,
640 2568 692 2628 ubi
715 2569 889 2630 decolorans
908 2568 1059 2630 Christum
1077 2568 1202 2629 ludaeos
1224 2587 1308 2648 prae·

298 2661 400 2738 posuit
419 2656 604 2737 Christianis,
627 2657 771 2718 conlitens
795 2658 873 2736 qnod
897 2657 999 2719 ludaei
1020 2659 1183 2736 suscipiant
1205 2656 1309 2718 Deum.

300 2747 351 2808 Sic
384 2747 462 2806 enirn
494 2747 631 2825 exposuit
657 2763 761 2806 versus
784 2746 942 2826 Apollinis,
971 2744 1021 2806 ubi
1051 2745 1199 2806 iudicibus
1228 2755 1310 2806 recta

299 2833 498 2896 sentientibus
526 2833 676 2894 Christum
704 2833 775 2894 dicit
802 2837 948 2914 occisum,
976 2843 1123 2912 tamquam
1152 2834 1209 2894 illis
1231 2836 1310 2895 iuste

299 2922 500 2984 iudIcantibus
533 2923 639 2982 merito
670 2923 708 2983 sit
740 2922 787 2982 ille
820 2925 951 3000 punitus.
1007 2921 1138 2983 Viderim
1169 2922 1240 3001 quid
1273 2923 1309 2983 de
1328 2936 1362 2984 2ο

300 3010 420 3072 Christo
449 3019 529 3070 vates
560 3009 685 3070 mendax
712 3009 854 3089 ApollInis
882 3009 990 3071 dixerit
1017 3019 1105 3088 atquc
1133 3012 1189 3071 iste
1213 3010 1308 3071 credi·

299 3099 380 3160 derit
402 3106 453 3159 aut
471 3098 597 3159 tortasse
615 3105 721 3177 vatem,
744 3097 823 3176 quod
847 3116 906 3159 non
930 3097 1011 3178 dixit,
1034 3098 1143 3158 dixisse
1166 3101 1223 3159 iste
1246 3101 1308 3178 ipse

372 3255 388 3302 2
407 3264 468 3303 esse
485 3266 536 3304 om.
554 3249 590 3318 fp
602 3251 612 3318 ΙΙ
626 3253 643 3300 4
661 3247 792 3317 eglogion
806 3263 859 3301 maa
872 3249 882 3317 ΙΙ
897 3253 929 3300 12
948 3247 1050 3301 inflans
1064 3247 1170 3301 AGno
1183 3249 1192 3316 ΙΙ
1205 3262 1312 3316 pennas

298 3319 373 3374 laves
391 3337 409 3375 ο
425 3321 435 3390 ll
454 3320 514 3373 auis
533 3319 732 3390 RAnob9p¹;
752 3319 802 3372 aut
820 3317 882 3371 auis
900 3335 926 3383 ος
944 3320 978 3371 ut
996 3317 1058 3372 auis
1079 3316 1162 3386 Gp’v
1175 3320 1184 3387 ΙΙ
1199 3323 1231 3371 13
1249 3332 1313 3386 per-

300 3392 369 3460 agat
382 3407 396 3445 e
408 3392 418 3461 ΙΙ
433 3395 466 3444 14
479 3405 662 3461 perseuerans
676 3391 705 3445 eb
718 3388 868 3443 lamentari
881 3387 1004 3443 fallaciis
1013 3389 1207 3454 Boenasa
1221 3404 1270 3442 osu.
1280 3405 1311 3458 ος

298 3460 421 3516 fallaciis
435 3478 485 3517 om.
493 3479 527 3530 p;
540 3476 722 3531 perseuerans
736 3459 887 3514 lamentari
900 3461 1042 3514 mortuum
1055 3459 1140 3512 deum
1154 3461 1183 3512 et
1196 3460 1312 3512 cantans

298 3533 408 3603 „sepius
426 3539 501 3588 acuas
518 3533 594 3588 cod.“
613 3531 856 3586 Benedictiuorum
874 3531 972 3587 maison
989 3531 1076 3585 altem
1093 3528 1227 3595 fallaciim
1249 3545 1311 3598 per·

299 3619 427 3658 severana
450 3606 479 3657 eb
501 3601 750 3658 lamentationibus
773 3601 964 3656 fallacissimis
987 3603 1128 3655 mortuum
1146 3600 1229 3654 deum
1247 3615 1311 3654 can·

298 3676 364 3728 tans
381 3690 398 3728 o
415 3675 425 3744 ll
444 3679 476 3727 15
500 3673 585 3728 indic.
605 3672 837 3742 Raonaupp
860 3675 936 3742 (396,
957 3674 1013 3740 13);
1039 3671 1160 3725 sindic.
1180 3669 1313 3742 o¹ep¹ol

300 3750 333 3798 m
352 3743 563 3799 inremediabile
582 3745 721 3798 sententia
739 3745 852 3813 Ἶ1)Ιὶ23
869 3742 1172 3810 iudic.R¹o(cf.15);
1191 3757 1209 3794 a
1226 3740 1311 3798 tudio.

298 3814 534 3885 It’Aaneppo
547 3817 556 3884 ΙΙ
571 3820 604 3868 ab
622 3814 742 3869 uiderim
761 3813 901 3886 Βθαὸρς
918 3813 1050 3868 uiderim'
1070 3823 1102 3880 a,
1120 3811 1245 3866 uiderint
1261 3813 1313 3881 Ap

300 3884 425 3954 (raete?);
444 3884 549 3939 uiderit
566 3903 601 3941 eu
