3284 4459
556 519 596 559 ma
610 511 757 558 emtore·
767 517 820 557 nm
834 513 860 557 n.
875 516 950 556 xm
964 516 987 557 c.
1001 518 1033 558 rs
1048 518 1080 557 rc.
1259 501 1323 566 237

316 651 435 713 Christo
464 653 510 712 v'el
540 655 603 713 eius
636 652 760 712 ecclesia
792 651 1019 730 prophetaverit.
1046 649 1132 729 'Ego
1162 658 1260 710 autem
1291 658 1326 711 dt·

317 741 373 801 hoc
392 759 451 800 non
471 743 511 800 ita
529 741 642 820 faciam,
665 742 742 800 sicut
761 739 877 799 videtur
899 741 963 818 ipsa
986 741 1151 818 expectatio
1174 738 1331 818 postulare

316 824 467 911 (quamvis
489 832 546 890 iam
577 831 690 890 inuno
714 821 865 908 fecerim),
893 829 976 906 copia
999 846 1090 905 quam·
1110 829 1208 906 inopia
1232 829 1326 906 magis

316 917 471 997 impedior.
516 916 621 978 Omnia
644 919 722 977 enim
744 933 856 995 ponere
880 916 1012 975 vitandae
1036 915 1213 994 prolixitatis
1236 931 1328 975 causa.

316 1005 490 1086 prohibeor,
518 1023 623 1066 vereor
646 1014 744 1065 autem
768 1023 820 1084 ne,
848 1023 917 1064 cnm
940 1004 1035 1082 aliqua
1059 1003 1191 1083 elegero,
1214 1003 1360 1083 multis,5

317 1097 368 1172 qrri
401 1112 442 1154 ea
479 1101 642 1170 noverunt,
679 1093 778 1153 videar
808 1095 901 1170 magis
934 1094 1100 1152 necessaria
1133 1094 1327 1172 praeterisse,¹

316 1183 423 1243 deinde
445 1174 528 1263 (quia
547 1181 758 1258 testimouium,
781 1181 859 1259 quod
883 1181 1048 1260 profertur,
1076 1180 1112 1240 de
1136 1182 1325 1241 contextione

317 1273 408 1331 totins
436 1270 542 1349 psalmi
568 1269 656 1330 dehet
683 1269 791 1329 hahere
815 1270 1000 1347 suffragium,
1027 1277 1062 1329 nt
1085 1277 1166 1328 certe
1190 1268 1263 1328 nihil
1286 1271 1326 1328 sit

316 1359 395 1438 qrrod
425 1361 453 1418 ei
476 1360 655 1438 refragetur,
678 1362 704 1421 si
726 1378 785 1421 non
808 1363 907 1420 omnia
930 1352 1152 1440 suffragantur),
1180 1374 1218 1417 ne
1242 1361 1324 1416 more

317 1455 477 1507 centonum
507 1447 542 1506 ad
574 1465 652 1526 rern,
684 1463 771 1524 quiam
799 1445 950 1524 volumus,
982 1454 1132 1523 tamquam
1161 1444 1324 1505 versiculos
1344 1458 1377 1505 10

316 1535 478 1614 decerpere
509 1535 672 1615 videamur,
703 1534 781 1593 velut
803 1533 839 1592 de
863 1534 966 1611 grandi
989 1536 1132 1613 carmine,
1163 1533 1241 1611 quod
1264 1536 1325 1593 non

317 1621 353 1683 de
382 1642 416 1683 re
443 1623 503 1703 ilia,
537 1622 587 1684 sed
616 1623 651 1682 de
680 1621 735 1682 alia
758 1621 903 1700 longeque
928 1621 1043 1682 diversa
1066 1625 1234 1700 reperiatur
1256 1636 1325 1682 esse·

317 1714 527 1790 conscriptum.
572 1710 635 1770 lloc
654 1719 752 1771 autem
775 1712 861 1770 utin
886 1728 1072 1789 quocumque
1095 1710 1208 1789 psalmo
1231 1711 1326 1789 possit

317 1799 447 1880 ostendi,
477 1800 669 1879 exponendus
693 1806 738 1859 est
760 1805 855 1878 totus,
884 1798 962 1876 quod
986 1801 1087 1877 quanti
1110 1801 1209 1877 operis
1233 1801 1272 1858 sit
1295 1805 1325 1858 et

317 1887 442 1948 aliorum
463 1897 496 1949 et
519 1896 619 1948 nostra
641 1887 801 1966 volumina,
825 1889 855 1946 in
880 1886 987 1965 quibus
1010 1887 1068 1947 hoc
1089 1887 1230 1966 fecimus,
1253 1889 1324 1947 satis
1346 1888 1377 1946 15

317 1976 456 2037 indicant.
503 1974 594 2055 Legat
621 1994 691 2054 ergo
719 1975 783 2055 illa,
813 1977 865 2052 qui
895 1975 1020 2035 voluerit
1047 1984 1077 2036 et
1106 1978 1250 2054 potuerit3
1281 1978 1324 2035 iu-

317 2067 415 2124 veniet
448 2073 520 2143 quot
551 2073 582 2124 et
614 2071 722 2142 quanta
753 2081 806 2122 rex
833 2062 923 2123 David
954 2063 1091 2142 idemque
1121 2063 1265 2142 propheta
1288 2061 1324 2124 de

317 2151 434 2214 Christo
459 2155 575 2213 eteius
598 2151 722 2212 ecclesia
745 2151 978 2232 prophetaverit,
1006 2152 1043 2212 de
1066 2170 1136 2230 rege
1159 2151 1273 2212 scilicet
1296 2160 1326 2212 et

317 2241 433 2301 civitate
458 2259 544 2320 quam
569 2241 707 2300 condidit.

710 2446 828 2512 Curuo
848 2444 936 2512 XVI.
1344 2466 1378 2513 20

318 2575 364 2636 De
386 2577 447 2648 ftis,
469 2593 548 2650 quae
571 2578 602 2634 in
626 2576 881 2650 quadrupensimo
903 2581 1013 2649 quarto
1033 2577 1149 2651 psalmo
1171 2576 1215 2633 ed
1239 2575 1324 2634 Chri-

374 2670 452 2724 stum
475 2671 505 2724 et
527 2666 684 2724 eeclesiam
703 2666 891 2740 pertinentia
913 2672 968 2724 eut
990 2671 1095 2740 aperte
1117 2665 1263 2723 dicontur

723 2759 778 2811 aet
799 2755 923 2826 tropice.

408 2873 575 2945 Quamlibet
602 2877 680 2934 enim
709 2873 744 2933 de
773 2893 958 2952 quacumque
983 2893 1015 2934 rc
1039 2877 1175 2954 propriae
1199 2877 1259 2935 siut
1282 2884 1323 2935 at·

320 2978 376 3041 que
401 2963 571 3023 manifestae
595 2962 784 3042 propheticae
808 2962 986 3042 locutiones,
1009 2980 1132 3023 necesse
1155 2972 1201 3023 est
1225 2972 1257 3022 nt
1280 2965 1323 3022 eis
1342 2975 1376 3022 25

319 3053 407 3110 etiarn
425 3053 555 3129 tropicae
576 3051 768 3130 misceantur3
792 3068 866 3128 quae
886 3054 1010 3110 maxime
1034 3058 1156 3129 propter
1179 3051 1323 3111 tardiores

318 3139 458 3216 ingerunt
485 3137 657 3222 doctoribus
690 3137 868 3199 laboriosnm
900 3137 1069 3217 disputandi
1099 3138 1323 3218 exponendique·

319 3229 477 3305 negotium.
524 3225 672 3297 Quaedam
704 3236 802 3286 tamen
831 3225 980 3287 Christum
1013 3236 1043 3286 et
1074 3227 1232 3287 ecclesiam·
1260 3229 1323 3306 ipsa
1347 3223 1361 3247 ¹·

319 3317 412 3393 prima
436 3315 518 3394 facie,
541 3332 610 3374 mox
628 3324 661 3375 ut
685 3315 834 3394 dicuntur,
857 3314 1030 3394 ostendunt,
1054 3316 1110 3375 etsi
1134 3316 1253 3375 exotio
1277 3333 1322 3374 re·

319 3410 396 3463 stant
424 3402 609 3482 exponenda,
637 3421 712 3480 quae
739 3405 770 3461 in
800 3405 843 3463 eis
867 3405 964 3463 minus
989 3402 1213 3482 intelleguntur3
1238 3403 1322 3480 quale
1342 3416 1376 3464 30

318 3489 388 3550 illud
412 3500 458 3550 est
476 3493 507 3550 in
526 3490 629 3550 eodem
653 3490 833 3568 psalmorum
855 3490 944 3551 libro:
967 3493 1128 3551 Eructavit
1149 3507 1204 3551 cor
1226 3508 1323 3550 meum

318 3581 440 3639 verbum
464 3581 584 3661 bonum,
615 3581 684 3639 dr'co
706 3595 761 3654 eeu
785 3597 879 3654 opero
902 3597 968 3664 roeo
991 3582 1066 3653 rect.
1112 3579 1233 3653 Linque
1256 3594 1323 3639 mec

389 3784 407 3834 8
423 3780 457 3832 ul
473 3777 533 3832 edd.
552 3784 625 3842 cett.;
645 3778 695 3830 aul
712 3793 766 3830 oras
783 3793 799 3829 v
817 3777 826 3843 ΙΙ
844 3782 877 3828 31
898 3775 1057 3828 eructueuit
1076 3775 1140 3830 RF
1154 3777 1201 3830 Pa.
1222 3777 1279 3830 Ver.
