3284 4459
346 468 412 531 592
746 478 948 521 3,,4υουετω

345 615 553 765 posset?unde
581 612 704 675 adderet
731 613 809 692 quod
839 611 1006 673 addendum
1033 630 1100 673 esse
1128 614 1222 672 mirus
1251 612 1360 673 artifex

348 714 448 765 nosset

745 890 864 958 Oscor
886 890 958 957 XV.

376 1042 424 1101 An
446 1042 491 1102 nd
511 1041 657 1100 dominici
677 1042 816 1115 corporis
839 1040 958 1099 modum
980 1039 1112 1098 omnium
1134 1043 1322 1097 mortuorum

311 1142 327 1189 s
616 1134 835 1189 remrrectura
858 1129 919 1187 sint
941 1143 1081 1203 corpora.

434 1268 494 1331 Sed
516 1270 621 1347 utique
644 1265 781 1328 Christus
802 1268 834 1327 in
858 1284 893 1327 ea
915 1284 1055 1328 mensura
1078 1268 1222 1345 corporis,
1244 1267 1276 1325 in
1301 1284 1359 1345 qua

347 1368 483 1420 mortuus
505 1364 559 1437 est,
581 1357 756 1429 resurrexit,
778 1372 835 1415 uec
858 1355 902 1416 ias
924 1364 972 1416 est
993 1354 1108 1437 dicere,
1131 1372 1199 1415 cum
1223 1372 1358 1415 resurre-

346 1448 454 1509 ctionis
480 1447 612 1506 omnium
639 1452 757 1523 tempus
785 1444 914 1525 venerit,
940 1460 1128 1504 accessuram
1151 1444 1271 1521 corpori
1293 1444 1360 1503 cius

346 1554 410 1596 eam
429 1532 670 1613 magnitudinem,
693 1549 781 1610 quam
800 1549 860 1591 non
884 1530 995 1611 habuit,
1018 1530 1135 1609 quando
1158 1532 1189 1590 in
1214 1548 1248 1589 ea
1270 1529 1360 1590 disci·

295 1638 328 1687 10
345 1624 432 1704 pulis,
454 1624 486 1683 in
504 1638 563 1701 qua
580 1619 639 1681 illis
657 1629 722 1681 erat
744 1628 842 1699 notus,
865 1621 1010 1700 apparuit,
1033 1626 1068 1680 ut
1089 1619 1269 1697 longissimis
1293 1618 1360 1679 lieri

346 1714 440 1792 possit
458 1708 596 1790 aequalis.
642 1706 675 1769 Si
693 1716 791 1770 autem
814 1708 980 1769 dixerimus
1000 1708 1036 1769 ad
1060 1707 1201 1767 dominici
1224 1709 1361 1786 corporis

347 1800 468 1862 modum
490 1799 578 1857 etiam
603 1815 790 1875 quorumque
812 1798 924 1857 maiora
948 1813 1073 1875 corpora
1096 1794 1268 1876 redigenda,
1291 1813 1359 1875 pcr-

346 1888 402 1950 ibit
433 1888 469 1948 de
501 1885 663 1945 multorum
692 1884 869 1964 corporibus
901 1884 1076 1965 plurimum,
1108 1902 1178 1944 cum
1208 1884 1273 1963 ipse
1304 1902 1362 1944 nce

347 1975 484 2056 capillum
503 1976 672 2055 periturum
690 1992 757 2034 esse
775 1974 955 2053 promiserit.
996 1972 1100 2033 Restat
1118 1990 1199 2052 ergo,
1222 1980 1257 2032 ut
1274 1990 1361 2033 suam

296 2079 329 2127 15
347 2066 471 2145 recipiat
489 2065 616 2142 quisque
633 2079 812 2142 mensuram,
837 2080 924 2140 quam
947 2060 993 2121 vel
1015 2060 1118 2122 hahuit
1140 2063 1171 2121 in
1194 2063 1361 2141 iuventute,

347 2154 463 2215 etiamsi
494 2169 586 2213 senex
613 2159 659 2212 est
686 2158 835 2231 mortuus,
868 2150 913 2210 vel
941 2150 1038 2210 luerat
1061 2148 1231 2229 habiturus,
1261 2150 1287 2209 si
1311 2159 1360 2209 est

347 2251 414 2303 anto
433 2240 601 2320 defunctus,
624 2246 713 2317 atque
731 2238 813 2319 illud,
837 2239 916 2317 quod
941 2240 1182 2300 commemoravit
1205 2237 1360 2316 apostolus

347 2331 384 2391 de
407 2346 546 2390 mensura
569 2329 673 2389 aetatis
696 2325 888 2405 plenitudinis
912 2324 1035 2407 Christi,
1059 2334 1111 2387 aut
1132 2333 1256 2405 propter
1280 2325 1360 2386 aliud

348 2417 552 2498 intellegamus
574 2415 688 2476 dictum
710 2432 789 2495 esse,
813 2414 843 2475 id
867 2423 929 2495 est,
952 2424 985 2475 ut
1007 2414 1050 2475 illi
1073 2416 1163 2493 capiti
1185 2416 1216 2474 in
1240 2413 1360 2493 populis

295 2522 330 2571 20
349 2507 523 2569 Christianis
559 2504 718 2565 accedente
760 2505 893 2563 omnium
931 2503 1115 2582 perfectione
1153 2500 1361 2563 membrorum

347 2596 452 2657 aetatis
474 2596 539 2655 eius
562 2609 702 2653 mensura
724 2591 921 2673 compleatur,
945 2599 1010 2673 aut,
1034 2592 1059 2651 si
1082 2590 1140 2650 hoc
1162 2590 1199 2652 de
1221 2607 1360 2651 resurre-

348 2687 446 2744 otlone
475 2698 635 2761 corporum
663 2679 776 2742 dictum
803 2688 864 2760 est,
895 2682 938 2741 sic
968 2681 1147 2759 accipiamus
1170 2677 1297 2759 dictum,
1326 2687 1363 2740 ut

349 2789 405 2833 nec
427 2770 504 2831 inira
531 2787 586 2830 nec
609 2768 685 2829 ultra
715 2766 881 2829 iuvenalem
904 2767 1028 2827 sormam
1051 2774 1210 2845 resurgant
1234 2784 1363 2847 corpora

348 2867 543 2937 mortuorum,
565 2855 668 2917 sedin
691 2859 755 2917 eius
778 2864 873 2917 aetate
897 2864 927 2916 et
949 2856 1066 2937 robore,
1090 2873 1185 2933 usque
1208 2853 1245 2915 ad
1269 2872 1362 2933 quam

296 2962 330 3011 to
349 2947 499 3007 Christum
518 2944 565 3004 lsio
584 2946 755 3023 pervenisse
774 2946 965 3023 cognovimus
984 2937 1079 3025 (circo
1101 2945 1223 3022 triginta
1249 2945 1362 3022 quippe

349 3053 442 3097 annos
477 3033 658 3093 definierunt
693 3050 759 3094 esse
796 3035 885 3093 etiam
921 3032 1032 3093 saeculi
1068 3032 1157 3093 huius
1195 3032 1362 3092 doctissimi

350 3125 485 3185 homines
507 3123 705 3200 iuventutem3
733 3138 807 3199 quae
832 3139 900 3181 cum
924 3121 1014 3182 luerit
1037 3122 1131 3200 spatio
1154 3121 1276 3200 proprio
1300 3129 1362 3179 ter-

351 3215 472 3291 minata,
499 3208 568 3269 inde
591 3210 648 3268 iam
673 3208 823 3269 hominem
844 3211 876 3269 in
900 3209 1076 3271 detrimenta
1099 3225 1223 3287 vergere
1246 3210 1362 3286 gravio-

350 3303 392 3362 ris
419 3317 454 3361 ac
480 3296 582 3359 senilis
609 3289 743 3380 aetatis);
770 3305 801 3358 et
823 3297 891 3357 ideo
915 3315 974 3358 non
997 3315 1063 3359 esse
1086 3296 1200 3357 dictum
1222 3297 1254 3356 in
1278 3313 1362 3356 men-

417 3442 461 3509 18)
479 3439 550 3510 Eph.
570 3444 594 3505 t,
611 3444 652 3493 13.

418 3602 451 3651 10
473 3597 552 3651 lieret
575 3612 637 3666 seq.
655 3596 696 3663 R,
719 3596 787 3651 fisi?
804 3598 815 3664 ll
834 3601 866 3649 ld
886 3598 939 3667 esi]
959 3596 997 3651 sii
1010 3598 1070 3666 pE
1084 3598 1094 3665 ll
1112 3597 1136 3650 si
1155 3598 1209 3669 esi]
1228 3598 1315 3652 eiiam
1335 3600 1361 3653 si

347 3667 456 3791 psaltem?
467 3664 704 3791 ploffirguuenilem
719 3664 813 3734 ae²po
830 3669 839 3735 ΙΙ
858 3672 892 3719 24
911 3668 1004 3721 seiaie
1023 3666 1073 3722 sed
1090 3667 1190 3723 robore
1203 3669 1243 3737 A,
1263 3671 1361 3725 rrrolim
