3284 4459
335 508 379 573 20
740 524 762 564 s.
776 517 942 565 nnonsrmt

335 658 440 719 beatos
472 659 640 739 videretur,
672 658 793 719 Socrnte
821 657 990 738 disputante
1019 665 1051 740 et
1080 660 1106 720 ei
1135 676 1223 737 quam
1252 661 1344 719 miser

336 755 424 829 esset,
448 749 586 825 quoniam
609 744 717 807 stultus
740 753 829 820 esset,
849 746 1072 808 ‘demonstrante
1095 746 1221 808 flevisse.
1266 746 1343 807 fluic

337 852 407 913 ergo
435 833 560 895 stultitia
591 834 648 895 init
677 852 765 895 causa
793 838 882 895 etiam
912 834 1000 895 huius
1028 834 1109 895 utilis
1138 836 1344 915 optandaeque

335 925 488 1003 tristitiae,
515 940 572 1001 qua
595 922 683 982 homo
707 941 828 984 essese
852 922 943 1002 dolet,
971 921 1050 1001 quod
1073 941 1139 983 esse
1163 942 1222 983 non
1245 923 1343 984 debet.

301 1010 429 1071 ostoioi
456 1020 554 1072 autem
582 1029 642 1071 non
670 1010 808 1093 stultum,
840 1011 893 1072 sed
920 1013 1084 1089 sapientem
1113 1013 1197 1072 aiunt
1225 1013 1345 1072 tristem

337 1116 402 1159 esse
426 1117 486 1159 non
508 1116 605 1179 posse.

674 1250 676 1257 ’
742 1252 860 1318 Garun
882 1252 936 1317 IX.

337 1364 383 1423 De
402 1364 683 1438 perturbationibus
701 1366 803 1437 anian,
826 1380 957 1437 puerum
980 1364 1110 1438 affectus
1131 1371 1232 1425 rectos
1253 1365 1347 1425 habet

719 1454 781 1511 vita
805 1454 959 1512 iustorum.

285 1568 318 1617 10
425 1554 534 1618 Verum
561 1556 608 1616 his
628 1554 830 1637 philosophis,
857 1557 937 1635 quod
964 1556 1001 1617 ad
1027 1560 1113 1619 istam
1141 1560 1346 1638 quaestionem

295 1646 298 1653 ⁴
338 1645 374 1705 de
404 1646 493 1705 animi
527 1643 800 1725 perturbationibus
831 1644 959 1726 adtinet,
987 1648 1046 1705 iam
1074 1646 1282 1727 respondimus
1312 1650 1346 1707 in

337 1751 416 1793 nono
439 1732 528 1793 huius
551 1734 650 1812 operis
673 1730 759 1813 libro,
781 1732 973 1793 ostendentes
996 1752 1048 1793 eos
1071 1752 1130 1796 non
1154 1743 1214 1795 tarn
1236 1734 1273 1795 de
1296 1754 1344 1795 re·

337 1821 407 1901 hus,
434 1839 522 1900 quarn
548 1820 585 1881 de
613 1819 711 1881 verbis
742 1821 910 1899 cupidiores
940 1840 1006 1883 esse
1034 1824 1233 1883 contentionis
1256 1842 1345 1902 quam

337 1911 477 1969 veritatis.
521 1909 607 1988 Apud
636 1927 691 1969 nos
721 1918 820 1970 autem
851 1912 932 1969 iuxta
960 1912 1123 1989 scripturas
1152 1919 1269 1971 sanctas
1299 1931 1344 1972 sa-

286 2010 318 2058 15
338 2015 464 2076 namque
496 1997 661 2057 doctrinam
693 1998 772 2058 cives
804 2005 923 2057 sanctae
955 2000 1081 2058 civitatis
1110 1997 1164 2059 Dei
1192 2001 1224 2059 in
1254 1999 1344 2061 huius

294 2082 300 2096 ¹
339 2087 413 2145 vitae
447 2087 685 2165 peregrinatione
723 2084 886 2145 secundum
918 2084 1012 2145 Deum
1043 2088 1175 2147 viventes
1207 2095 1345 2148 metuunt

339 2174 536 2254 cupiuntque,
567 2170 667 2233 dolent
694 2172 895 2253 gaudentque,
925 2182 955 2233 et
977 2176 1046 2253 qnia
1068 2184 1170 2235 rectus
1192 2184 1239 2236 est
1261 2194 1344 2238 amor

339 2278 456 2343 eorum,
480 2262 551 2322 istas
579 2279 682 2350 ornnes
710 2262 880 2321 affectiones
908 2269 1004 2322 rectas
1036 2260 1153 2323 habent.
1207 2263 1344 2324 Metuunt

337 2367 463 2429 poenam
485 2357 648 2429 aeternam,
675 2352 800 2429 cupiunt
821 2350 910 2409 vitam
933 2360 1095 2431 aeternam,
1126 2350 1226 2413 dolent
1247 2354 1278 2412 in
1301 2371 1344 2432 re,

286 2450 320 2511 20
339 2438 406 2517 qnia
434 2438 491 2515 ipsi
518 2439 549 2497 in
578 2445 672 2497 semet
698 2439 771 2516 ipsis
800 2436 897 2497 adhuc
923 2439 1129 2516 ingemescunt
1155 2439 1345 2518 adoptionem

339 2532 538 2604 expectantes,
554 2524 788 2604 redemptionem
815 2526 951 2604 corporis
977 2528 1037 2606 sui,
1066 2525 1196 2604 gaudent
1222 2528 1253 2587 in
1281 2545 1348 2609 spe,

338 2616 406 2693 qsria
429 2613 480 2673 fiet
506 2630 617 2687 sermo,
644 2616 698 2687 qui
723 2616 856 2689 scriptus
878 2620 936 2674 est:
968 2616 1119 2690 Absorpto
1141 2622 1187 2675 est
1207 2632 1289 2676 mors
1311 2619 1343 2677 in

337 2704 505 2763 uictoriam.
550 2700 624 2760 ltern
652 2707 789 2761 metuunt
814 2719 952 2783 peccare,
985 2704 1109 2783 cupiunt
1137 2720 1344 2783 perseverare;

338 2790 439 2850 dolent
464 2791 660 2868 inpeccatis,
688 2788 817 2868 gaudent
846 2791 877 2849 in
900 2789 1040 2868 operibns
1063 2789 1158 2851 bonis,
1202 2789 1242 2851 Ut
1264 2793 1344 2851 enim

286 2890 320 2939 25
339 2885 472 2940 metuant
493 2895 630 2957 peccare,
658 2876 794 2937 audiunt:
830 2879 976 2950 Quoniam
999 2880 1168 2940 abundabit
1190 2882 1352 2954 iniquitas„

338 2966 520 3042 resripeseet
555 2968 672 3027 caritas
707 2970 885 3037 multorum
921 2974 955 3027 ut
993 2969 1112 3045 cupiant
1142 2985 1345 3049 perseverare,

338 3053 461 3114 audiunt
484 3052 562 3132 quod
587 3056 731 3133 scriptum
754 3062 812 3114 est:
850 3056 910 3127 Qui
926 3060 1173 3131 perseveraverit
1193 3074 1289 3131 usque
1312 3059 1344 3117 in

335 3146 440 3216 finem,
470 3143 522 3202 irie
548 3144 650 3203 salvus
678 3146 753 3214 erit;
785 3150 818 3202 nt
838 3140 958 3202 'doleant
979 3145 1011 3203 in
1034 3145 1175 3223 peccatis,
1207 3144 1344 3205 audiunt:

339 3232 375 3290 Si
395 3232 562 3290 dixerimus
584 3233 657 3304 puio
675 3238 838 3307 peceatum
854 3226 919 3290 ¹non
941 3232 1098 3305 habemus,
1121 3235 1276 3308 nosipsos
1298 3251 1342 3293 se·

284 3332 319 3381 30
339 3321 485 3399 ducimus,
507 3324 537 3377 et
550 3320 663 3378 veritas
678 3320 709 3378 in
722 3319 808 3381 nobis
822 3334 882 3378 non
896 3323 957 3389 est;
978 3327 1013 3378 ut
1030 3318 1177 3397 gaudeant
1193 3321 1225 3380 in
1248 3322 1344 3399 operi·

406 3432 432 3501 2)
447 3430 502 3486 cio.
513 3430 593 3485 Tusa.
610 3407 687 3499 sne
724 3434 768 3500 12)
783 3430 811 3486 0.
827 3436 856 3497 43
872 3436 896 3485 o.
930 3433 976 3500 21)
989 3430 1069 3485 Rom.
1080 3435 1105 3499 8,
1115 3436 1157 3484 sa.
1191 3433 1235 3497 23)
1251 3438 1275 3486 1.
1285 3430 1346 3485 eor,

336 3507 377 3569 15,
392 3508 434 3556 os.
473 3504 517 3572 eo)
535 3502 585 3557 nu.
607 3508 648 3569 24,
665 3508 706 3557 12.
744 3500 980 3572 2222221222.
1018 3506 1062 3571 ao)
1082 3508 1106 3556 1.
1120 3502 1164 3555 to.
1184 3507 1208 3569 1,
1223 3507 1248 3557 s.

406 3633 440 3680 14
458 3642 551 3680 sacros
569 3644 586 3681 o
605 3629 662 3694 (14,
676 3628 706 3693 7)
719 3628 730 3695 d
744 3629 777 3678 19
796 3624 827 3677 in
845 3640 875 3678 se
888 3625 1036 3696 Adiacet]
1050 3630 1084 3678 22
1099 3624 1214 3680 absorta
1232 3626 1348 3682 VAFG

334 3698 444 3755 cbelE
468 3698 543 3753 Oros.
571 3698 619 3755 edu
635 3697 723 3767 anpa
748 3712 778 3765 P·
798 3699 862 3763 662,
876 3700 910 3762 4,·
936 3696 1153 3767 2122022222.
1182 3697 1223 3752 od.
1247 3698 1348 3752 Knoell

331 3788 533 3857 22021911
556 3792 590 3840 23
612 3784 733 3839 uictoria
758 3779 850 3839 VEW
876 3783 952 3839 Oros.
971 3786 982 3853 fl
1004 3788 1039 3837 26
1062 3783 1221 3853 refi'igeseit
1243 3786 1318 3839 Vin
1338 3787 1349 3855 ΙΙ

336 3864 370 3912 29
390 3858 544 3927 decipimus
565 3853 623 3924 ΕἏ·
641 3856 676 3922 cf.
694 3859 741 3922 23,
754 3859 801 3909 28.

404 4090 549 4155 A
