3284 4459
523 499 563 539 nn
576 498 719 540 corruens
734 498 787 539 nur
801 497 827 539 n.
841 499 928 540 xrru.
942 498 966 540 o.
979 501 1012 541 u.
1025 501 1059 540 cs.
1233 483 1297 549 321

291 634 389 696 declm
408 632 547 694 tribubus
566 634 630 692 seni
648 632 791 713 homines,
814 634 930 712 linguae
949 633 1104 714 utriusque
1127 633 1299 714 doctissimi,

291 721 444 782 Hebraeae
469 720 581 782 scilicet
604 729 692 799 atque
716 720 857 802 Graecae,
887 739 1014 802 quorum
1038 723 1243 800 interpretatio
1265 730 1300 782 ut

292 810 485 890 Septuaginta
513 817 651 888 vocetur,
681 812 738 869 iam
766 809 893 870 obtinuit
920 810 1114 871 consuetudo.
1158 809 1300 870 Traditur

291 916 363 960 sane
390 905 450 959 tam
477 895 641 958 micabilem
669 915 703 958 ac
731 898 909 977 stupendum
936 897 1081 977 planeque
1108 897 1240 958 divium
1267 899 1299 959 in

292 1003 397 1048 eorum
429 984 527 1046 verbis
559 985 652 1046 luisse
685 1003 878 1066 consensum,
908 995 956 1066 nt,
983 1004 1051 1048 cum
1079 986 1114 1046 ad
1142 985 1199 1046 boc
1224 1004 1299 1066 opus
1311 997 1334 1048 a

291 1076 450 1154 separatim
480 1073 588 1152 singuli
616 1073 749 1134 sederint
775 1068 831 1156 (ita
858 1078 937 1135 enim
964 1092 1069 1135 eorum
1092 1074 1179 1135 iidem
1201 1074 1299 1136 Ptolo·

291 1181 377 1224 maeo
395 1162 505 1243 placuit
523 1154 702 1243 explorare),
725 1165 755 1223 in
779 1161 860 1222 nullo
883 1161 983 1243 verbo,
1005 1162 1085 1242 quod
1107 1163 1187 1223 idem
1210 1166 1298 1242 signi-

293 1253 396 1312 ticaret
414 1259 443 1312 et
462 1250 635 1312 tantundem
653 1250 772 1332 valeret,
795 1250 841 1311 vel
863 1254 895 1312 in
917 1250 1076 1312 verborum
1099 1251 1203 1311 ordine
1226 1250 1300 1312 alter

292 1340 329 1400 ab
353 1339 445 1401 altero
468 1338 665 1420 discreparet3
692 1338 744 1399 sed
768 1348 917 1418 tamquam
939 1357 1018 1400 unus
1041 1348 1121 1400 essct
1143 1342 1300 1421 interpres,

292 1431 333 1488 ito
357 1426 435 1507 quod
458 1444 561 1487 ornnes
583 1429 771 1506 interpretati
793 1437 863 1488 sunt
885 1445 978 1488 unum
1001 1436 1077 1507 erat3
1105 1429 1243 1506 quoniam
1266 1440 1354 1489 redo

293 1534 363 1577 vera
386 1518 508 1596 spiritus
536 1524 600 1576 erat
626 1533 705 1575 unus
734 1517 765 1577 in
789 1516 935 1576 omnibus.
980 1515 1019 1577 Et
1041 1515 1107 1576 ideo
1131 1525 1190 1576 tam
1213 1518 1299 1576 mira·

293 1604 351 1665 bile
375 1604 427 1666 Dei
455 1620 563 1664 munus
586 1612 774 1684 acceperant,
805 1613 839 1664 ut
863 1604 978 1665 illarum
1001 1606 1217 1686 scripturarum
1241 1621 1300 1664 non

292 1703 441 1772 tamquam
470 1691 677 1771 humanarum,
704 1691 770 1772 sed,
793 1695 871 1753 sicut
893 1701 991 1772 erant,
1019 1701 1167 1772 tamquam
1190 1692 1299 1753 divina·

294 1800 360 1842 rum
379 1784 468 1841 etiam
486 1783 544 1840 isto
563 1779 649 1840 modo
668 1780 927 1841 commendaretur
950 1781 1119 1860 auctoritas,
1142 1780 1301 1841 credituris

294 1870 471 1949 quandoque
489 1868 626 1947 gentibus
645 1869 810 1950 prolutura,
830 1869 908 1948 quod
927 1871 984 1929 iam
1003 1869 1136 1930 videmus
1153 1869 1300 1932 ellectum.
1315 1879 1354 1931 ³15

672 2039 788 2106 Garun
811 2039 927 2105 XLIII.

294 2153 339 2213 Ile
354 2151 539 2212 auctoritate
552 2153 746 2226 septoaprota
761 2153 967 2226 interpretum,
986 2167 1074 2225 quae,
1092 2155 1175 2212 sciro
1188 2155 1303 2214 bonore

282 2235 284 2242 ’
334 2240 470 2299 Hebraei
491 2240 559 2311 stili,
583 2240 720 2299 omnibus
740 2243 781 2299 sit
804 2240 1021 2314 interpretibus
1039 2238 1257 2315 praeferenda.

382 2342 455 2405 Nam
479 2360 546 2403 cum
570 2342 682 2403 luerint
704 2342 805 2405 etalii
828 2346 1018 2424 interpretes,
1040 2347 1091 2422 qui
1115 2363 1150 2404 ex
1169 2328 1309 2421 Hebraea'

292 2434 393 2512 lIngua
422 2434 452 2491 in
476 2428 617 2490 Graecam
647 2449 729 2492 sacra
756 2431 804 2491 illa
829 2431 944 2511 eloquia
967 2431 1197 2512 transtulerunt,
1225 2435 1304 2493 sicut
1321 2445 1355 2494 20

293 2519 410 2601 Aquila,
442 2518 648 2599 Symmachus,
681 2518 880 2600 Theodotion;
908 2522 986 2580 sicut
1008 2521 1096 2580 etiam
1119 2520 1168 2581 lila
1191 2528 1237 2580 est
1258 2523 1301 2581 in-

293 2609 486 2688 terpretatio,
522 2609 608 2668 cuius
637 2616 740 2668 auctor
772 2625 831 2668 non
865 2617 986 2687 apparet
1017 2617 1048 2668 et
1080 2607 1117 2668 ob
1149 2607 1205 2668 hoc
1238 2611 1302 2671 sine

295 2698 413 2757 nornine
436 2697 608 2774 interpretis
632 2697 733 2774 quinta
757 2695 847 2756 editio
871 2704 1073 2776 nuncupatur:
1095 2696 1171 2757 hanc
1195 2705 1302 2779 umen,

294 2803 370 2864 quae
391 2783 581 2864 Septuaginta
605 2792 659 2864 est,
683 2793 831 2862 tamquam
854 2784 916 2844 sola
939 2793 1027 2866 essct,
1051 2786 1094 2845 sle
1117 2786 1231 2864 recepit
1254 2775 1309 2846 ec·'

294 2873 400 2953 ciceia,
428 2889 520 2950 eaque
548 2880 675 2932 utuntur
703 2870 809 2932 Graeci
836 2871 938 2952 populi
967 2871 1142 2954 Christiani,
1174 2891 1302 2952 quorum
1320 2885 1354 2935 tt

294 2960 429 3041 plerique
453 2969 555 3020 utrum
585 2959 638 3020 alia
662 2961 700 3021 sit
723 2960 818 3038 aliqua
842 2963 987 3040 ignorant.
1033 2959 1076 3021 Ex
1098 2961 1153 3022 hac
1178 2960 1300 3041 Septua-

293 3052 375 3129 ginta
398 3050 642 3127 interpretatione
671 3050 759 3109 etiam
787 3051 817 3108 in
841 3047 974 3108 Latinam
1003 3048 1133 3129 linguam
1156 3052 1300 3128 interpre-

294 3147 388 3198 tatum
418 3144 479 3216 est,
512 3136 591 3215 quod
619 3135 760 3196 ecclesiae
783 3136 904 3197 Latinae
934 3145 1050 3218 teueut3
1080 3139 1212 3216 quamvis
1242 3156 1301 3197 non

294 3225 423 3286 deluerit
451 3224 634 3304 temporibus
663 3227 773 3285 nostris
800 3223 956 3304 presbyter
985 3223 1196 3305 Hieronymus,
1213 3225 1301 3285 homo
1333 3279 1336 3285 ,

295 3314 484 3374 doctissimus
508 3322 538 3374 et
560 3316 691 3374 emulum
714 3315 805 3373 trium
829 3312 996 3391 linguarum
1020 3315 1143 3392 peritus,
1167 3315 1217 3391 qui
1241 3331 1300 3372 non
1319 3326 1354 3374 ³0

295 3421 331 3462 ex
355 3400 482 3481 Graeco,
505 3399 556 3461 sed
581 3419 616 3461 ex
639 3398 773 3462 Hebraeo
796 3402 827 3461 in
850 3399 986 3461 LatInum
1011 3399 1160 3479 eloquium
1184 3399 1301 3460 easdem

295 3491 458 3568 scrIpturas
486 3491 674 3550 converterit.
720 3486 778 3548 Sed
807 3490 871 3548 eius
899 3497 958 3548 mm
986 3487 1146 3549 litteratum
1171 3488 1301 3549 laborem

294 3578 428 3656 quamvis
450 3575 551 3637 ludaei
579 3577 725 3638 lateantur
752 3593 817 3635 csse
848 3594 996 3658 veracem,
1024 3578 1208 3655 septuaginta
1231 3594 1300 3636 vero

294 3668 475 3743 interpretes
502 3667 533 3724 in
556 3663 655 3724 multis
679 3680 794 3724 errasse
818 3663 1011 3725 contendant:
1039 3673 1136 3724 tamen
1159 3662 1300 3725 ecclesiae

294 3751 406 3813 Christi
429 3760 474 3814 tot
491 3751 643 3812 hominum
665 3753 835 3814 auctoritati
857 3750 893 3811 ab
911 3751 1049 3813 Eleazaro
1068 3759 1140 3813 tuuc
1162 3751 1300 3830 pontillce
1318 3765 1353 3812 ao

348 3870 405 3902 noo.
420 3869 452 3902 on
466 3868 575 3902 ormont.
602 3859 633 3901 11.
1054 3853 1087 3902 21
1124 3880 1126 3885 ·
