3284 4459
547 526 587 566 nn
601 524 743 566 orvrusun
756 526 810 566 nm
823 525 850 565 n.
864 525 914 566 xv.
927 524 951 566 c.
965 526 997 566 ts.
1012 526 1044 565 rs.
1253 507 1295 571 91

285 659 333 721 Ex
356 679 416 740 quo
439 660 569 739 intellegi
590 668 702 741 potest,
725 667 841 720 veteres
864 676 982 738 quoqne
1004 657 1140 718 homines
1161 664 1230 718 ante
1253 656 1296 717 di·

285 750 406 810 luvium
433 767 492 808 non
518 750 744 828 primogenitoS,
772 747 824 808 sed
852 765 903 808 eos
927 747 1019 807 luisse
1042 752 1297 825 commemoratos,

286 856 343 918 per
361 854 438 916 quos
456 837 529 897 ordo
547 836 769 898 succedentium
787 837 1012 915 generationum
1033 834 1069 894 ad
1088 833 1150 894 Noe
1172 835 1296 913 patriar·

286 927 375 987 cham
404 925 577 1006 duceretur,
605 942 644 986 ue
673 943 756 986 serae
783 923 949 1004 pubertatis
975 922 1095 985 illorum
1117 921 1243 984 obscura
1266 929 1298 982 et

287 1033 348 1076 non
373 1015 541 1075 necessaria
563 1015 697 1093 quaestio
721 1031 775 1073 nos
799 1014 909 1092 fatiget.
1317 1021 1333 1067 5

683 1219 801 1287 (larun
820 1219 908 1284 XVI.

315 1349 360 1410 De
381 1352 451 1411 iure
473 1351 692 1424 coniectorum,
715 1351 797 1424 quod
819 1350 962 1409 dissimile
984 1365 1004 1407 u
1025 1347 1276 1422 subsequentibus

458 1440 657 1498 matrimoniis
680 1439 844 1498 inbuerint
862 1439 964 1512 primu
987 1437 1126 1496 conubia.

380 1559 455 1621 Cum
481 1563 572 1639 igitur
601 1579 695 1639 genus
726 1558 888 1620 humanum
915 1566 983 1638 post
1009 1560 1134 1637 primam
1161 1555 1296 1637 copulam

290 1652 346 1710 viri
365 1650 436 1709 lacti
454 1667 490 1709 ex
507 1648 629 1728 pulvere
648 1656 679 1709 et
696 1649 830 1726 coniugis
849 1649 914 1707 eius
932 1665 969 1707 ex
987 1649 1043 1707 viri
1060 1646 1151 1706 latere
1171 1647 1305 1707 marium*
1317 1639 1351 1689 ¹⁰

291 1739 527 1816 feminarumque
560 1738 767 1797 coniunctione
804 1753 879 1814 opus
914 1734 1046 1816 haberet,
1082 1743 1116 1795 ut
1151 1734 1298 1813 gignendo

291 1825 552 1906 multiplicaretur,
575 1843 631 1886 nec
653 1832 756 1885 essent
778 1823 830 1885 ulli
852 1823 1000 1898 homines,
1028 1825 1086 1883 nisi
1109 1825 1160 1902 qui
1182 1842 1218 1883 ex
1240 1821 1298 1882 illis

291 1913 409 1975 duobus
437 1916 498 1974 nati
524 1914 664 1974 luissent:
690 1915 747 1973 viri
774 1930 893 1972 sorores
923 1930 991 1972 suas
1014 1913 1156 1989 coniuges
1178 1929 1298 1991 accepe-

291 2011 376 2083 runt,
404 2001 483 2080 quod
506 2003 640 2080 protecto
664 2010 773 2080 quanto
797 2009 844 2062 est
866 2003 1016 2080 antiquius
1039 1998 1224 2079 conpellente
1247 2017 1298 2058 ne·

291 2093 444 2172 cessitate,
476 2097 557 2150 tanto
590 2097 692 2168 postea
720 2091 830 2151 lactum
858 2098 904 2149 est
931 2087 1125 2148 damnabilius
1155 2087 1297 2166 religione
1319 2098 1351 2148 15

291 2179 477 2260 prohibente.
522 2176 627 2238 Habita
649 2187 695 2239 est
717 2180 797 2238 enim
819 2179 895 2238 ratio
917 2179 1081 2237 rectissima
1104 2178 1244 2257 caritatis,
1266 2185 1299 2236 ut

292 2269 442 2347 homines,
465 2265 573 2345 quibus
596 2273 675 2327 esset
697 2265 778 2326 utilis
802 2273 890 2343 atque
914 2265 1037 2325 honesta
1060 2265 1232 2344 concordia,
1255 2263 1298 2324 di·

292 2373 446 2416 versarum
474 2354 727 2415 necessitudinum
755 2354 880 2414 vinculis
908 2361 1113 2432 necterentur,
1142 2371 1198 2413 nec
1221 2371 1299 2412 unus

293 2447 324 2505 in
348 2462 407 2504 uuo
430 2441 536 2504 multas
559 2442 694 2524 haberet,
722 2442 774 2502 sed
798 2442 929 2520 singulae
953 2449 1164 2522 spargerentur
1185 2442 1216 2500 in
1240 2441 1298 2500 siu·

293 2531 378 2612 gulos
414 2550 447 2592 ac
475 2533 518 2592 sic
546 2531 582 2591 ad
613 2531 751 2592 socialem
783 2533 871 2591 vitam
899 2529 1069 2608 diligentius
1097 2528 1299 2607 conligandam
1318 2541 1352 2589 20

292 2621 437 2701 plurimae
474 2618 618 2698 plurimos
655 2619 834 2680 obtinerent.
887 2618 977 2679 Pater
1010 2619 1119 2697 quippe
1153 2625 1183 2677 et
1214 2634 1300 2676 socer

293 2709 420 2769 duarum
439 2715 509 2768 sunt
528 2708 779 2768 necessitudinum
798 2709 925 2767 nomina.
965 2705 1005 2766 Ut
1023 2724 1093 2784 ergo
1113 2705 1201 2765 alium
1220 2708 1299 2784 quis·

294 2815 353 2876 que
375 2794 482 2856 habeat
499 2804 622 2875 patrem,
645 2797 733 2856 alium
757 2813 902 2875 socerum,
926 2796 1114 2855 numerosius
1137 2812 1169 2854 se
1193 2797 1300 2854 caritas

293 2886 428 2965 porrigit.
473 2883 638 2962 Utrumque
661 2894 760 2945 autem
782 2902 861 2944 unus
883 2882 974 2942 Adam
998 2901 1063 2943 esse
1087 2881 1247 2960 cogebatur
1270 2890 1301 2943 et

294 2974 362 3033 tiliis
390 2980 421 3033 et
447 2970 562 3033 tiliabus
590 2974 665 3054 suis,
692 2972 808 3051 quando
837 2973 945 3032 tratres
972 2989 1149 3050 sororesque
1173 2969 1299 3031 conubio
1319 2983 1353 3030 ns

295 3059 502 3140 iungebantur.
549 3060 598 3121 Sic
616 3068 646 3120 et
664 3059 724 3120 Eva
741 3078 817 3121 uxor
835 3062 901 3120 eius
922 3061 1042 3138 utrique
1066 3061 1151 3119 sexui
1172 3058 1300 3119 liliorum

295 3151 351 3210 luit
379 3156 409 3210 et
439 3166 542 3208 socrus
571 3157 600 3210 et
626 3157 733 3228 mater;
760 3165 836 3226 quae
864 3150 890 3208 si
918 3148 993 3208 duae
1016 3148 1142 3207 laminae
1165 3148 1301 3227 luissent,

295 3245 390 3298 mater
408 3236 500 3297 altera
518 3243 548 3296 et
566 3255 670 3298 socrus
693 3235 793 3317 altera,
816 3238 965 3316 copiosius
987 3254 1020 3296 se
1043 3234 1159 3296 socialis
1182 3235 1300 3296 dilectio

296 3325 466 3404 conligaret.
511 3324 577 3404 lpsa
609 3326 735 3404 denique
767 3327 824 3385 iam
857 3342 959 3403 soror,
995 3322 1073 3403 quod
1106 3325 1194 3384 etiam
1226 3341 1301 3384 uxor

296 3413 398 3495 tiebat,
426 3413 498 3474 duas
525 3413 644 3475 tenebat
671 3431 729 3474 una
756 3411 1004 3492 necessitudinem
1032 3410 1141 3491 quibus
1163 3430 1217 3490 per
1240 3413 1299 3471 sin·
1318 3425 1353 3475 30

296 3501 380 3580 gulas
403 3500 576 3584 distributis,
599 3512 633 3563 ut
656 3501 746 3562 altera
769 3509 849 3561 esset
870 3518 965 3582 soror,
987 3499 1079 3562 altera
1102 3517 1185 3579 uror,
1208 3499 1300 3559 homi-

296 3608 368 3651 num
401 3607 525 3650 numero
559 3589 674 3652 socialis
705 3590 910 3671 propinquitas
941 3596 1110 3667 augeretur.
1156 3586 1215 3647 Sed
1244 3587 1301 3647 hoc

368 3789 401 3838 12
419 3783 674 3853 multiplicarentur
694 3782 782 3837 V¹Ae
799 3783 808 3852 ll
829 3788 861 3836 13
880 3784 973 3837 essent
991 3782 1020 3837 R
