3284 4459
359 505 402 568 82
760 517 961 561 saooosrm

359 653 436 732 apud
463 670 518 715 nos
545 662 665 714 eentum
693 653 878 732 septuaginta
908 655 1087 734 reperiatur,
1114 652 1191 732 apud
1215 653 1370 714 llehraeos

359 743 544 821 septuaginta
566 739 675 820 legitur
690 741 802 822 inisse,
830 740 947 820 qnando
970 743 1073 821 genuit
1094 737 1248 801 Maleleel?
1293 743 1369 814 Oois

358 837 481 909 generat
502 828 590 889 homo
614 831 779 908 septennis,
811 831 837 889 si
860 838 931 890 tunc
953 831 1024 890 anni
1045 831 1230 909 septuaginta
1253 847 1368 892 nuncu·

358 916 514 998 pabantur,
537 919 589 997 qui
613 925 727 996 septem
749 914 894 979 inerunt?

323 1141 340 1191 ⁵
749 1141 868 1208 Oarur
890 1141 979 1207 XIII.

359 1272 407 1333 An
431 1275 462 1334 iu
486 1274 728 1332 dinumeratione
751 1287 901 1331 annorum
923 1271 1134 1332 Hebraeorum
1155 1275 1253 1346 mopis
1275 1289 1369 1347 quom

438 1363 631 1437 septoootnta
655 1362 853 1436 interpretum
875 1362 916 1420 sit
936 1362 1090 1435 sequendo
1113 1364 1290 1421 auotoritas.

448 1483 506 1544 Sed
526 1501 594 1544 cum
611 1482 668 1542 hoc
687 1483 802 1562 dixero,
828 1483 969 1542 continuo
987 1481 1136 1544 referetur
1153 1482 1227 1543 illud
1245 1481 1369 1544 ludaeo-

359 1591 426 1634 rum
454 1590 520 1633 esse
547 1570 746 1651 mendacium,
773 1569 809 1630 de
839 1588 898 1649 quo
926 1572 1063 1649 superius
1091 1573 1163 1630 satis
1185 1579 1284 1632 aetum
1307 1581 1369 1653 est3
1465 1584 1466 1589 ’

308 1673 341 1722 10
360 1679 427 1722 nam
455 1662 639 1739 septuaginta
670 1660 850 1737 interpretes
879 1656 1064 1719 laudabiliter
1093 1658 1257 1721 celebratos
1287 1663 1370 1721 viros

360 1767 419 1808 non
448 1751 581 1828 potuisse
610 1748 738 1807 mentiri.
784 1745 841 1806 Ubi
869 1748 894 1806 si
922 1763 1073 1828 quaeram,
1102 1748 1172 1826 qoid
1201 1750 1240 1808 sit
1269 1748 1368 1809 eredi-

359 1836 461 1917 bilios,
488 1835 664 1897 ludaeorum
691 1841 808 1914 gentem
837 1842 897 1895 tam
924 1834 1011 1913 longe
1037 1835 1154 1914 lateque
1177 1836 1313 1898 diliusam
1335 1840 1369 1898 in
1466 1846 1467 1867 ¹

359 1925 416 1984 hoc
448 1923 694 1984 conscribendum
725 1922 911 1984 mendacium
945 1941 1005 1983 uno
1042 1923 1165 1984 consilio
1195 1928 1368 2003 conspirare

359 2015 491 2092 potuisse
515 2021 554 2094 et,
572 2011 643 2072 dum
661 2011 725 2072 aliis
744 2011 876 2071 invident
893 2013 1108 2091 auctoritatem,
1131 2011 1188 2072 sibi
1210 2012 1368 2074 abstulisse

308 2114 341 2164 15
359 2104 527 2182 veritatem,
554 2119 591 2160 an
614 2101 799 2179 septuaginta
823 2099 970 2180 homiues,
1002 2101 1053 2178 qul
1076 2101 1163 2160 etiam
1187 2102 1244 2180 ipsi
1267 2099 1370 2162 ludaei

360 2197 453 2271 erant,
476 2207 535 2249 uno
558 2190 590 2249 in
612 2187 677 2248 loco
700 2189 826 2268 positos,
850 2190 987 2266 quoniam
1011 2205 1063 2248 rex
1086 2188 1246 2267 Aegyptios
1268 2189 1368 2250 Ptolo·

359 2295 461 2338 maeus
484 2295 535 2337 eos
558 2275 594 2336 ad
617 2275 673 2336 hoc
696 2294 771 2354 opus
794 2278 951 2356 asciverat,
980 2277 1073 2355 ipsam
1096 2279 1251 2337 veritatem
1273 2280 1368 2356 genti-

360 2365 416 2427 bus
452 2365 624 2443 alienigenis
660 2364 799 2428 invidisse
837 2371 867 2425 et
903 2366 1118 2425 communicato
1150 2366 1228 2425 istuc
1260 2366 1370 2427 secisse

361 2453 496 2515 consilio:
520 2455 588 2532 quis
615 2471 675 2513 non
702 2451 799 2512 videat
828 2452 899 2531 quid
922 2451 1082 2531 proclivius
1105 2452 1279 2532 faciliusque
1302 2472 1368 2514 cre·
1467 2506 1468 2515 ,

306 2556 341 2604 20
361 2538 469 2604 datur?
506 2540 565 2602 Sed
584 2539 660 2601 absit
677 2548 712 2601 ut
729 2539 862 2620 prudens
885 2542 1031 2619 quispiam
1053 2539 1099 2601 vel
1122 2540 1245 2601 ludaeos
1270 2544 1369 2602 cuius·

360 2629 433 2690 libet
459 2631 662 2708 perversitatis
690 2637 778 2707 atque
805 2628 932 2689 malitiae
961 2636 1074 2688 tantum
1102 2631 1235 2707 potuisse
1266 2630 1370 2691 eredat

359 2721 390 2779 in
422 2716 574 2778 codicibus
602 2724 661 2777 tam
691 2716 791 2776 multis
819 2725 935 2779 ettam
961 2716 1048 2795 longe
1075 2717 1192 2797 lateque
1215 2718 1371 2800 dispersis,

360 2805 407 2867 vel
430 2807 614 2885 septuaginta
640 2804 706 2865 illos
733 2804 940 2865 memorabiles
969 2807 1049 2865 viros
1072 2805 1129 2865 hoc
1152 2805 1188 2865 de
1211 2806 1369 2867 inridenda

360 2893 497 2974 gentibus
528 2895 649 2955 veritate
678 2911 771 2953 unum
798 2895 1032 2953 communicasse
1055 2893 1219 2954 consilium.
1265 2892 1369 2955 Credi·

307 2996 342 3044 25
361 2982 449 3043 bilius
471 3000 542 3061 ergo
566 2983 632 3060 quis
655 2981 775 3062 dixerit,
798 2982 1017 3060 cumprimum
1041 2981 1077 3041 de
1100 2980 1278 3044 bibliotheca
1299 2982 1370 3044 Pto-

361 3071 466 3130 lomaei
489 3069 616 3130 describi
639 3072 694 3130 ista
717 3077 895 3149 coeperunt,
922 3078 993 3129 tunc
1017 3068 1125 3147 aliquid
1149 3069 1206 3130 tale
1229 3071 1294 3131 fleri
1317 3090 1369 3150 po-

362 3161 454 3219 tuisse
481 3160 512 3219 io
540 3157 640 3218 codice
664 3176 738 3239 uno,
766 3152 818 3226 sed
841 3154 979 3236 primitus
1002 3157 1071 3218 inde
1095 3156 1258 3240 descripto,
1289 3159 1370 3220 unde

361 3250 419 3307 iam
448 3245 536 3306 latius
567 3254 730 3326 emanaret,
761 3242 941 3325 ubi'potuit
972 3245 1091 3323 quidem
1118 3241 1252 3306 accidere
1280 3249 1371 3308 etiam

362 3336 516 3413 scriptoris
553 3351 646 3394 error.
693 3332 751 3393 Sed
783 3333 840 3393 hoc
875 3336 907 3393 in
943 3332 991 3392 illa
1028 3335 1201 3412 quaestione
1238 3333 1274 3394 de
1311 3337 1371 3396 rita

307 3436 342 3484 30
360 3422 539 3483 Mathusalae
572 3440 631 3482 non
658 3420 820 3482 absurdum
848 3430 894 3483 est
923 3422 1086 3503 suspicari,
1118 3428 1148 3482 et
1176 3423 1209 3483 in
1230 3421 1280 3482 illo
1304 3423 1372 3505 alio,

432 3644 447 3691 2
465 3637 616 3692 Malolebel
634 3639 718 3705 obpo
735 3638 744 3707 tl
763 3643 779 3691 8
798 3639 905 3706 septem
925 3637 1007 3691 annis
1025 3636 1090 3692 RF
1103 3639 1113 3707 ΙΙ
1132 3642 1165 3690 16
1183 3636 1307 3706 Aegypti
1325 3653 1342 3691 o
1360 3637 1372 3706 l

359 3709 517 3792 ptolomeps
525 3725 580 3791 oasa
588 3715 655 3776 opt,
665 3707 842 3789 Ptolemaeus
851 3725 867 3762 o
876 3708 930 3833 ψ
938 3709 1011 3762 istuc
1022 3709 1103 3763 ΓΒΑ
1114 3712 1171 3776 (85,
1178 3712 1220 3775 5);
1230 3707 1323 3791 istqne
1332 3707 1369 3773 ⁶¹3

361 3781 571 3835 eommumcetrs
589 3781 657 3833 ione
670 3780 711 3846 F;
730 3778 807 3832 rstud
828 3779 877 3833 Ga
902 3797 916 3834 e
930 3797 973 3848 po
990 3781 1000 3848 ΙΙ
1018 3784 1050 3834 27
1071 3778 1120 3832 red
1137 3795 1203 3844 mss,
1227 3777 1335 3832 scilicet
1351 3796 1370 3832 o
