3284 4459
592 508 633 548 nn
645 507 789 549 emmanu
802 508 857 548 mm
871 508 898 549 n.
912 508 962 549 xx.
975 507 999 549 o.
1012 510 1048 549 m.
1251 496 1317 559 443

703 725 821 793 Oneon
840 727 927 792 XVI.

552 857 599 917 De
620 860 705 918 caelo
728 873 804 917 novo
828 864 857 916 et
879 863 965 916 terra
988 874 1073 917 noco.

400 977 498 1039 Finito
529 987 627 1040 autem
654 979 778 1059 indicio,
812 996 871 1057 quo
898 981 1116 1058 praenuntiavit
1145 979 1318 1042 iudicandos

312 1067 416 1147 malos,
445 1075 538 1129 restat
566 1075 600 1128 ut
629 1070 717 1128 etiam
741 1066 885 1127 debonis
909 1066 994 1127 dicat.
1040 1066 1202 1129 {amonim
1226 1068 1317 1148 expli·

312 1158 389 1222 cavit
411 1156 490 1234 quod
514 1156 645 1217 breviter
671 1174 688 1216 a
710 1154 834 1216 Domino
863 1154 975 1217 dictum
998 1164 1057 1216 est:
1084 1156 1138 1217 Sic
1160 1159 1246 1218 ibunt
1268 1161 1352 1218 istiu

312 1248 344 1305 ic
362 1247 543 1321 supplicium
561 1252 737 1315 aeternum
759 1245 896 1321 sequitur
915 1252 949 1304 ut
967 1243 1102 1323 explicet,
1126 1244 1204 1323 quod
1229 1247 1318 1305 etiam

311 1332 353 1392 ibi
377 1335 557 1394 conectitur:
582 1332 660 1393 Iusti
681 1340 782 1393 cutam
805 1336 836 1392 ia
859 1336 951 1393 citam
974 1339 1138 1393 aeternam.
1184 1333 1225 1392 Et
1247 1336 1317 1407 aidi,

311 1422 421 1501 inqrrit,
449 1425 566 1483 caelum
593 1438 701 1481 cocum
728 1428 758 1482 et
784 1428 900 1481 terram
928 1438 1043 1482 novam.
1089 1422 1166 1481 Nam
1185 1424 1318 1497 primum

310 1513 430 1571 caelum
452 1516 482 1571 et
504 1517 590 1572 terra
613 1516 812 1582 recesserunt,
837 1516 867 1570 et
887 1527 974 1570 more
997 1512 1057 1570 iam
1079 1526 1139 1571 non
1163 1517 1215 1571 est.
1256 1508 1317 1571 isto

312 1598 364 1657 siet
386 1596 505 1677 ordine,
533 1597 612 1676 quod
640 1600 778 1677 superius
807 1597 1051 1677 praeoccupando
1074 1600 1131 1658 iam
1155 1598 1247 1680 dixit,
1277 1601 1371 1659 ri-10

313 1685 392 1746 disse
425 1704 457 1746 se
491 1704 581 1764 super
609 1685 748 1745 thronum
777 1686 947 1766 sedentem,
980 1688 1065 1747 curius
1092 1704 1109 1747 a
1137 1688 1212 1748 facie
1242 1688 1319 1767 sugit

312 1773 428 1835 caelum
460 1781 489 1834 ct
518 1784 606 1834 terra.
651 1772 790 1834 iudicatis
819 1776 928 1854 quippe
956 1774 1016 1856 bis,
1045 1777 1096 1853 qui
1125 1778 1228 1855 scripti
1258 1793 1318 1836 non

313 1871 384 1923 sunt
410 1863 441 1922 in
469 1861 545 1921 libro
573 1864 663 1936 vitae,
697 1869 727 1923 et
753 1864 784 1922 in
813 1870 967 1923 aeternum
994 1864 1092 1942 ignem
1122 1866 1220 1924 missis
1251 1857 1318 1945 (qni

312 1953 390 2030 ignis
414 1952 499 2011 cuirrs
523 1950 602 2011 modi
625 1958 655 2011 et
676 1952 707 2010 in
732 1969 788 2029 qua
813 1950 915 2011 mundi
938 1950 983 2011 vel
1006 1969 1107 2013 rerum
1131 1960 1215 2031 parte
1239 1952 1317 2013 iutu-

313 2057 367 2099 rus
389 2040 443 2119 sit,
470 2038 619 2099 bominem
642 2041 719 2099 scire
747 2038 876 2099 arbitror
898 2041 1062 2121 neminem,
1089 2042 1146 2101 nisi
1169 2040 1245 2101 iorte
1270 2041 1318 2102 cui
1340 2051 1371 2099 15

314 2126 445 2207 Spiritus
468 2126 585 2187 divinus
607 2120 761 2209 ostendit),
785 2135 857 2188 tnnc
880 2127 973 2206 figura
996 2128 1085 2188 buius
1108 2128 1210 2189 muudi
1233 2147 1318 2189 mun·

313 2216 458 2276 danorum
488 2218 600 2294 ignium
630 2214 858 2293 conflagratione
889 2216 1078 2297 praeteribit,
1108 2220 1186 2277 sicut
1209 2218 1319 2277 sactum

313 2313 360 2364 est
384 2305 598 2373 mundanarum
616 2322 758 2383 aquarum
780 2303 973 2364 inundatione
996 2304 1146 2366 diluvium.
1192 2304 1243 2365 iila
1266 2307 1319 2365 ita·

315 2411 388 2474 que,
417 2404 452 2453 ut
478 2391 554 2472 dixi,
585 2392 812 2470 conflagratione
841 2391 987 2452 mundana
1016 2393 1231 2454 elementorum
1255 2411 1318 2453 cor-

315 2481 500 2559 ruptibilium
528 2479 696 2559 qualitates,
724 2498 799 2560 quae
827 2480 1003 2561 corporibus
1031 2484 1142 2542 nostris
1172 2482 1318 2560 corrupti·
1339 2491 1373 2539 20

315 2568 423 2630 bilibus
455 2567 674 2649 congruebaut,
705 2569 836 2630 ardendo
867 2573 986 2649 penitus
1018 2569 1199 2649 interibunt,
1232 2577 1319 2648 atque

316 2660 379 2736 ipsa
411 2656 575 2718 substantia
606 2676 655 2717 eas
685 2658 840 2736 qualitates
874 2657 1007 2739 babebit,
1040 2676 1114 2737 quae
1145 2657 1320 2737 corporibus

316 2745 521 2807 inmortalibus
554 2745 681 2806 mirabili
718 2748 879 2807 mutatione
916 2749 1104 2827 conveniant3
1142 2755 1176 2808 ut
1208 2746 1322 2808 scilicet

317 2834 444 2894 mundus
468 2837 498 2893 in
527 2834 633 2894 meiius
662 2836 818 2896 innovatus
842 2844 908 2915 apte
932 2835 1173 2897 adcommodctur
1196 2835 1320 2897 homini·

317 2922 373 2983 bus
401 2925 488 2983 etiam
517 2940 605 2983 carne
632 2924 664 2983 in
692 2923 797 2983 melius
825 2924 978 2983 innovatis.
1024 2923 1109 2995 Quod
1138 2932 1236 2985 autem
1268 2926 1321 2985 ait:
1341 2932 1373 2981 25

317 3012 357 3072 Et
385 3029 471 3073 mare
501 3014 562 3072 iam
591 3028 651 3073 noc
679 3020 737 3073 est:
764 3018 866 3072 utrum
893 3014 1017 3071 maximo
1050 3011 1100 3072 ilio
1128 3013 1233 3074 ardore
1264 3014 1319 3072 sic·

316 3107 402 3161 cetur
425 3117 461 3161 an
481 3106 511 3160 et
529 3102 626 3180 ipsum
651 3107 782 3160 vertatur
805 3101 836 3160 in
860 3099 973 3181 melius,
997 3119 1055 3160 non
1079 3101 1163 3161 saciie
1187 3101 1320 3161 dixerim.

318 3186 439 3249 Caelum
461 3191 571 3268 quippe
590 3206 698 3249 novum
721 3197 752 3249 et
773 3195 884 3249 terram
907 3206 1011 3248 novam
1034 3188 1164 3249 suturam
1187 3189 1321 3269 legimus

316 3276 353 3337 de
382 3279 455 3337 mari
483 3283 581 3337 autem
609 3294 684 3337 novo
712 3275 819 3355 aliquid
850 3295 895 3336 me
926 3279 1040 3355 uspiam
1063 3276 1168 3355 legisse
1191 3295 1251 3337 nou
1275 3295 1320 3336 re·

317 3364 395 3445 coio3
419 3366 478 3425 nisi
500 3363 579 3444 quod
602 3365 632 3425 iu
656 3364 712 3425 hoc
736 3364 839 3425 eodem
863 3364 938 3424 libro
962 3366 1124 3443 reperitur:
1159 3365 1321 3441 Tamquam
1341 3373 1376 3421 30

390 3519 416 3584 a)
434 3516 484 3571 me
504 3522 547 3583 25,
565 3522 609 3572 ao.
646 3519 674 3585 o)
692 3515 778 3585 apoc.
797 3522 841 3582 21,
861 3523 884 3571 1.

383 3706 400 3755 ὁ
416 3700 458 3754 sic
470 3716 525 3755 mss
537 3701 614 3768 (487,
623 3702 691 3767 28);
705 3715 755 3753 ona
765 3699 804 3767 oi
818 3702 834 3751 9
849 3699 878 3751 et
891 3699 966 3751 berra
979 3712 1045 3764 acam
1061 3700 1089 3752 eb
1103 3699 1193 3767 prima
1208 3700 1326 3769 tertavi

313 3778 346 3825 11
367 3787 383 3825 a
401 3772 529 3838 cuiuso3
547 3771 582 3837 cf.
602 3774 666 3836 439,
679 3773 717 3824 25
735 3772 744 3839 b
763 3774 796 3822 26
816 3769 868 3822 erit
888 3768 929 3823 R*
