3284 4459
347 507 409 570 120
745 519 942 562 snuousxnu

345 658 397 715 illo
416 658 515 716 exierit
528 657 626 716 Assur
644 664 674 716 et
692 658 866 728 aedificavit
887 657 1021 717 Nineven
1044 663 1073 718 et
1095 655 1213 717 Robotb
1235 659 1341 716 eivita-

345 751 402 803 tem
425 751 455 803 et
474 744 607 804 Cbaloele
621 751 651 803 et
667 745 776 804 Darem
799 747 879 805 inter
900 747 1030 805 medium
1053 745 1186 804 Ninevoe
1208 752 1239 804 et
1264 745 1342 805 Oba·

344 833 428 892 laeb:
450 833 651 891 haeccivitas
673 848 791 905 magna.
836 831 895 892 lste
917 850 1007 911 porro
1025 831 1114 911 Chus,
1135 841 1219 908 pater
1242 834 1341 910 gigan-

345 920 383 978 tis
405 917 549 998 Nebroth,
577 921 689 996 primus
716 921 882 979 nominatus
912 921 1010 980 estin
1033 919 1100 979 liliis
1122 917 1227 1000 Cbam,
1256 921 1342 981 cuius

310 1019 327 1066 o
346 1008 475 1084 quinque
497 1007 548 1066 lilii
571 1007 627 1066 iam
650 1007 767 1067 luerent
789 1009 949 1085 computati
972 1014 1002 1067 et
1023 1016 1146 1086 nepotes
1168 1008 1235 1067 diro.
1283 1007 1342 1068 Sed

344 1096 434 1153 istum
460 1096 606 1172 gigantem
633 1103 683 1154 aut
705 1102 772 1173 post
794 1104 917 1174 nepotes
940 1113 1009 1154 suos
1032 1102 1116 1154 natos
1138 1097 1252 1175 genuit,
1281 1105 1342 1177 aut,

346 1180 423 1259 quod
442 1190 487 1241 est
505 1181 682 1261 credibilius,
705 1200 838 1242 seorsum
857 1182 893 1243 de
912 1182 960 1242 illo
979 1192 1100 1262 propter
1123 1184 1187 1243 eius
1211 1185 1341 1243 eminen-

345 1272 415 1330 tiam
434 1270 578 1347 scriptura
596 1269 693 1329 locuta
716 1278 773 1350 est,
796 1270 912 1348 quando
935 1270 1054 1347 quidem
1077 1278 1107 1330 et
1129 1288 1253 1348 regnum
1276 1273 1342 1331 eius

346 1365 604 1417 commemoratum
634 1364 694 1438 est,
725 1359 810 1418 cuius
843 1360 959 1418 initium
989 1367 1052 1417 erat
1083 1357 1132 1418 illa
1161 1357 1342 1418 nobilissima

294 1458 328 1507 ιο
345 1443 473 1522 Babylon
505 1447 618 1525 civitas,
647 1453 677 1504 et
703 1463 777 1523 quae
805 1447 887 1505 iuxta
913 1454 1156 1505 commemoratae
1183 1455 1253 1506 sunt
1279 1448 1341 1506 sive

346 1534 477 1592 civitates
505 1535 565 1592 sive
592 1534 735 1610 regiones.
781 1531 864 1602 Quod
893 1550 962 1593 vero
989 1532 1100 1593 dictum
1128 1541 1174 1592 est
1200 1533 1237 1592 de
1260 1542 1341 1593 terra

346 1619 401 1698 illa,
424 1620 453 1679 id
477 1629 521 1680 est
544 1619 580 1680 de
603 1629 681 1680 terra
705 1619 849 1700 sennaar,
871 1638 947 1699 quae
969 1619 1134 1699 pertinebat
1157 1619 1192 1679 ad
1215 1638 1341 1698 regnum

346 1706 486 1787 Nebroth,
508 1709 603 1768 exisse
621 1709 714 1769 Assur
732 1717 761 1767 et
779 1709 946 1768 aedificasse
969 1707 1100 1767 Nineven
1123 1716 1152 1767 et
1174 1707 1245 1767 alias
1267 1725 1341 1786 quas

347 1797 497 1855 contexuit
519 1798 664 1875 civitates,
687 1796 772 1873 longe
795 1804 896 1874 postea
918 1797 1027 1855 lactum
1049 1804 1103 1875 est,
1126 1794 1204 1872 qnod
1227 1812 1263 1853 ex
1286 1794 1340 1854 bac

295 1895 327 1944 to
346 1885 498 1942 occasione
517 1885 689 1960 perstrinxit
706 1891 828 1962 propter
846 1882 1025 1943 nobilitatem
1044 1885 1128 1961 regni
1144 1883 1341 1960 Assyriorum,

347 1969 425 2046 quod
448 1969 620 2030 mirabiliter
638 1970 766 2030 dilatavit
784 1970 886 2050 Ninus,
908 1970 970 2030 Beli
992 1969 1079 2050 lilius,
1101 1969 1234 2030 conditor
1252 1967 1340 2026 Nine-

347 2074 398 2116 vae
413 2059 536 2118 civitatis
550 2075 683 2136 magnae3
702 2060 786 2118 cuius
804 2060 929 2118 civitatis
946 2075 1053 2118 nomen
1072 2076 1108 2118 ex
1125 2057 1204 2116 illius
1222 2056 1340 2114 nominc

347 2145 508 2205 derivatum
533 2153 586 2225 est,
609 2154 642 2206 ut
660 2163 675 2204 a
693 2145 768 2204 Nino
787 2145 898 2205 Nineve
920 2156 1083 2207 vocaretur.
1118 2145 1210 2204 Assur
1234 2153 1342 2222 autem,

347 2232 424 2292 unde
447 2233 567 2314 Assyrii,
589 2250 647 2292 non
670 2233 724 2293 luit
746 2236 777 2294 in
800 2232 867 2294 filiis
890 2232 989 2313 Cbam,
1011 2232 1100 2293 medii
1122 2232 1173 2291 lilii
1195 2230 1266 2310 Noe,
1289 2229 1342 2289 sed

294 2335 328 2384 20
346 2322 377 2379 iu
395 2319 461 2381 siliis
480 2319 549 2380 Sem
567 2321 723 2400 reperitur,
746 2323 797 2398 qui
814 2322 871 2381 luit
887 2320 949 2380 Noe
971 2322 1115 2380 maximus
1137 2319 1222 2378 lilius.
1258 2315 1343 2378 Unde

346 2416 466 2485 apparet
498 2407 534 2467 de
563 2410 703 2486 progenie
727 2407 795 2468 Sem
827 2417 945 2468 exortos
968 2409 1073 2488 luisse,
1100 2409 1151 2485 qui
1172 2414 1274 2484 postea
1296 2423 1343 2464 re·

346 2513 436 2573 gnum
459 2497 583 2572 gigantis
602 2495 679 2556 illius
698 2494 866 2555 obtinerent
890 2504 921 2556 et
946 2495 1014 2555 iude
1036 2495 1232 2574 procederent
1254 2500 1343 2570 atque

346 2581 415 2659 alias
435 2582 597 2642 conderent
614 2585 755 2661 civitates,
777 2601 901 2660 quarum
923 2585 1017 2660 prima
1040 2591 1085 2644 est
1108 2601 1125 2643 a
1146 2581 1222 2641 Nino
1246 2580 1344 2659 appel-

345 2668 402 2729 lata
434 2668 552 2729 Nineve.
597 2669 671 2730 Hinc
703 2669 816 2731 reditur
848 2669 883 2729 ad
916 2670 1003 2730 alium
1035 2670 1127 2730 silium
1155 2668 1260 2749 Cbam,
1292 2670 1345 2747 qrri

294 2770 327 2819 25
346 2754 504 2816 vocabatur
526 2757 675 2837 llesraim,
703 2766 733 2818 et
755 2767 1022 2818 commemorantur
1045 2776 1120 2836 quos
1142 2759 1257 2836 genuit,
1283 2774 1345 2816 non

346 2852 493 2923 tamquam
526 2845 633 2923 singuli
663 2845 810 2924 homines,
842 2846 893 2906 sed
921 2848 1053 2906 nationes
1081 2852 1202 2925 septem.
1247 2843 1286 2905 Et
1308 2843 1346 2904 de

346 2941 443 3012 sexta,
474 2932 553 2992 velut
585 2932 621 2992 de
649 2942 731 2993 sexto
759 2932 837 3012 ulio,
868 2950 940 3010 gens
967 2942 1213 2994 commemoratur
1241 2935 1346 3012 exisse,

349 3037 423 3096 quae
448 3020 608 3098 appellatur
631 3019 801 3100 Plrilistiim3
826 3020 903 3081 unde
925 3022 1001 3081 fiunt
1022 3031 1097 3081 octo.
1142 3020 1213 3081 lude
1235 3022 1347 3080 iterum

345 3109 381 3168 ad
406 3106 541 3169 Chanaan
563 3107 690 3189 reditur,
713 3109 744 3168 iu
767 3126 825 3186 quo
848 3108 907 3168 lilio
930 3109 1102 3169 maledictus
1125 3118 1171 3169 est
1193 3107 1293 3187 Cbam,
1317 3117 1348 3168 ct

293 3210 327 3258 80
346 3214 420 3274 quos
438 3198 540 3274 genuit
560 3195 696 3257 undecim
719 3198 916 3256 nominantur.
961 3196 1070 3257 Deinde
1094 3214 1189 3274 usque
1212 3194 1248 3255 ad
1271 3214 1348 3274 qnos

346 3284 419 3344 lines
455 3285 644 3362 pervenerint
685 3286 920 3343 commemoratis
965 3284 1139 3362 quibusdam
1178 3282 1347 3344 civitatibus

348 3371 464 3432 dicitur.
509 3371 550 3432 Ac
581 3389 635 3449 per
666 3370 722 3430 boc
754 3371 820 3430 liliis
853 3370 1069 3450 nepotibusque
1102 3374 1278 3450 computatis
1309 3371 1348 3432 de

345 3461 486 3537 progenie
509 3457 599 3520 Cbam
621 3460 741 3536 triginta
764 3476 842 3519 unus
864 3459 956 3536 geniti
978 3460 1157 3520 referuntur.

417 3649 431 3695 1
451 3641 540 3696 exiuit
554 3643 612 3705 νὸς
629 3641 697 3694 exiit
709 3641 797 3694 rellv
815 3642 826 3710 ΙΙ
842 3639 957 3694 niniven
973 3640 1087 3708 Gobpo
1105 3642 1115 3710 ΙΙ
1131 3639 1234 3694 roboth
1249 3639 1358 3695 V²AF

346 3715 436 3784 begga
454 3711 589 3766 throboth
604 3711 660 3780 1⁷²3
678 3710 802 3764 rhoboch
816 3711 860 3776 R,·
877 3709 1007 3764 Robooth
1019 3729 1036 3765 o
1049 3713 1059 3781 ll
1072 3716 1125 3767 iet
1134 3716 1166 3764 16
1185 3710 1301 3766 Ninives
1314 3713 1355 3781 vll

346 3789 380 3838 38
397 3801 470 3838 unus
484 3800 539 3852 pm
558 3799 644 3836 unum
664 3781 790 3837 VRAF
804 3782 861 3836 rell.
882 3783 958 3848 (128,
972 3785 1001 3848 6)
