3284 4459
556 532 596 571 on
611 530 754 572 emman
768 530 823 570 ner
836 529 862 570 n
876 530 938 569 xrv.
952 530 975 570 e.
989 532 1021 570 ιι.
1247 516 1290 577 29

282 667 382 726 vitiata
406 682 440 725 ac
462 665 619 745 depravata
641 665 753 745 iuerat,
783 672 884 725 sanata
906 672 996 743 atque
1018 671 1161 724 correcta.
1206 663 1290 724 Arbi-

282 755 375 814 trium
397 756 488 832 igitur
514 753 673 814 voluntatis
696 761 768 813 tunc
791 761 838 813 est
861 770 929 813 vere
952 752 1092 832 liberum,
1121 770 1189 812 cunr
1212 755 1292 813 vitiis

281 844 471 921 peccatisque
504 859 564 903 noo
597 843 695 901 servit.
741 840 811 901 Tale
844 841 943 901 datum
976 849 1022 901 est
1053 858 1070 899 a
1102 839 1176 920 lle03
1211 839 1291 920 qood

281 928 424 990 amissum
446 932 567 1009 proprio
590 926 673 1009 vitio,
702 931 758 989 nisi
781 946 798 989 a
820 948 880 1008 quo
904 929 968 989 dari
990 930 1100 1008 potuit,
1123 928 1208 988 reddi
1230 946 1290 989 non

281 1026 390 1097 potest.
434 1016 518 1078 Unde
536 1016 649 1077 Veritas
668 1017 752 1077 dicit:
775 1018 811 1077 st
827 1035 879 1078 vos
896 1019 992 1077 lilius
1009 1018 1195 1090 liberaverit,
1218 1024 1291 1078 tunc
1309 1029 1326 1076 o

282 1124 354 1167 vere
372 1108 463 1167 liberi
479 1109 574 1167 eritis.
618 1105 652 1165 ld
669 1108 767 1184 ipsum
785 1112 833 1165 est
854 1113 962 1184 autem,
985 1122 1019 1164 ac
1041 1106 1068 1165 si
1090 1103 1218 1165 diceret:
1239 1105 1291 1186 „Si

281 1212 335 1254 vos
364 1193 457 1254 Filius
484 1194 579 1255 salvos
607 1194 724 1273 lecerit,
757 1202 829 1253 trruc
855 1210 926 1253 rere
959 1193 1031 1253 salvi
1058 1187 1175 1253 eritis.“
1219 1192 1291 1253 lnde

282 1284 393 1361 quippe
415 1281 565 1362 liberator,
586 1281 665 1342 unde
689 1282 823 1341 salvator.

373 1369 495 1431 Vivebat
517 1373 615 1448 itaque
638 1369 726 1430 bomo
750 1370 914 1430 secundum
932 1368 1025 1430 Deum
1049 1371 1080 1429 in
1102 1368 1239 1448 paradiso
1262 1379 1292 1431 et

283 1457 429 1538 corporali
456 1467 487 1519 et
513 1458 645 1537 spiritali.
689 1458 792 1536 Neque
820 1460 900 1517 enim
922 1465 987 1518 erat
1009 1455 1163 1536 paradisus
1186 1470 1290 1537 corpo·
1310 1469 1346 1519 to

284 1547 353 1607 ralis
379 1557 503 1626 propter
530 1548 664 1625 corporis
692 1544 768 1605 bona
795 1554 826 1605 et
862 1553 986 1624 propter
1013 1547 1122 1605 mentis
1145 1564 1205 1606 non
1227 1554 1292 1607 erat

284 1635 436 1715 spiritalis3
465 1642 515 1695 aut
542 1652 613 1694 vero
641 1643 704 1694 erat
732 1633 873 1713 spiritalis
901 1651 960 1711 quo
987 1651 1042 1712 per
1071 1636 1230 1694 interiores
1261 1642 1292 1695 et

283 1742 343 1785 non
362 1732 425 1783 erat
444 1722 606 1802 corporalis
625 1740 684 1801 quo
707 1740 761 1801 per
784 1723 948 1782 exteriores
971 1735 1078 1782 sensus
1101 1722 1188 1782 bomo
1211 1724 1290 1783 irue-

282 1822 375 1874 retur.
420 1811 492 1871 Erat
517 1811 602 1891 plane
630 1819 790 1889 utrumque
818 1817 941 1889 propter
970 1817 1139 1888 utrumque.
1184 1810 1290 1871 Postea

282 1919 353 1961 vero
377 1918 463 1979 quam
490 1898 638 1978 superbus
669 1898 717 1958 ille
741 1898 863 1977 angelus
885 1916 920 1957 ac
942 1916 997 1977 per
1019 1898 1075 1959 boc
1098 1899 1224 1959 invidus¹
1237 1917 1292 1978 per
1310 1910 1345 1959 lo

282 1988 422 2049 eandem·
439 1986 607 2067 superbiam
636 2006 651 2047 a
680 1986 741 2046 Deo
769 1987 803 2046 ad
832 1995 928 2046 semet
954 1988 1052 2065 ipsum
1076 2004 1238 2047 conversus
1261 1998 1291 2047 et

282 2078 411 2156 quodam
430 2079 515 2155 quasi
533 2078 686 2155 tyrannico
709 2075 786 2135 fastu
810 2074 940 2153 gaudere
962 2074 1090 2135 subditis
1112 2090 1200 2153 quam
1224 2092 1290 2135 esse

281 2164 420 2225 subditus
450 2164 562 2242 eligens
592 2162 628 2223 de
661 2162 786 2242 spiritali
820 2162 956 2241 paradiso
987 2163 1094 2223 cecidit
1123 2158 1174 2243 (de
1204 2166 1291 2223 cuius

282 2254 366 2332 lapsu
395 2254 603 2329 sociorumque
631 2254 712 2331 eius,
744 2252 796 2330 qni
823 2269 860 2310 ex
886 2250 998 2329 angelis
1021 2250 1075 2310 Dei
1101 2251 1198 2329 angeli
1226 2254 1291 2311 eius

283 2343 381 2402 ellecti
400 2348 478 2421 sunt,
502 2343 531 2399 in
551 2339 634 2399 libris
652 2339 809 2399 undecimo
828 2348 859 2399 et
881 2337 1056 2399 duodecimo
1079 2338 1168 2400 huius
1191 2343 1291 2418 operis
1309 2352 1345 2401 ao

283 2432 369 2510 satis,
400 2437 544 2507 quantum
576 2430 672 2507 potui,
705 2422 882 2508 disputavi),
914 2426 1081 2487 malesuada
1107 2431 1237 2488 versutia
1259 2430 1290 2488 in

283 2518 412 2577 hominis
435 2534 556 2577 sensum
580 2534 701 2595 serpere
725 2516 874 2594 affectans,
897 2517 946 2575 cui
968 2518 1073 2593 utique
1097 2518 1195 2596 stanti,
1218 2535 1290 2595 quo·

284 2608 364 2665 niam
385 2607 448 2683 ipse
471 2603 628 2684 ceciderat,
650 2602 812 2683 invidebat,
835 2602 991 2663 colubrum
1013 2605 1045 2664 in
1067 2604 1202 2682 paradiso
1226 2623 1291 2665 cor-

283 2692 387 2773 porali,
409 2692 462 2753 ubi
481 2692 684 2754 cumduobus
702 2692 759 2751 illis
778 2690 956 2771 hominibus,
975 2691 1106 2752 masculo
1125 2701 1155 2752 et
1173 2692 1291 2773 femina,

283 2781 419 2842 animalia
445 2784 533 2841 etiam
561 2782 714 2841 terrestria
737 2788 836 2839 cetera
859 2778 976 2840 subdita
999 2788 1030 2840 et
1051 2782 1170 2840 innoxia
1192 2799 1289 2841 versa·
1309 2793 1345 2842 to

284 2870 407 2951 bantur,
434 2868 540 2929 animal
570 2868 684 2929 scilicet
712 2866 860 2928 lubricum
891 2874 923 2927 et
943 2870 1088 2928 tortuosis
1110 2868 1292 2929 anfractibus

284 2957 403 3040 mobile,
426 2959 509 3037 operi
529 2974 582 3017 suo
602 2974 776 3035 congruum,
799 2973 961 3035 perquem
984 2955 1166 3033 loqueretur,
1190 2957 1292 3038 elegit3

284 3066 380 3126 eoque
408 3063 462 3125 per
491 3044 650 3123 angelicam
682 3046 880 3123 praesentiam
907 3045 1212 3124 praestantioremque
1242 3063 1291 3105 na·

283 3146 382 3197 turam
406 3134 529 3213 spiritali
556 3134 688 3211 nequitia
716 3132 772 3192 sibi
799 3132 934 3192 subiecto
957 3140 987 3193 et
1009 3139 1158 3210 tamquam
1181 3135 1291 3195 instru-

284 3230 385 3285 mento
408 3221 533 3283 abutens
556 3221 667 3281 lallacia
689 3222 904 3281 sermocinatus
935 3230 982 3280 est
1003 3221 1142 3302 feminae,
1169 3230 1291 3301 aparte
1311 3236 1347 3283 aa

284 3312 399 3373 scilicet
416 3312 557 3371 interiore
581 3308 660 3369 illius
682 3307 826 3368 humanae
850 3308 972 3387 copulae
995 3311 1149 3390 incipiens,
1172 3318 1206 3369 ut
1228 3329 1290 3388 gra·

284 3400 377 3460 datim
404 3400 573 3478 perveniret
600 3396 636 3457 ad
664 3405 772 3476 totum,
801 3414 861 3455 non
890 3399 1061 3457 existimans
1088 3400 1185 3458 virum
1207 3398 1292 3459 facile

285 3488 441 3549 credulum
464 3504 520 3547 nec
538 3484 665 3547 errando
687 3502 775 3564 posse
798 3484 904 3564 decipi,
927 3484 979 3545 sed
1002 3483 1072 3545 dum
1095 3485 1191 3562 alieno
1214 3486 1294 3547 cedit

353 3596 391 3650 10.
411 3600 436 3660 8,
451 3594 513 3648 36(
540 3638 542 3647 .

356 3725 388 3775 16
403 3721 432 3774 et
445 3736 495 3773 om.
511 3719 570 3773 abo
584 3720 593 3788 {l
607 3724 641 3771 22
656 3734 767 3772 sensum
783 3718 974 3787 VAFGelp3
989 3734 1071 3771 sensu
1085 3718 1137 3784 ob3
1151 3733 1248 3770 sensns
1261 3721 1296 3790 vll

283 3797 318 3845 30
336 3790 452 3845 fallacia
470 3789 620 3857 Arlape
638 3788 783 3847 fallaciam
807 3789 948 3859 V(?)abel
