3284 4459
314 458 378 522 236
717 469 738 510 s.
753 469 919 512 auousrnu

314 607 365 682 qui
383 612 488 683 putant
503 621 567 666 uon
586 601 622 664 ab
641 621 677 664 eo
697 603 798 684 iactos,
822 605 879 663 nisi
899 606 949 682 qui
972 612 1199 683 praenotantur:
1223 605 1325 682 Ipsius

315 695 431 764 david·
458 695 510 772 qui
537 711 606 752 vero
635 691 743 752 habent
770 693 802 750 in
831 691 938 753 titulis:
967 693 1032 768 Ipsi
1054 693 1169 766 Dauid,
1199 692 1236 754 ab
1258 693 1325 754 aliis

315 782 407 842 lactos
427 799 569 858 personae
589 782 683 859 ipsius
702 781 793 840 luisse
818 789 976 858 coaptatos.
1023 779 1103 851 Quae
1127 783 1227 859 opinio
1251 800 1323 840 voce

315 869 481 946 evangelica
511 869 669 942 salvatoris
697 870 791 946 ipsIus
814 868 976 948 refutatur,
1004 868 1055 928 ubi
1078 871 1133 950 ait,
1156 869 1234 947 quod
1258 872 1324 948 lpse

281 957 406 1018 sllavid
435 959 465 1018 in
493 959 598 1036 spiritu
628 955 779 1016 Christum
803 955 915 1018 dixerit
942 974 1008 1016 esse
1036 956 1192 1018 Dominum
1223 976 1325 1038 suum3

316 1048 455 1125 quoniam
468 1045 598 1124 psalmus
615 1046 817 1106 centensimus
833 1062 930 1104 nonus
948 1047 991 1105 sie
1013 1047 1130 1124 incipit:
1153 1046 1242 1106 Dixit
1263 1048 1324 1107 Do·

315 1139 414 1195 minus
441 1135 568 1194 Domino
595 1150 675 1194 meo:
700 1133 780 1197 Sede
803 1151 823 1192 a
847 1135 965 1194 dextris
987 1137 1072 1206 meis,
1096 1135 1192 1194 donee
1210 1151 1325 1210 ponam

316 1227 453 1284 inimicos
481 1231 547 1286 tuos
574 1223 874 1296 scabellomspedom
901 1229 1029 1282 tuorum.
1074 1221 1113 1282 Et
1140 1230 1221 1282 certe
1244 1221 1324 1284 idem

316 1311 445 1390 psalmus
461 1329 464 1344 >
479 1328 538 1370 non
570 1308 658 1370 habet
689 1311 720 1368 in
754 1309 855 1371 titulo:
887 1310 987 1384 Ipsius
1016 1311 1130 1385 David,
1162 1309 1228 1370 sed:
1261 1312 1328 1386 Ipsi

264 1401 435 1473 rodoald,
468 1401 545 1460 sicut
576 1398 704 1476 plurimi.
758 1395 829 1456 Mihi
857 1406 957 1458 autem
987 1397 1157 1460 credibilius
1186 1397 1326 1461 videntur

317 1490 498 1568 existimare,
528 1489 580 1564 qui
603 1503 705 1546 omnes
722 1483 793 1545 illos
817 1494 936 1546 centum
960 1495 991 1546 et
1013 1488 1225 1564 quinquaginta
1248 1487 1324 1565 psal·

317 1594 382 1640 mos
401 1577 465 1636 elus
483 1577 567 1654 operi
591 1573 726 1635 tribuunt
749 1590 876 1650 eumque
895 1573 1009 1651 aliquos
1027 1583 1217 1652 praenotasse
1235 1577 1325 1636 etiam

317 1662 486 1726 nominibus
515 1661 639 1724 eborum
666 1660 789 1740 aliquid,
817 1661 895 1738 quod
919 1661 955 1721 ad
979 1680 1043 1722 rem
1065 1665 1228 1743 pertineat,
1251 1663 1324 1741 figu-

317 1751 465 1830 rantibus,
493 1758 608 1812 ceteros
636 1759 734 1810 autem
762 1747 871 1810 nullius
894 1749 1022 1810 hominis
1044 1768 1153 1811 nomen
1174 1753 1207 1810 in
1228 1751 1326 1811 titulis

265 1839 426 1902 rehabere
457 1838 599 1918 voluisse,
631 1839 707 1898 sioau
739 1839 771 1896 ei.
796 1839 945 1897 varietatis
974 1839 1063 1898 huius
1092 1838 1326 1920 dispositionem,

318 1929 449 2005 quamvis
472 1925 661 2005 latebrosam,
677 1943 748 1984 -non
772 1931 870 1986 tamen
893 1928 1011 1986 inanem
1031 1926 1176 1988 Dominus
1199 1930 1324 2006 inspira·

318 2017 367 2078 vit.
411 2014 473 2078 Nec
506 2032 623 2074 morere
656 2012 744 2074 debet
775 2013 810 2072 ad
841 2013 900 2073 hoc
931 2032 990 2074 non
1023 2015 1217 2096 credendum,
1245 2015 1324 2094 quod

319 2103 528 2164 rionnullorum
556 2103 674 2162 nomina
701 2101 928 2182 prophetarum,
956 2105 1020 2180 qui,
1035 2103 1121 2182 louge
1144 2112 1211 2182 post
1233 2103 1324 2164 David

318 2195 397 2270 regis
430 2199 562 2270 tempora
594 2191 728 2268 luerunt,
761 2189 937 2268 quibusdam
969 2191 1088 2270 psalmis
1117 2194 1148 2251 ln
1180 2211 1216 2252 eo
1248 2191 1326 2251 libro

266 2295 299 2343 20
318 2280 458 2358 leguntur
483 2281 623 2358 iuscripta
648 2286 678 2338 et
701 2295 775 2356 quae
803 2277 846 2339 ibi
875 2277 1014 2338 dicuntur
1037 2279 1117 2340 velut
1139 2279 1176 2339 ab
1199 2283 1242 2340 eis
1266 2280 1324 2339 diei

318 2369 463 2429 videntur.
513 2367 616 2447 Neque
651 2368 729 2426 enim
761 2383 821 2425 non
851 2369 949 2443 potuit
979 2367 1171 2446 propheticus
1201 2371 1327 2447 spiritus

318 2456 506 2535 prophetanti
536 2457 599 2534 regi
629 2454 717 2514 David
749 2453 820 2512 haec
850 2456 938 2514 etlam
970 2456 1140 2516 luturorum
1167 2456 1323 2535 propheta·

316 2563 385 2608 rum
416 2547 533 2605 nomina
560 2543 706 2622 revelare,
738 2551 771 2602 ut
798 2541 924 2622 aliquid,
952 2545 1030 2621 quod
1053 2562 1157 2604 eorum
1177 2563 1327 2624 personae

319 2634 503 2712 conveniret,
531 2631 702 2710 prophetice
731 2638 916 2710 cantaretur3
944 2634 1022 2692 siout
1048 2650 1102 2692 rex
1125 2631 1216 2692 losias
1238 2650 1324 2692 exor-

266 2735 299 2784 sa
320 2730 405 2780 taurus
433 2730 462 2780 et
489 2729 667 2798 regnaturus
695 2727 762 2797 post
789 2736 882 2778 annos
910 2719 1034 2798 amplius
1063 2738 1150 2798 quam
1173 2730 1329 2798 trecentos

319 2810 449 2890 curidum
461 2807 637 2889 prophetae,
665 2809 716 2885 qui
743 2808 832 2866 etiam
858 2807 937 2867 lacta
960 2809 1025 2868 eius
1048 2809 1147 2868 lutura
1171 2807 1329 2888 praedixit,

319 2915 387 2958 cum
410 2914 464 2956 suo
488 2898 605 2958 nomine
628 2895 775 2955 revelatus
799 2904 853 2956 est.
960 2969 963 2972 ⁴

717 3047 836 3112 Garun
855 3049 926 3115 XV.

319 3163 366 3243 Aa
389 3163 503 3234 omnio,
532 3176 610 3233 quoe
639 3161 670 3218 in
695 3161 819 3233 psalmis
848 3161 886 3219 de
912 3161 1030 3221 Christo
1053 3169 1083 3222 et
1104 3147 1234 3222 eeclesia
1252 3178 1327 3237 pro·

266 3264 300 3311 30
337 3251 520 3325 phetohtor,
544 3248 587 3308 od
608 3253 781 3307 contextum
803 3249 894 3310 holos
917 3251 1017 3324 operis
1040 3250 1212 3317 adhibendo
1234 3253 1303 3314 sint.

408 3370 492 3434 Nunc
522 3372 580 3430 iam
610 3370 761 3448 expectari
789 3388 804 3428 a
832 3388 879 3429 me
910 3370 1007 3450 video,
1036 3379 1070 3430 ut
1091 3370 1146 3430 hoc
1169 3370 1234 3431 loco
1257 3371 1326 3432 libri

316 3460 407 3520 huius
440 3461 568 3538 aperiam
599 3458 668 3536 quid
702 3459 732 3517 in
764 3457 885 3536 psalmis
919 3457 1007 3519 David
1035 3459 1074 3519 de
1104 3458 1228 3518 Domino
1258 3459 1325 3520 lesu

391 3581 417 3645 e)
436 3577 485 3632 Mt.
505 3553 547 3644 aa
566 3581 609 3630 oe.
647 3577 692 3642 eo)
711 3573 755 3628 Ps.
776 3579 826 3627 145
846 3591 905 3642 sqq.
942 3579 987 3644 aa)
1007 3583 1030 3629 1.
1049 3575 1117 3644 neg.
1138 3581 1178 3631 1³.

319 3689 530 3698 ..μ--ῄ

391 3742 425 3790 30
443 3735 604 3790 adhibenda
622 3735 701 3806 Ffdl
722 3735 880 3803 coaptanda
893 3752 958 3804 ,ppo
