3284 4459
324 517 386 582 150
630 559 631 564 η
729 529 751 572 s.
765 530 931 572 sponsum

321 667 422 743 genuit
444 665 603 746 Abraham,
631 668 679 726 cui
710 683 834 727 numero
857 665 964 726 additis
986 668 1172 746 septuaginta
1195 667 1329 744 quinque
1421 692 1423 697 ·

321 755 422 833 annis,
454 772 530 833 quos
562 753 665 834 agebat
697 753 858 834 dbralram,
890 754 1007 832 quaudo
1039 772 1179 834 egressus
1211 765 1258 816 est
1290 754 1329 814 de

321 841 440 922 Charra,
462 843 537 904 siunt
559 845 770 903 annicentum
793 842 986 922 quadraginta
1008 844 1149 922 quinque.
1195 842 1252 903 Tot
1273 844 1328 920 igi·

321 939 371 990 tur
398 947 541 991 annorum
571 940 634 992 erat
661 929 770 1010 Thana,
799 929 917 1009 quando
943 933 1016 991 exiit
1042 930 1187 991 Abraham
1215 931 1251 990 de
1279 930 1330 990 illa

286 1017 546 1097 ullesopotamiac
577 1021 707 1098 civitate3
736 1017 840 1098 agebat
869 1021 949 1078 enim
982 1036 1091 1080 aunum
1124 1021 1227 1079 aetatis
1256 1034 1329 1079 suae

224 1153 225 1157 ,
322 1109 591 1186 septuagensimum
614 1109 759 1187 quintum,
782 1124 816 1166 ac
834 1124 889 1185 per
906 1106 963 1166 hoc
981 1116 1064 1186 pater
1087 1109 1162 1187 eius,
1184 1108 1236 1185 qui
1258 1124 1330 1168 eum

322 1197 558 1274 septuagensimo
582 1213 666 1256 anno*
683 1212 737 1255 suo
760 1203 917 1274 genuerat,
939 1193 1058 1276 agebat,
1082 1204 1115 1255 ut
1138 1195 1249 1256 dictum
1272 1203 1329 1274 est,

321 1286 536 1345 centensimum
555 1283 832 1363 quadragensimum
848 1293 880 1344 ct
898 1285 1043 1361 quintum.
1080 1282 1145 1344 Nou
1164 1301 1235 1362 ergo
1258 1282 1328 1342 inde

321 1379 388 1451 post
410 1379 536 1432 mortem
559 1373 664 1451 patrie,
693 1370 722 1432 id
745 1380 791 1431 est
813 1380 881 1450 post
902 1371 1048 1432 ducentos
1071 1373 1202 1450 quinque
1226 1389 1329 1451 annos,

268 1471 300 1519 ιο
320 1459 427 1538 quibus
455 1469 539 1538 pater
567 1462 631 1520 eius
657 1461 741 1538 vixit,
770 1476 908 1538 egressus
937 1468 997 1539 est3
1023 1459 1075 1519 scd
1099 1476 1194 1520 annus
1218 1459 1253 1519 de
1276 1458 1329 1518 illo

320 1547 384 1608 loco
416 1549 607 1627 profectionis
645 1550 727 1625 eius,
763 1549 902 1625 quoniam
938 1549 1033 1626 ipsius
1068 1549 1329 1627 septuagensimus

320 1637 439 1714 quintus
468 1644 548 1716 erat,
576 1635 680 1715 procul
703 1634 792 1696 dubio
815 1637 909 1714 patris
932 1637 1009 1715 eius,
1039 1637 1091 1714 qui
1115 1653 1184 1696 curn
1208 1644 1328 1715 septua-

319 1726 452 1804 gensimo
476 1742 529 1786 suo
553 1742 629 1784 anno
652 1732 809 1803 genuerat,
840 1724 1040 1784 centensimus
1064 1724 1329 1804 quadragensimus

321 1813 442 1891 quintus
472 1813 563 1873 luisse
594 1812 749 1892 colligitur.
797 1812 838 1872 dc
864 1830 918 1891 per
948 1811 1005 1873 hoc
1027 1811 1257 1891 intellegendum
1279 1822 1330 1872 est

268 1913 299 1959 lo
321 1917 402 1960 more
432 1918 487 1960 suo
517 1902 692 1979 scripturam
716 1899 829 1960 redisse
857 1899 893 1960 ad
916 1909 1047 1981 tempus,
1076 1899 1236 1979 quodiam
1260 1917 1327 1960 oar·

320 1990 393 2050 ratio
423 1987 472 2050 illa
501 1990 672 2068 transierat3
705 1990 781 2050 sicut
811 1990 965 2070 superius,
997 2006 1065 2049 cum
1094 1988 1170 2049 tilios
1197 1988 1327 2048 liliorum

318 2075 380 2137 Noe
413 2086 684 2156 commemorasset,
707 2076 780 2136 dixit
813 2076 880 2136 illos
902 2077 994 2138 luisse
1017 2079 1048 2136 in
1070 2076 1180 2155 linguis
1203 2086 1233 2137 et
1255 2094 1327 2154 gen-

319 2163 398 2226 tibus
427 2167 506 2245 suis,
535 2174 565 2225 et
595 2174 693 2225 tamen
721 2174 839 2244 postea,
870 2166 953 2243 quasi
975 2163 1033 2224 hoc
1055 2166 1145 2225 etiam
1167 2167 1198 2225 in
1221 2164 1326 2225 ordine

319 2262 486 2331 temporum
505 2262 695 2331 sequeretur:
718 2252 758 2311 Et
776 2260 852 2326 erut,
871 2254 976 2332 inquit,
994 2255 1089 2314 omnis
1108 2253 1329 2314 terrulentum

267 2353 301 2402 ao
320 2358 412 2401 unum
442 2349 471 2403 et
497 2359 556 2402 nox
583 2357 646 2402 uno
674 2341 818 2402 omnibus.
865 2339 930 2410 Quo
957 2339 1044 2400 modo
1067 2357 1138 2419 ergo
1162 2339 1329 2400 secundum

320 2446 388 2490 suas
411 2437 515 2508 gentes
538 2436 568 2489 et
591 2428 755 2489 secundum
778 2446 847 2489 siras
869 2427 984 2507 linguas
1008 2437 1105 2509 erant,
1132 2430 1158 2488 si
1180 2445 1239 2488 uua
1262 2439 1328 2489 erat

318 2517 465 2598 omnibus,
488 2519 545 2577 uisi
568 2520 636 2596 quia
660 2515 695 2576 ad
718 2515 790 2577 illud
813 2515 893 2595 qsrod
916 2518 974 2576 iam
998 2518 1155 2577 transierat
1176 2518 1326 2596 recapitu-

318 2605 404 2666 lando
428 2613 474 2666 est
497 2623 615 2665 reversa
642 2599 793 2665 narratio?
830 2604 879 2664 Sic
903 2622 974 2683 ergo
997 2613 1028 2665 et
1049 2602 1098 2664 hic
1121 2622 1189 2664 cum
1212 2604 1327 2666 dictum

319 2703 410 2754 esset:
442 2694 482 2754 m
509 2692 639 2768 suerum
669 2695 733 2754 dies
764 2692 885 2754 Tharne
916 2696 947 2753 in
981 2692 1103 2753 enarra
1135 2696 1267 2769 quinque
1287 2702 1329 2754 =et

265 2783 443 2843 seducenti
465 2784 551 2856 unni,
582 2790 611 2842 et
639 2788 775 2842 mortuus
798 2789 843 2842 est
868 2780 971 2841 llroro
993 2784 1025 2841 in
1052 2781 1188 2856 Cdnrrn,
1219 2780 1326 2842 deinde

320 2872 466 2950 scriptura
493 2868 644 2930 redeundo
673 2868 708 2928 ad
736 2869 779 2948 id,
811 2869 890 2948 quod
917 2868 983 2928 idco
1011 2871 1262 2948 praetermiserat,
1292 2878 1327 2930 ut

319 2959 401 3038 prius
431 2957 466 3018 de
494 2957 590 3017 'lhara
616 2956 645 3017 id
674 2956 751 3036 quod
781 2957 952 3018 incohatum
981 2958 1078 3018 luerat
1108 2957 1324 3037 compleretur:

319 3047 359 3106 Et
381 3049 473 3120 dixit,
496 3047 605 3126 inquit,
628 3047 774 3107 Dominus
797 3047 841 3106 nd
860 3046 990 3105 Adrum:
1017 3045 1081 3106 Exi
1101 3048 1140 3107 de
1162 3053 1249 3107 terro
1271 3054 1327 3106 tuo

320 3143 350 3196 et
364 3144 470 3195 cetera.
497 3133 569 3194 Post
582 3152 657 3213 quae
672 3132 724 3193 tter
739 3132 827 3193 verba
841 3132 1044 3212 subiungitur:
1062 3133 1102 3193 Et
1116 3135 1326 3215 exittAbrom,

258 3236 300 3284 so
319 3240 405 3299 quem
433 3224 615 3283 admodum
642 3226 759 3283 locutus
788 3229 834 3282 cst
855 3225 901 3282 illi
921 3223 1079 3297 Dominus,
1108 3229 1137 3282 et
1158 3223 1235 3282 obiit
1256 3239 1327 3283 cnm

319 3329 354 3373 eo
372 3311 457 3372 Loto.
503 3311 616 3371 Abram
635 3317 734 3370 autem
757 3316 826 3370 erat
848 3313 980 3384 quinque
1003 3317 1033 3371 et
1054 3313 1246 3386 septuaginta
1270 3329 1325 3370 nn·

318 3416 440 3478 norum,
467 3415 535 3460 cum
562 3401 638 3459 extit
665 3415 705 3458 ex
731 3397 861 3458 Charra.
906 3396 1112 3476 Tuncitaque
1137 3398 1327 3480 factumest,

394 3527 436 3595 ιε)
461 3524 527 3579 oen.
553 3530 598 3592 ιο,
619 3531 660 3579 31.
735 3531 779 3594 ao)
804 3525 871 3581 Gen.
897 3533 943 3594 11,
964 3534 987 3582 1.
1059 3531 1105 3598 ao)
1128 3527 1196 3583 Gen.
1222 3535 1267 3597 11,
1287 3534 1330 3583 aa.

322 3597 365 3664 28)
386 3593 452 3649 Gen.
474 3602 554 3662 121.
610 3599 653 3663 32)
673 3595 740 3651 Gen.
761 3602 802 3664 12,
817 3604 842 3652 4.

319 3723 495 3844 mardasan-p
513 3734 562 3774 orn.
579 3720 606 3776 tt
618 3721 627 3788 ΙΙ
643 3726 674 3774 11
694 3721 746 3790 ips.
766 3737 848 3788 quon.
864 3723 909 3778 Re
922 3724 932 3792 ll
946 3728 979 3777 31
999 3727 1094 3778 numos
1111 3740 1162 3780 om.
1178 3724 1206 3778 R
1218 3725 1227 3792 ll
1241 3728 1275 3776 tt
1294 3723 1332 3778 de

390 3807 403 3841 r
