3284 4459
534 557 574 596 on
588 556 732 597 mmrarrr
745 556 799 600 ont
813 557 839 597 ιι.
853 557 914 598 xv1.
928 558 952 599 c.
965 560 997 598 ιι.
1012 559 1043 600 ra.
1219 540 1283 606 145

272 695 403 772 priorem
422 692 541 772 quidem
560 695 752 773 nominatum,
776 692 828 754 sed
847 693 933 772 longe
956 702 1024 772 post
1047 693 1170 755 tratrem
1192 710 1280 753 sunm

272 775 371 841 lactan
391 781 482 842 luisse
502 789 611 860 natum,
635 783 720 842 cuius
739 781 839 842 lactan
858 781 1013 843 duodecim
1037 781 1090 843 lilii
1113 790 1172 843 tam
1195 789 1283 860 gran*

271 870 325 930 des
353 873 410 931 iam
438 868 569 930 familias.
589 869 747 951 habereut,
774 878 808 930 ut
835 873 865 930 in
895 869 1010 949 linguas
1033 872 1168 951 proprias
1191 869 1281 930 dividi

272 967 404 1038 possent.
450 958 499 1019 Sic
529 959 608 1020 enim
635 961 731 1038 potuit
760 961 843 1038 prior
870 961 1111 1039 commemorari,
1138 959 1190 1037 qui
1217 969 1282 1019 erat

272 1054 369 1107 aetate
401 1050 564 1127 posterior,
597 1065 685 1126 quern
722 1046 758 1107 ad
790 1046 910 1108 modom
943 1049 1026 1127 prius
1059 1049 1317 1107 commemoratio

271 1144 346 1196 suot
377 1153 413 1195 cx
436 1135 535 1197 trihus
554 1135 622 1196 tiliis
645 1134 707 1196 Noe
730 1138 878 1214 procreati
901 1135 953 1195 lilii
976 1133 1113 1215 lapheth,
1144 1137 1194 1214 qui
1218 1143 1281 1196 erat

271 1225 413 1284 minimus
442 1241 560 1302 eorum3
583 1223 688 1284 deiude
712 1223 764 1284 filii
792 1223 893 1304 dhorn,
917 1226 967 1303 qui
991 1233 1056 1284 erat
1078 1223 1207 1302 medius;
1229 1241 1280 1302 po·

272 1323 385 1373 stremo
415 1312 468 1373 tilii
491 1311 578 1392 Sem,
605 1314 657 1391 qui
680 1319 743 1373 erat
769 1314 884 1391 primus
910 1321 941 1373 et
963 1314 1117 1372 maximus.
1162 1311 1281 1372 lllarnm

272 1409 374 1462 autern
397 1402 529 1479 gentium
556 1399 697 1461 vocabula
719 1401 827 1480 partim
850 1409 1039 1481 manserunt,
1061 1401 1102 1461 ita
1125 1408 1159 1460 ut
1181 1399 1280 1460 hodie·

271 1507 331 1569 que
355 1489 590 1570 appareatunde
609 1489 720 1550 luerint
742 1489 880 1569 derivata,
902 1491 981 1549 sicut
1003 1507 1039 1548 ex
1057 1489 1152 1549 Assur
1169 1488 1280 1566 Assyrii
1300 1492 1335 1541 10

271 1586 303 1640 et
336 1595 373 1638 ex
399 1577 498 1638 lleher
524 1576 664 1656 llebrae13
692 1579 799 1656 partim
826 1579 969 1657 temporis
996 1584 1142 1638 vetustate
1170 1583 1281 1636 mutata

274 1674 354 1747 sunt,
376 1667 417 1726 ita
434 1667 534 1727 utrix
557 1664 691 1725 homines
714 1664 876 1726 doctissimi
900 1666 1120 1744 antiquissimas
1142 1665 1281 1725 historias

272 1761 507 1835 perscrutantes,
529 1771 585 1814 nec
608 1755 753 1829 omnium,
783 1753 836 1813 sed
859 1753 1023 1832 aliquarum
1046 1755 1170 1814 existis
1192 1754 1280 1831 origi·

272 1861 328 1904 nes
347 1845 480 1921 gentium
498 1843 649 1922 potuerint
668 1843 808 1921 reperire.
853 1841 927 1902 Nam
946 1840 1025 1920 quod
1045 1859 1082 1901 ex
1103 1840 1163 1902 tilio
1182 1840 1281 1922 Cham,

271 1933 326 2011 qui
364 1929 522 1991 vocabatur
565 1929 721 2010 llesraim,
768 1929 903 2009 Aegyptii
939 1928 1135 2009 perhibentur
1177 1931 1282 2010 exorti,
1300 1934 1334 1983 lt

272 2018 354 2080 nulla
387 2018 435 2079 hic
466 2026 585 2080 resonat
614 2020 696 2097 origo
726 2017 873 2098 vocabuli,
903 2020 981 2079 sicut
1011 2035 1067 2078 nec
1095 2017 1281 2097 Aethiopum,

271 2110 327 2187 qui
358 2107 500 2167 dicuntur
530 2105 565 2166 ad
598 2123 666 2166 eum
693 2105 785 2168 filiurn
814 2106 905 2167 Cham
932 2108 1097 2186 pertinere,
1127 2108 1180 2184 qui
1201 2105 1282 2166 Chus

271 2195 439 2276 appellatus
467 2203 521 2254 est
565 2192 603 2255 lit
626 2197 651 2255 si
674 2196 771 2255 omnia
794 2195 1034 2276 considerentur,
1062 2194 1148 2274 plura
1170 2202 1281 2254 mutata

271 2301 364 2364 quam
387 2284 535 2343 manentia
558 2284 674 2343 nomina
698 2292 848 2362 apparent.

674 2523 789 2592 anur
812 2525 883 2591 XII.
1299 2537 1334 2586 ao

274 2656 325 2740 Be
347 2657 478 2716 articulo
497 2656 638 2730 temporis
661 2657 692 2714 in
711 2653 876 2727 Abraham,
900 2669 997 2728 aquo
1014 2661 1142 2714 sanctae
1162 2649 1281 2713 succes-

524 2745 616 2804 sionis
638 2757 731 2802 novuc
754 2743 835 2802 ordo.
852 2744 1034 2802 contexitur.

330 2915 333 2918 .
366 2865 450 2927 Nunc
469 2868 527 2926 iarn
545 2863 695 2926 videamus
713 2881 892 2944 procursum
914 2865 1039 2925 civitatis
1058 2864 1111 2925 llei
1133 2867 1221 2925 etiam
1244 2862 1281 2924 ab

274 2955 328 3016 illo
356 2953 480 3014 articulo
507 2954 664 3032 temporis,
695 2954 746 3030 qui
773 2952 869 3013 lactus
899 2959 945 3012 est
967 2954 998 3012 in
1020 2961 1103 3032 patre
1126 2951 1281 3032 Abraham,

276 3041 356 3102 unde
384 3043 488 3121 incipit
515 3059 580 3101 esse
607 3043 711 3101 notitia
734 3043 798 3101 eius
821 3039 1001 3120 evidentior,
1031 3049 1060 3101 et
1082 3039 1133 3101 ubi
1156 3039 1280 3100 clariora
1299 3052 1334 3100 25

275 3131 417 3209 leguntur
443 3131 587 3209 promissa
610 3127 721 3210 divina,
748 3147 824 3209 quae
851 3147 932 3190 nunc
953 3131 984 3189 in
1008 3127 1125 3189 Christo
1148 3128 1280 3189 videmus

274 3217 401 3298 impleri.
448 3216 531 3277 Sicut
553 3234 623 3296 crgo
652 3219 800 3297 scriptura
823 3226 923 3278 sancta
945 3215 1092 3277 indicante
1115 3216 1281 3298 didicimus,

275 3310 307 3366 in
336 3307 456 3385 regione
483 3303 696 3366 Chaldaeorum
724 3313 810 3366 natus
838 3314 884 3366 est
910 3304 1071 3384 Abraham,
1101 3323 1176 3384 quae
1198 3314 1279 3366 terra

274 3383 313 3462 ad
341 3411 466 3474 regnum
488 3392 640 3471 Assyrium
667 3391 842 3472 pertinebat.
887 3393 970 3472 Apud
994 3391 1154 3454 Chaldaeos
1181 3402 1280 3454 autem

271 3485 336 3568 iam
359 3483 446 3546 etiam
473 3488 546 3541 tunc
570 3483 795 3560 superstitiones
818 3483 925 3560 impiae
947 3479 1169 3561 praevalebant,
1192 3497 1281 3560 quem
1299 3493 1334 3541 eo

347 3635 393 3702 aa)
412 3631 480 3692 ean.
500 3639 541 3700 11,
560 3635 603 3686 aa.

271 3764 492 3774 ...----..-.

351 3835 384 3883 29
404 3829 541 3898 assyrium
561 3829 761 3899 VFtabepm
781 3827 949 3895 assyriorum
968 3829 1017 3884 Ro

331 3936 388 3968 auo.
402 3937 435 3968 u
449 3937 496 3969 cxv.
510 3938 558 3969 our.
581 3928 611 3967 Π.
1042 3917 1074 3966 10
